3825 5834
541 441 611 491 94
1476 429 1849 490 ΑΙΣΧΙΝΟΥ
1884 431 1936 488 Ο
1988 431 2164 490 ΠΕΡΙ
2211 431 2880 492 ΠΑΡΑΠΡΕΣΒΕΙΑΣ.

530 561 741 642 τρόποις
760 563 818 619 οὗ
857 557 1079 640 μετρίων
1104 559 1262 618 πάλιν
1292 557 1421 638 πρὸς
1442 559 1727 636 Αἰγινήτας
1754 561 1826 626 εἰς
1860 561 2088 637 πόλεμον

532 649 881 726 κατέστημεν,
918 651 1034 725 (174)
1066 650 1334 706 κάνταῦθα
1371 649 1467 705 οὐκ
1494 647 1645 726 ὀλίγα
1680 646 1960 725 βλαὸέντες
1997 652 2089 716 τῆς

533 739 627 816 μὲν
654 738 861 818 εἰρήνης
878 735 1298 812 ἐπεθυμήσαμεν,
1328 734 1627 806 Ἀνδοκίδην
1648 737 1691 794 δ’
1728 735 2091 815 ἐκπέμψαντες

530 827 657 906 πρὸς
680 824 795 893 τοὺς
828 823 1273 899 Λακεδαιμονίους
1308 825 1399 882 καὶ
1426 823 1545 891 τοὺς
1570 823 1920 902 συμπρέσὸεις
1947 824 2088 904 εἰρή-

529 938 624 985 νην
649 913 737 985 ἐτη
761 912 1040 992 τριάκοντα
1064 911 1352 988 ἠγάγομεν,
1376 910 1411 980 ἢ
1428 911 1515 968 τὸν
1532 913 1697 990 δῆμον
1719 911 1913 992 ὑψηλὸν
1936 904 2087 992 ἦρεν·

530 1003 680 1081 χίλια
711 1001 805 1077 μὲν
831 1001 933 1080 γὰρ
974 1001 1209 1058 τάλαντα
1242 1001 1607 1078 ἀνηνέγκαμεν
1652 1002 1980 1075 νομίσματος
2019 1001 2092 1067 εἰς

449 1124 501 1162 25
529 1071 626 1160 τὴν
650 1089 953 1169 ἀκρόπολιν,
973 1086 1157 1146 ἑκατὸν
1186 1086 1240 1145 δὲ
1263 1087 1486 1166 τριήρεις
1510 1087 1687 1166 ἑτέρας
1711 1087 2090 1166 ἐναυπηγησά-

531 1184 663 1254 μεθα
709 1179 799 1234 καὶ
838 1175 1147 1243 νεωσοίκους
1182 1175 1619 1256 ᾠκοδομήσαμεν,
1666 1177 1865 1254 χιλίους
1906 1179 1960 1235 δὲ
1999 1179 2088 1236 καὶ

530 1265 819 1332 διακοσίους
849 1265 1043 1330 ἱππέας
1086 1263 1609 1339 κατεστήσαμεν·καὶ
1646 1263 1856 1333 τοξότας
1886 1264 2092 1344 ἑτέρους

530 1354 810 1420 τοσούτους
828 1397 847 1430 ,
876 1351 971 1412 καὶ
994 1352 1053 1410 τὸ
1078 1351 1279 1431 μακρὸν
1322 1352 1490 1430 τεῖχος
1515 1353 1575 1411 τὸ
1601 1353 1769 1412 νότιον
1794 1353 2058 1431 ἐτειχίσθη
2073 1401 2088 1428 ,

530 1442 727 1502 καὶτὸν
742 1443 905 1518 δῆμον
930 1439 1094 1506 οὐδεὶς
1109 1439 1404 1519 ἐνεχείρησε
1428 1443 1739 1499 καταλῦσαι.
1770 1443 1885 1518 (175)
1919 1441 2090 1502 Πάλιν

533 1529 587 1588 δὲ
616 1531 687 1598 εἰς
714 1529 945 1606 πόλεμον
974 1526 1059 1586 διὰ
1088 1527 1366 1606 Μεγαρέας
1396 1527 1692 1594 πεισθέντες
1721 1534 2085 1607 καταστῆναι,

532 1616 623 1674 καί
658 1617 755 1688 τὴν
794 1617 975 1698 χώραν
1006 1620 1269 1692 τμηθῆναι
1301 1615 1577 1696 προέμενοι
1616 1616 1705 1674 καὶ
1732 1619 1940 1675 πολλῶν
1965 1619 2089 1696 ἀγα-

450 1727 504 1766 ao
532 1708 633 1762 θῶν
676 1705 1007 1782 στερηθέντες
1040 1703 1246 1782 εἰρήνης
1280 1703 1580 1780 ἐδεήθημεν,
1610 1703 1699 1761 καὶ
1728 1705 2087 1782 ἐποιησάμεθα

531 1789 616 1850 διὰ
646 1791 832 1852 Νικίου
862 1797 952 1849 τοῦ
987 1791 1309 1870 Νικηράτου.
1404 1792 1511 1852 Καὶ
1531 1791 1691 1849 πάλιν
1729 1794 1782 1850 ἐν
1807 1797 1880 1873 τῷ
1916 1793 2088 1873 χρόνῳ

530 1879 700 1960 τούτῳ
753 1879 1126 1958 ἑπτακισχίλια
1172 1879 1406 1937 τάλαντα
1462 1880 1822 1958 ἀνηνέγκαμεν
1874 1882 1944 1946 εἰς
1993 1881 2088 1950 τὴν

530 1968 812 2047 ἀκρόπολιν
841 1965 927 2024 διὰ
948 1967 1043 2037 τὴν
1072 1965 1280 2044 εἰρήνην
1300 1964 1520 2039 ταύτην,
1544 1967 1767 2045 τριήρεις
1792 1966 1835 2024 δ’
1864 1968 2090 2038 ἐκτησά-

530 2061 667 2132 μεθα
702 2053 959 2130 πλοΐμους
994 2053 1085 2114 καὶ
1115 2057 1333 2122 ἐντελεῖς
1370 2057 1465 2114 οὐκ
1505 2053 1751 2122 ἐλάττους
1790 2051 1825 2126 ἢ
1868 2077 2084 2135 τριακο-

526 2144 675 2215 σίας,
721 2146 874 2225 φόρος
917 2145 963 2200 δ’
1020 2143 1145 2218 ἡμῖν
1192 2146 1311 2201 κατ’
1368 2143 1599 2201 ἐνιαυτὸν
1657 2141 1876 2222 προσῄει
1931 2143 2086 2203 πλέον

528 2231 563 2304 ἢ
598 2231 746 2312 χίλια
790 2233 878 2290 καὶ
919 2231 1157 2288 διακόσια
1195 2229 1467 2303 τάλαντα,
1495 2229 1584 2289 καὶ
1628 2229 1956 2310 Χερρόνησον
1999 2226 2086 2287 καὶ

528 2319 705 2387 Νάξον
735 2318 827 2377 καὶ
856 2318 951 2390 τὴν
981 2317 1212 2378 Εὔὸοιαν
1243 2317 1477 2396 εἴχομεν,
1507 2317 1752 2384 πλείστας
1775 2317 1819 2375 δ’
1844 2318 2087 2388 ἀποικίας

446 2425 500 2465 36
526 2410 579 2465 ἐν
606 2407 712 2472 τοῖς
738 2407 941 2486 χρόνοις
965 2405 1163 2471 τούτοις
1186 2407 1591 2480 ἀπεστείλαμεν.
1680 2407 1801 2482 (17⁶)
1848 2406 1956 2466 Καὶ
2003 2429 2090 2464 το-

530 2496 681 2553 σαῦτ’
710 2493 915 2571 ἔχοντες
940 2491 1109 2568 ἀγαθὰ
1136 2492 1365 2566 πόλεμον
1386 2495 1449 2550 δι’
1476 2493 1733 2570 Ἀργείους
1754 2493 1882 2573 πρὸς
1906 2497 2084 2552 Λακε-

530 2579 825 2658 δαιμονίους
863 2579 1230 2656 ἐξηνέγκαμεν,
1259 2580 1551 2646 πεισθέντες
1580 2584 1669 2636 ὑπ’
1702 2579 1973 2660 Ἀργείων,
1997 2580 2088 2640 καὶ

528 2671 869 2736 τελευτῶντες
896 2671 955 2726 ἐκ
980 2672 1071 2738 τῆς
1098 2670 1201 2724 τῶν
1234 2667 1465 2745 ρητόρων
1495 2667 1793 2747 ἁψιμαχίας
1828 2669 1897 2732 εἰς
1929 2691 2082 2748 φρου·

531 2755 625 2834 ρόιν
647 2759 740 2826 τῆς
767 2755 966 2821 πόλεως
992 2752 1220 2820 καὶτοὺς
1242 2755 1601 2834 τετρακοσίους
1630 2757 1718 2811 καὶ
1742 2753 1855 2821 τοὺς
1884 2755 2088 2822 ἀσεὸεῒς

526 2843 805 2923 τριάκοντα
820 2843 1149 2918 ἐνεπέσομεν,
1173 2844 1265 2900 οὐκ
1284 2842 1489 2920 εἰρήνην
1513 2843 1879 2919 ποιησάμενοι,
1900 2844 2016 2901 ἀλλ’
2029 2847 2087 2902 ἐκ

528 2932 948 3012 προσταγμάτων
994 2928 1409 3010 ἠναγκασμένοι,
1501 2931 1673 2990 Πάλιν
1706 2929 1761 2988 δὲ
1811 2931 2086 3010 σωφρόνως

450 3035 503 3073 40
528 3019 908 3085 πολιτευθέντες
925 3063 943 3094 ‚
967 3018 1057 3076 καὶ
1076 3023 1167 3075 τοῦ
1190 3017 1355 3094 δήμου
1382 3018 1714 3084 κατελθόντος
1745 3019 1852 3076 ἀπὸ
1875 3021 2086 3092 Φυλῆς,

528 3106 763 3186 Ἀρχίνου
792 3106 881 3164 καὶ
906 3103 1287 3186 Θρασυὸούλου
1319 3103 1651 3184 προστάντων
1676 3109 1766 3162 τοῦ
1795 3105 1964 3182 δήμου
1996 3107 2086 3164 καὶ

525 3195 585 3253 τὸ
609 3193 681 3272 μὴ
710 3195 1051 3272 μνησικακεῖν
1087 3191 1216 3273 πρὸς
1242 3193 1499 3262 ἀλλήλους
1524 3189 1731 3268 ἔνορκον
1766 3197 1894 3268 ἡμῖν
1920 3217 2087 3252 κατα-

525 3281 847 3354 στησάντων,
868 3280 981 3340 ὄθεν
996 3280 1303 3359 σοφωτάτην
1326 3279 1515 3345 πάντες
1531 3277 1627 3350 τὴν
1646 3278 1795 3336 πόλιν
1821 3279 2088 3356 ἡγήσαντο

526 3363 690 3446 εἶναι,
722 3371 837 3446 (177)
865 3373 1131 3428 κάνταῦθα
1168 3365 1460 3446 ἀναφύντος
1486 3371 1575 3424 τοῦ
1606 3366 1772 3442 δήμου
1802 3367 1895 3425 καὶ
1927 3369 2088 3426 πάλιν

523 3457 573 3526 ἐξ
612 3461 777 3538 ἀρχῆς
806 3454 1113 3537 ἰσχύσαντος
1149 3454 1409 3532 ἄνθρωποι
1436 3453 1833 3534 παρέγγραπτοι
1871 3477 2086 3533 γεγενη·

526 3545 671 3622 μένοι
702 3548 945 3618 πολῖται,
977 3543 1068 3602 καὶ
1095 3543 1154 3601 τὸ
1194 3547 1373 3602 νοσοῦν
1401 3546 1492 3612 τῆς
1536 3543 1735 3608 πόλεως
1764 3542 1844 3600 ἀεὶ
1894 3566 2089 3622 προσα·

524 3633 729 3712 γόμενοι
764 3633 853 3692 καὶ
880 3632 1108 3706 πόλεμον
1135 3634 1194 3689 ἐκ
1217 3627 1450 3706 πολέμου
1476 3627 1891 3706 πολιτευόμενοι,
1922 3633 1974 3688 ἐν
1995 3630 2088 3707 μὲν

419 3737 489 3786 52
528 3721 704 3800 εἰρήνῃ
747 3718 813 3778 τὰ
842 3719 981 3777 δεινὰ
1010 3723 1084 3798 τῷ
1114 3718 1254 3799 λόγῳ
1288 3715 1641 3796 προορώμενοι
1673 3717 1764 3775 καὶ
1798 3717 1892 3784 τὰς
1919 3717 2089 3798 ψυχὰς

524 3807 617 3873 τὰς
645 3806 942 3887 φιλοτίμους
967 3807 1056 3864 καὶ
1086 3805 1205 3863 λίαν
1246 3804 1413 3873 ὀξείας
1440 3805 1774 3884 ἐρεθίζοντες,
1808 3809 1860 3863 ἐν
1902 3805 1956 3864 δὲ
1983 3808 2088 3875 τοῖς

524 3895 769 3971 πολέμοις
798 3893 971 3952 ὅπλων
994 3898 1093 3973 οὐχ
1121 3893 1406 3971 ἁπτόμενοι
1422 3937 1436 3963 ,
1467 3893 1735 3960 ἐξετασταὶ
1760 3893 1813 3950 δὲ
1838 3892 1930 3952 καὶ
1955 3896 2088 3950 ἀπο-

527 3983 726 4048 στολεῖς
778 3981 1067 4057 γινόμενοι,
1118 3979 1577 4056 παιδοποιούμενοι
1634 3979 1690 4039 δὲ
1738 3979 1793 4047 ἐξ
1846 3983 2084 4059 ἑταιρῶν,

529 4069 706 4146 ἄτιμοι
738 4067 781 4126 δ’
810 4071 870 4126 ἐκ
898 4069 1274 4147 συκοριίντίας,
1311 4070 1381 4135 εἰς
1408 4067 1524 4134 τοὺς
1554 4067 1802 4146 ἐσχάτους
1829 4067 2088 4135 κινδύνους

526 4155 623 4227 τὴν
650 4156 801 4214 πόλιν
838 4162 1141 4224 καθιστᾶσι,
1172 4156 1229 4214 τὸ
1268 4154 1361 4230 μὲν
1391 4161 1484 4226 τῆς
1530 4157 1887 4234 δημοκρατίας
1924 4154 2088 4231 ὄνομα

470 4270 495 4308 s
526 4246 583 4304 οὗ
612 4249 715 4311 τοῖς
750 4243 926 4316 ἤθεσιν
958 4242 1095 4300 ἀλλὰ
1121 4247 1185 4322 τῇ
1216 4243 1462 4324 κολακεία
1490 4243 1881 4322 θεραπεύοντες,
1924 4266 2087 4302 κατα-

524 4333 729 4400 λύοντες
754 4331 805 4389 ὃὲ
831 4331 925 4402 τὴν
950 4331 1176 4408 εἰρήνην,
1198 4323 1234 4410 ᾗ
1252 4335 1285 4402 ἠ
1307 4331 1632 4444 δημοκρατία
1660 4332 1907 4403 σώζεται,
1934 4353 2085 4388 συνα·

524 4419 853 4499 γωνιζόμενοι
884 4417 938 4475 δὲ
963 4420 1065 4483 τοῖς
1094 4417 1367 4492 πολέμοις,
1396 4417 1447 4485 ἐξ
1476 4441 1546 4475 ων
1576 4421 1602 4475 δ
1632 4417 1792 4493 δῆμος
1825 4417 2087 4475 καταλύε-

524 4531 633 4566 ται.
720 4509 837 4588 (178)
864 4497 1025 4566 Οὗτοι
1045 4509 1133 4563 νῦν
1156 4507 1235 4564 ἐπ’
1259 4503 1352 4580 ἐμὲ
1380 4506 1751 4586 συστραφέντες
1772 4505 1976 4576 ἥκουσι,
1999 4503 2089 4563 καὶ

526 4596 654 4677 φασὶ
682 4593 777 4673 μὲν
808 4594 894 4652 τὸν
916 4593 1189 4654 Φίλιππον
1214 4594 1307 4664 τὴν
1336 4593 1543 4674 εἰρήνην
1572 4593 1823 4673 πρίασθαι
1852 4593 1941 4650 καὶ
1960 4615 2089 4671 προ·

524 4683 706 4742 λαὸεἷν
747 4688 897 4760 ἡμῶν
937 4684 989 4740 ἐν
1026 4683 1143 4748 ταῖς
1169 4680 1444 4752 συνθήκαις
1474 4681 1713 4751 ἅπαντα,
1746 4681 1812 4752 ἣν
1838 4681 1889 4737 δ’
1927 4681 2082 4747 αὐτὸς

527 4763 671 4851 εὗρεν
694 4770 900 4850 εἰρήνην
928 4773 1073 4850 αὑτῷ
1093 4767 1479 4850 συμφέρουσαν,
1497 4767 1691 4838 ταύτην
1720 4767 2088 4848 παραὸεὸηκέ-

442 4884 493 4922 ιο
526 4879 637 4920 ναι.
722 4857 856 4932 Ἐμὲ
886 4859 931 4914 δ’
965 4858 1065 4936 οὐχ
1084 4860 1153 4922 ὡς
1190 4855 1517 4936 πρεσὸευτὴν
1542 4855 1820 4932 κρίνουσιν,
1863 4854 1980 4914 ἀλλ’
2021 4859 2090 4922 ὡς

529 4943 788 5022 ἐγγυητὴν
836 4943 1109 5004 Φιλίππου
1157 4945 1248 5002 καὶ
1296 4947 1389 5016 τῆς
1440 4941 1670 5022 εἰρήνης·
1718 4942 1807 5000 καὶ
1857 4942 1944 5000 τὸν
1985 4946 2088 5000 τῶν

527 5031 699 5108 λόγων
734 5029 909 5110 κύριον
950 5031 1041 5098 τὰς
1085 5036 1187 5090 τῶν
1228 5029 1391 5112 ἔργων
1436 5028 1748 5108 προσδοκίας
1789 5033 2087 5088 ἀπαιτοῦσι.

529 5119 637 5179 Τὸν
670 5115 823 5176 αὐτὸν
854 5116 909 5175 δὲ
940 5121 991 5175 ἐν
1020 5117 1114 5196 μὲν
1155 5119 1259 5184 τοῖς
1286 5115 1616 5198 ψηφίσμασιν
1659 5117 1931 5188 ἐπαινέτην
1977 5115 2088 5174 δεί-

529 5229 706 5283 κνυμι,
725 5208 778 5266 ἐν
804 5203 859 5264 δὲ
885 5209 959 5286 τῷ
972 5205 1287 5286 δικαστηρίῳ
1305 5203 1583 5286 κατηγόρῳ
1610 5203 1895 5286 κέχρημαι.
1921 5201 2087 5264 Δέκα-

3467 437 3754 518 ‹sas—m)

2181 571 2404 632 ruissent,
2429 583 2598 622 rursus
2621 570 2852 634 AEginetis
2869 571 3050 621 bellum
3073 571 3326 622 intulimus
3345 575 3504 638 ²07⁴)
3527 579 3576 626 in
3595 593 3759 643 eoque

2180 687 2276 722 non
2299 673 2620 724 mediocribus
2643 675 2800 724 affecti
2834 674 3048 738 damniS,
3073 689 3242 738 pacem
3270 681 3626 744 expetivimus,
3653 689 3758 734 An·

2179 775 2350 826 «locide
2367 791 2480 826 cum
2507 779 2700 840 collegis
2719 779 2862 828 misso
2881 779 2944 828 ad
2967 781 3358 832 Lacedaemonios
3371 819 3386 844 ,
3407 787 3458 834 et
3479 799 3654 847 pacem
3673 791 3759 838 tri·

2179 880 2308 942 ginta
2325 895 2478 930 annos
2501 884 2828 944 servavimus,
2862 896 2973 946 quae
3005 885 3256 947 magnifice
3285 888 3522 950 populum
3553 893 3756 941 extulit.

2179 987 2300 1034 Nam
2325 985 2454 1035 mille
2471 987 2656 1036 talenta
2671 987 2870 1049 signatae
2903 987 3122 1050 pecuniae
3145 989 3194 1038 in
3211 1003 3374 1040 arcem
3401 993 3688 1054 retulimus,
3705 1001 3761 1046 et

2178 1087 2374 1135 cantum
2388 1087 2506 1136 alias
2519 1088 2740 1138 triremes
2763 1089 2982 1139 fabricati
3001 1105 3196 1152 sumus,
3217 1095 3264 1142 et
3290 1096 3479 1144 navalia
3509 1101 3762 1147 exstruxi·

2179 1201 2315 1249 mus,
2357 1192 2407 1239 ct
2442 1190 2628 1252 equites
2659 1191 2792 1241 mille
2831 1191 3065 1244 ducentos
3100 1197 3516 1261 comparavimus,
3545 1202 3598 1250 et
3635 1202 3762 1252 alios

2178 1289 2382 1339 totidem
2405 1293 2700 1356 sagittario-33
2728 1297 2915 1346 erectus
2937 1297 3052 1346 item
3073 1301 3146 1348 est
3169 1299 3342 1362 longus
3361 1316 3536 1354 murus
3557 1311 3758 1356 austra-

2178 1393 2265 1455 lis,
2287 1405 2444 1456 neque
2458 1396 2714 1459 quisquam
2733 1399 2918 1450 statum
2933 1403 3214 1464 popularem
3237 1407 3454 1456 evertere
3471 1409 3548 1457 est
3563 1422 3764 1472 aggres-

2178 1510 2272 1548 sus.
2305 1498 2436 1560 (175)
2464 1503 2648 1552 Rursus
2667 1515 2822 1564 quum
2843 1517 3132 1566 persuasum
3155 1507 3461 1570 nobisoescn
3481 1513 3540 1560 ut
3567 1512 3760 1563 bellum

2179 1601 2408 1653 adver-sus
2435 1607 2738 1668 Megarenses
2763 1609 3113 1670 susciperemus
3126 1647 3141 1671 ,
3175 1623 3316 1673 agros
3345 1615 3538 1665 nostros
3573 1619 3759 1666 vastari

2179 1704 2329 1767 passi,
2357 1707 2523 1756 multis
2543 1708 2679 1758 bonis
2701 1709 2915 1772 amissis,
2943 1723 3110 1774 pacem
3143 1715 3430 1776 petivimus,
3459 1721 3614 1781 atque
3637 1722 3758 1768 set-i·

2180 1821 2289 1858 mus
2311 1823 2396 1872 per
2415 1812 2598 1861 Niciam
2629 1813 2839 1864 Nicerati
2859 1815 3032 1867 tilium.
3099 1817 3179 1868 Sic
3207 1819 3382 1870 iterum
3419 1821 3512 1872 hoc
3531 1826 3764 1888 tempore

2179 1915 2360 1975 septem
2385 1916 2532 1965 millia
2555 1917 2788 1968 talentum
2817 1919 2882 1969 ob
2909 1921 3039 1983 pacis
3061 1922 3198 1974 istius
3229 1926 3486 1976 commoda
3511 1927 3562 1977 in
3589 1942 3758 1980 arm-m

2181 2017 2454 2076 retulimus,
2483 2023 2532 2068 et
2558 2021 2774 2072 triremes
2797 2023 3046 2086 expeditas
3075 2025 3223 2088 atque
3263 2028 3470 2091 integras
3501 2043 3604 2081 non
3632 2047 3758 2095 pau·

2179 2119 2332 2170 ciores
2359 2123 2586 2171 trecentis
2617 2128 3039 2188 comparavimus,
3069 2131 3184 2180 item
3217 2130 3386 2182 tributi
3408 2133 3612 2184 nomine
3637 2149 3755 2196 qno-

2177 2223 2335 2272 tannis
2365 2225 2495 2275 mille
2530 2226 2735 2278 ducenta
2767 2231 2946 2280 talenta
2969 2233 3018 2280 et
3042 2233 3250 2296 amplius
3273 2235 3413 2288 nubis
3433 2241 3570 2291 suere
3593 2250 3754 2306 pen-si-

2179 2328 2308 2388 tata,·
2338 2330 2582 2379 tenuimus
2609 2332 2957 2383 Chersonesum
2973 2371 2988 2394 ,
3030 2339 3249 2401 Naxum,
3291 2342 3558 2407 Euboeam,
3599 2351 3754 2412 pluri·

2178 2442 2375 2492 masque
2419 2431 2629 2481 colonias
2673 2433 2730 2484 iis
2769 2436 3067 2499 temporibus
3112 2439 3418 2492 deduximus.
3509 2449 3646 2506 (176)
3693 2456 3756 2502 Et

2178 2541 2329 2588 quum
2357 2531 2430 2578 tot
2451 2528 2589 2602 bonis
2610 2529 2920 2582 afflueremns
2934 2569 2950 2595 ‚
2975 2537 3168 2596 propter
3196 2536 3396 2600 Argivos
3417 2539 3604 2593 bellum
3629 2546 3754 2596 intu-

2178 2614 2322 2664 limus
2345 2617 2745 2679 Lacedaemoniis,
2776 2621 2960 2684 Argivis
2985 2623 3230 2686 obsecuti,
3261 2625 3418 2678 donec
3441 2632 3642 2682 tandem
3667 2650 3754 2697 per

2178 2715 2422 2762 oratorum
2443 2715 2743 2765 velitationes
2763 2730 2822 2766 eo
2839 2717 3123 2770 devenimus
3138 2756 3151 2779 ,
3171 2726 3223 2771 ut
3239 2725 3516 2785 praesidium
3533 2731 3648 2780 urbi
3667 2732 3754 2780 im·

2178 2813 2454 2873 poneretur,
2477 2813 2526 2860 et
2548 2811 2910 2874 quadringenti,
2938 2828 2997 2864 ac
3019 2819 3124 2876 post
3149 2817 3282 2880 impii
3303 2819 3503 2882 triginta
3523 2825 3720 2886 tyranni
3735 2865 3752 2886 ‚

2180 2918 2338 2954 rerum
2366 2908 2653 2968 potirentur,
2673 2924 2790 2972 pace
2813 2924 2910 2960 non
2932 2914 3060 2962 ultro
3081 2915 3227 2976 facta,
3251 2918 3334 2966 sed
3355 2919 3404 2968 vi
3425 2921 3568 2970 nobis
3593 2924 3750 2986 impe-

2179 3007 2300 3054 rata.
2369 3011 2551 3058 Rursus
2574 3009 2695 3058 bene
2715 3011 2959 3060 moderata
2979 3013 3220 3075 republica
3241 3015 3312 3064 usi
3327 3029 3498 3069 sumus
3515 3025 3698 3083 populo
3723 3038 3752 3072 e

2179 3099 2327 3162 Phyle
2355 3101 2579 3166 reducto,
2606 3105 2813 3154 Archino
2831 3108 2880 3154 it
2901 3107 3203 3168 Thrasybulo
3223 3112 3386 3172 populi
3405 3117 3570 3174 partes
3588 3115 3750 3166 desen·

2177 3193 2401 3246 dentibus
2418 3234 2432 3256 ‚
2459 3198 2698 3248 oblivione
2721 3200 3006 3261 injuriarum
3029 3201 3344 3264 jurejurando
3371 3209 3583 3268 sancita,
3621 3215 3750 3262 unde

2177 3303 2345 3340 omnes
2405 3292 2649 3342 civitatem
2709 3299 2922 3345 nostram
2984 3297 3380 3362 sapientissimam
3439 3303 3750 3370 judicarunt;

2180 3385 2308 3446 (177)
2344 3387 2462 3434 tunc
2489 3387 2666 3450 populo
2697 3393 2908 3438 recreato
2927 3427 2941 3450 ,
2975 3393 3122 3454 atque
3149 3393 3324 3442 iterum
3348 3396 3535 3446 viribus
3567 3407 3749 3464 aucto,
3795 3429 3797 3437 ι

2177 3477 2305 3526 cives
2323 3477 2607 3540 adulterini,
2623 3484 2674 3530 et
2690 3483 2854 3533 fraude
2873 3485 2918 3532 in
2939 3483 3101 3534 album
3121 3485 3330 3536 civitatis
3351 3490 3515 3552 relati,
3541 3493 3750 3546 subinde
3793 3541 3795 3560 ἰ

2177 3571 2476 3622 laborantem
2499 3575 2632 3626 urbis
2663 3579 2848 3638 partem
2875 3577 2962 3627 sibi
3007 3579 3353 3642 conciliarunt,
3384 3585 3436 3632 et
3459 3583 3648 3638 bellum
3685 3603 3750 3638 et
3793 3561 3795 3574 Ι

2177 3668 2304 3718 bello
2323 3671 2564 3719 severunt.
2591 3673 2712 3720 Nam
2736 3671 2784 3720 in
2809 3686 2924 3734 pace
2943 3673 3102 3725 verbis
3113 3677 3334 3739 pericula
3351 3679 3718 3741 amplificabant
3731 3719 3748 3742 ,
3791 3671 3793 3682 ’

2175 3765 2226 3812 et
2252 3765 2638 3827 praemonebant,
2667 3769 2814 3828 atque
2838 3769 3023 3818 animos
3057 3771 3278 3820 liberales
3297 3775 3346 3821 et
3383 3773 3530 3823 nimis
3563 3777 3752 3828 celeres

2176 3861 2568 3920 exstimulabant,
2587 3862 2638 3910 in
2657 3862 2794 3913 bellis
2807 3867 2970 3914 autem
2985 3875 3120 3916 anna
3131 3880 3229 3917 non
3243 3869 3560 3932 attingebant,
3577 3885 3752 3934 quamo

2177 3963 2253 4014 vis
2267 3968 2318 4014 et
2338 3979 2558 4015 censores
2579 3968 2759 4024 essent,
2779 3969 2827 4016 et
2845 3969 3068 4017 classium
3095 3971 3304 4031 praetecti
3317 4007 3334 4031 ,
3358 3973 3440 4034 qui
3463 3973 3666 4035 quidem
3687 3977 3749 4025 li·-
3785 4031 3787 4044 Ε

2177 4060 2316 4108 beros
2349 4071 2377 4108 e
2408 4059 2576 4108 scortis
2611 4059 2958 4124 suscipiebant,
2993 4064 3042 4111 et
3077 4063 3140 4112 ob
3168 4064 3493 4115 calumniandi
3528 4068 3748 4118 studium

2176 4155 2377 4206 infames
2393 4157 2544 4204 erant.
2569 4159 2627 4209 ni
2649 4157 2790 4218 igitur
2811 4159 3023 4207 nostram
3043 4157 3210 4208 urbem
3234 4159 3280 4207 in
3297 4161 3514 4210 extrema
3529 4163 3748 4223 pericula
3783 4185 3785 4188 ⁴

2178 4255 2471 4316 conjiciunt,
2506 4270 2658 4320 quum
2684 4256 2926 4320 popularis
2954 4257 3136 4320 imperii
3163 4271 3339 4307 nomen
3369 4273 3467 4307 non
3497 4261 3742 4320 moribus,
3781 4319 3783 4334 Ι

2177 4351 2260 4400 scd
2292 4351 2611 4401 assentatione
2641 4354 2833 4415 colant,
2858 4356 2907 4402 et
2929 4366 3095 4416 pacem
3129 4354 3352 4414 turbent,
3377 4367 3475 4418 qua
3499 4357 3747 4418 popularis
3779 4415 3781 4418 Α

2176 4455 2328 4502 status
2347 4455 2674 4514 conservatur,
2706 4455 2853 4516 atque
2874 4451 2931 4500 iis
2953 4455 3129 4502 navent
3149 4465 3342 4514 operam
3357 4488 3371 4512 ,
3400 4452 3486 4515 qui
3509 4455 3744 4516 populum

2178 4547 2316 4596 hellis
2335 4548 2614 4609 opprimunt
2637 4561 2650 4594 ε
2681 4547 2811 4608 (178)
2833 4545 2884 4595 hi
2913 4559 3044 4594 nunc
3066 4544 3333 4608 muglobati
3373 4558 3451 4596 me
3479 4545 3744 4610 invadunt,

2179 4657 2236 4694 ac
2257 4643 2528 4706 Philippum
2553 4655 2720 4705 pacem
2751 4641 2922 4691 emisse
2937 4640 3186 4700 dictitant,
3207 4643 3354 4702 atque
3371 4641 3419 4690 in
3439 4643 3749 4702 pactionibus
3775 4681 3777 4708 ξ

2177 4737 2338 4787 omnia
2365 4736 2502 4786 nobis
2523 4733 2855 4799 praeriptiisse3
2881 4748 3028 4797 quam
3059 4736 3222 4783 autem
3247 4746 3414 4796 pacem
3437 4741 3748 4788 conmeatus
3772 4801 3775 4818 1

2177 4835 2248 4884 est
2269 4833 2358 4882 sibi
2377 4831 2726 4882 conducibilem
2738 4867 2754 4892 ,
2773 4843 2880 4880 eam
2895 4831 3111 4880 violasse.
3177 4831 3254 4879 Me
3273 4843 3388 4878 vero
3405 4829 3476 4879 sie
3493 4835 3742 4892 accusant,

2179 4939 2274 4974 non
2293 4928 2348 4974 ut
2369 4926 2577 4987 legatum
2594 4958 2608 4984 ,
2641 4922 2726 4972 sed
2744 4923 2799 4973 ut
2819 4921 3021 4984 Philippi
3045 4923 3193 4982 atque
3223 4921 3524 4984 ipsiuspacis
3543 4937 3744 4986 sponso-

2179 5033 2280 5069 rem
2308 5039 2319 5069 :
2340 5021 2390 5069 et
2415 5031 2566 5082 quum
2585 5017 2842 5067 verborum
2859 5019 3052 5066 tantum
3075 5017 3284 5080 potestas
3305 5025 3452 5076 penes
3471 5031 3554 5067 me
3575 5019 3714 5068 merit.
3727 5055 3740 5078 ,

2179 5129 2340 5166 rerum
2377 5116 2677 5176 speratarum
2717 5111 3074 5176 praestationem
3104 5123 3133 5158 a
3175 5121 3254 5159 me
3287 5114 3570 5172 reposcunt.
3637 5115 3740 5162 Jaru

2177 5211 2385 5263 eundem
2407 5209 2651 5260 hominem
2682 5208 2732 5258 in
2753 5207 2958 5260 decretis
2985 5203 3286 5258 laudatorem
3317 5217 3488 5256 meum
3515 5207 3740 5268 ostendo,
