3825 5834
556 611 947 696 ἀπροσδοκήτου
990 612 1273 692 σωτηρίας,
1310 611 1427 680 τοὺς
1472 613 1565 690 μὲν
1612 613 1848 694 πρώτους
1890 615 2108 694 χρόνους

554 701 842 782 ὑπότρομος
875 691 938 771 ἦν
985 699 1281 778 ἄνθρωπος,
1310 699 1400 758 καὶ
1439 701 1643 780 παριὼν
1679 701 1897 778 Ιἡμιθνὴς
1925 701 2012 760 ἐπὶ
2050 701 2110 760 τὸ

560 792 710 864 βῆμα
747 785 1127 866 εἰρηνοφύλακα
1166 789 1303 864 ὑμᾶς
1345 785 1499 846 αὑτὸν
1536 787 1739 846 ἐκέλευε
1780 797 2106 868 χειροτονεῖν·

474 892 529 932 ω
556 877 703 949 ὑμεῖς
730 872 783 930 δὲ
812 873 949 932 κατὰ
976 873 1071 948 μὲν
1104 871 1222 940 τοὺς
1264 871 1497 953 πρώτους
1539 873 1752 953 χρόνους
1780 875 1885 933 οὐδ’
1914 875 2002 933 ἐπὶ
2043 875 2111 933 τὰ

553 959 867 1040 ψηφίσματα
904 962 1043 1018 εἰᾶτε
1084 958 1143 1016 τὸ
1184 958 1542 1036 Δημοσθένους
1575 959 1875 1039 ἐπιγράφειν
1908 962 2072 1036 ὄνομα
2091 1003 2107 1032 ,

556 1046 691 1104 ἀλλὰ
720 1049 1007 1106 Ναυσικλεῖ
1032 1051 1183 1103 τοῦτο
1210 1045 1585 1124 προσετάττετε
1603 1069 1618 1083 ·
1656 1047 1764 1104 νυνὶ
1802 1045 1849 1104 δ’
1888 1047 1991 1119 ἤδη
2022 1047 2110 1104 καὶ

558 1137 929 1213 στεφανοῦσθαι
960 1131 1111 1200 ἄξιοῖ.
1196 1133 1312 1210 (ιω)
1346 1131 1562 1204 Ἐπειδὴ
1586 1132 1631 1192 δ’
1667 1133 1970 1205 ἐτελεύτησε
1999 1133 2110 1194 Φί·

550 1221 770 1291 λιππος,
800 1218 1129 1298 Ἀλέξανδρος
1158 1219 1203 1276 δ’
1232 1221 1303 1285 εἰς
1330 1218 1424 1290 τὴν
1454 1217 1622 1298 ἀρχὴν
1661 1219 1920 1292 κατέστη,
1951 1220 2110 1278 πάλιν

556 1296 623 1364 αὗ
658 1305 1056 1385 τερατευόμενος
1094 1302 1209 1384 ἱερὰ
1254 1306 1349 1381 μὲν
1388 1306 1632 1381 ἱδρύσατο
1674 1307 2002 1380 Παυσανίου,
2042 1309 2114 1374 εἰς

554 1391 725 1450 αἰτίαν
754 1383 822 1450 ’δὲ
856 1391 1170 1468 εὐαγγελίων
1199 1391 1379 1458 θυσίας
1404 1393 1501 1464 τὴν
1541 1393 1731 1472 βουλὴν
1771 1393 2109 1465 κατέστησεν,

552 1479 850 1554 ἐπωνυμίαν
879 1480 925 1537 δ’
948 1476 1263 1558 Ἀλεξάνδρῳ
1288 1479 1563 1557 Μαργίτην
1593 1479 1811 1551 ἐτίθετο,
1837 1481 2109 1558 ἀπετόλμα

476 1588 528 1626 ιε
552 1563 607 1622 δὲ
634 1564 800 1641 λέγειν
832 1568 903 1631 ὡς
935 1568 991 1622 οὐ
1036 1566 1371 1636 κινηθήσεται
1398 1569 1457 1624 ἐκ
1500 1567 1853 1633 Μακεδονίας·
1899 1569 2109 1642 ἀγαπᾶν

549 1647 652 1731 γὰρ
671 1649 827 1710 αὐτὸν
848 1649 943 1732 ἔφη
972 1653 1021 1709 ἐν
1044 1651 1221 1729 Πέλλῃ
1242 1658 1624 1734 περιπατοῦντα
1644 1652 1816 1711 καὶτὰ
1832 1653 2111 1734 σπλάγχνα

552 1738 897 1818 φυλάττοντα.
937 1738 1046 1796 Καὶ
1072 1743 1235 1796 ταῦτα
1260 1739 1429 1816 λέγειν
1456 1739 1553 1820 ἔφη
1600 1741 1693 1798 οὐκ
1722 1741 1955 1813 εἰκάζων,
1992 1743 2110 1800 ἀλλ’

552 1823 781 1902 ἀκριὸῶς
805 1822 951 1890 εἰδὼς
982 1822 1061 1881 ὅτι
1085 1823 1305 1900 αἵματός
1346 1828 1482 1882 ἐστιν
1510 1831 1543 1896 ἡ
1584 1825 1741 1904 ἀρετὴ
1771 1825 1930 1902 ὠνία,
1962 1825 2112 1894 αὐτὸς

520 1910 646 1966 ,οὐκ
674 1908 807 1987 ἔχων
834 1900 968 1985 αἷμα
998 1910 1089 1968 καὶ
1112 1914 1315 1988 θεωρῶν
1342 1911 1431 1969 τὸν
1458 1911 1781 1991 Ἀλέξανδρον
1816 1915 1909 1972 οὐκ
1933 1917 1991 1972 ἐκ
2018 1916 2109 1982 τῆς

550 1993 885 2076 Ἀλεξάνδρου
934 1996 1135 2074 φύσεως
1178 1999 1299 2055 ἀλλ’
1340 2000 1401 2055 ἐκ
1444 2002 1537 2068 τῆς
1584 2003 1769 2057 ἑαυτοῦ
1817 1999 2106 2078 ἀνανδρίας.

552 2084 669 2162 (εει)
696 2078 841 2153 Ἤδη
868 2084 913 2141 δ’
939 2083 1303 2165 ἐψηφισμένων
1324 2086 1607 2146 Θετταλῶν
1618 2085 2006 2165 ἐπιστρατεύειν
2025 2087 2111 2144 ἐπὶ

467 2187 524 2226 80
552 2169 649 2240 τὴν
676 2171 931 2250 ὑμετέραν
956 2172 1125 2244 πόλιν,
1146 2171 1235 2231 καὶ
1257 2178 1347 2230 τοῦ
1371 2171 1641 2230 νεανίσκου
1676 2171 1734 2230 τὸ
1762 2176 1968 2252 πρῶτον
2001 2197 2110 2231 πα-

552 2255 869 2335 ροξυνθέντος
892 2258 1128 2328 εἰκότως,
1154 2256 1333 2326 ἐπειδὴ
1356 2257 1473 2337 περὶ
1504 2258 1691 2330 Θήὸας
1712 2250 1776 2329 ἦν
1802 2259 1862 2316 τὸ
1888 2259 2110 2337 στρατό-

547 2345 721 2415 πεδον,
754 2343 1077 2422 πρεσὸευτὴς
1122 2347 1207 2424 ὑφ’
1249 2346 1395 2421 ὑμῶν
1442 2343 1843 2424 χειροτονηθείς,
1883 2345 2112 2426 ἀποδρὰς

546 2432 609 2490 ἐκ
656 2430 819 2504 μέσου
866 2434 955 2488 τοῦ
1005 2431 1324 2510 Κιθαιρῶνος
1366 2423 1491 2502 ἧκεν
1529 2431 1887 2512 ὑποστρέψας,
1922 2430 2029 2490 οὔτ’
2057 2433 2110 2489 ἐν

552 2519 731 2596 εἰρήνῃ
778 2516 884 2576 οὔτ’
926 2519 977 2574 ἐν
1027 2517 1245 2598 πολέμῳ
1290 2517 1550 2597 χρήσιμον
1606 2519 1789 2578 ἑαυτὸν
1838 2517 2108 2598 παρέχων.

552 2604 662 2662 Καὶ
683 2603 743 2661 τὸ
770 2603 979 2660 πάντων
1003 2601 1314 2674 δεινότατον,
1343 2605 1488 2680 ὑμεῖς
1528 2604 1624 2681 μὲν
1650 2610 1829 2663 τοῦτον
1858 2607 1916 2662 οὐ
1947 2603 2110 2684 προῦ-

547 2692 695 2762 δοτε,
719 2689 826 2747 οὐδ’
856 2689 1065 2746 εἰάσατε
1088 2693 1327 2769 κριθῆναι
1353 2693 1406 2748 ἐν
1432 2693 1507 2772 τῷ
1534 2694 1634 2748 τῶν
1665 2688 1936 2761 Ἑλλήνων
1963 2713 2108 2748 συνε-

553 2777 710 2856 δρίῳ,
736 2768 879 2841 οὗτος
906 2776 951 2834 δ’
978 2779 1114 2851 ὑμᾶς
1136 2781 1224 2833 νῦν
1244 2777 1591 2856 προδέδωκεν,
1615 2775 1759 2856 εἰπερ
1783 2778 1952 2848 ἀληθῆ
1975 2779 2110 2836 ἐστιν

471 2875 525 2915 ³⁵
554 2862 588 2920 ἃ
614 2863 841 2939 λέγεται.
928 2863 1047 2940 (1⁶¹2)
1094 2863 1193 2930 Ὡς
1224 2863 1326 2942 γάρ
1374 2885 1527 2941 φασιν
1569 2865 1617 2920 οἱ
1666 2863 1905 2944 Πάραλοι
1942 2863 2031 2922 καὶ
2064 2866 2111 2922 οἱ

549 2949 963 3030 πρεσὸεύσαντες
1002 2950 1131 3028 πρὸς
1173 2948 1499 3032 Ἀλέξανδρον
1544 2948 1653 3027 (καὶ
1692 2949 1751 3008 τὸ
1784 2959 2001 3030 πρᾶγμα
2033 2953 2109 3009 εἰ·

549 3038 713 3104 κότως
758 3036 1117 3116 πιστεύεται),
1169 3035 1279 3095 ἔστι
1329 3061 1407 3104 τις
1456 3037 1725 3117 Ἀριστίων
1780 3039 2109 3110 Πλαταϊκός,

549 3129 578 3182 6
598 3131 689 3182 τοῦ
712 3125 762 3183 Ἀ
772 3123 1104 3203 ριστοὸούλου
1122 3129 1215 3182 τοῦ
1238 3125 1665 3206 φαρμακοπώλου
1686 3123 1822 3198 υἱός,
1845 3124 1894 3183 εἰ
1906 3149 1986 3192 τις
2008 3125 2110 3205 ἄρα

549 3212 641 3270 καὶ
668 3216 813 3285 ὑμῶν
840 3209 1101 3290 γινώσκει.
1186 3204 1355 3278 Οὗτός
1380 3235 1505 3270 ποτε
1547 3216 1576 3271 6
1620 3211 1881 3278 νεανίσκος
1925 3211 2110 3292 ἑτέρων

548 3300 645 3369 τὴν
674 3299 791 3378 ὄψιν
838 3300 1093 3379 διαφέρων
1120 3300 1390 3376 γενόμενος
1424 3299 1600 3379 ᾤκησε
1637 3297 1801 3358 πολὺν
1842 3298 2028 3380 χρόνον
2059 3302 2111 3357 ἐν

551 3392 617 3465 τῇ
646 3387 1007 3464 Δημοσθένους
1034 3387 1199 3465 οἰκίᾳ·
1221 3387 1253 3446 8
1269 3412 1321 3446 τι
1343 3387 1399 3445 δὲ
1414 3389 1656 3466 πράττων
1678 3386 1713 3458 ἢ
1738 3388 1984 3466 πάσχων,
2011 3391 2112 3461 ἅμ-

552 3473 760 3553 φίὸολος
802 3478 837 3545 ἡ
886 3473 1027 3532 αἰτία
1068 3474 1159 3534 καὶ
1198 3473 1259 3534 τὸ
1298 3483 1519 3554 πρᾶγμα
1557 3475 1796 3550 οὐδαμῶς
1846 3474 2111 3552 εὔσχημον

469 3578 524 3617 ευ
550 3561 667 3636 ἐμοὶ
688 3559 877 3639 λέγειν.
962 3553 1163 3635 Οὗτος,
1188 3565 1261 3628 ὥς
1283 3560 1385 3639 ἐγὼ
1414 3561 1615 3633 ἀκούω,
1636 3561 1954 3638 ἠγνοημένος
1975 3559 2113 3628 ὅστις

554 3649 669 3707 ποτ’
714 3649 825 3709 ἐστὶ
870 3649 963 3710 καὶ
1002 3655 1113 3716 πῶς
1152 3649 1443 3727 βεὸιωκώς,
1474 3649 1563 3709 τὸν
1606 3649 1936 3728 Ἀλέξανδρον
1979 3653 2112 3708 ὑπο-

549 3735 722 3814 τρέχει
751 3735 843 3794 καὶ
874 3737 1149 3807 πλησιάζει
1184 3737 1379 3816 ἐκείνῳ.
1464 3735 1564 3795 Διὰ
1604 3736 1787 3794 τούτου
1821 3735 2112 3814 γράμματα

550 3822 764 3903 πέμψας
794 3827 863 3888 ὡς
889 3821 1219 3902 Ἀλέξανδρον
1246 3822 1425 3883 ἄδειάν
1453 3844 1569 3881 τινα
1600 3822 1812 3904 εὕρηται
1839 3821 1931 3881 καί
1965 3824 2112 3882 διαλ-

550 3907 715 3985 λαγὰς
742 3909 833 3967 καὶ
854 3908 1055 3979 πολλὴν
1083 3909 1359 3967 κολακείαν
1388 3908 1688 3981 πεποίηται.
1734 3909 1850 3988 (163)
1880 3909 2111 3968 Ἐκεῖθεν

554 3995 608 4054 δὲ
632 3995 923 4074 θεωρήσατε
951 3998 1021 4062 ὡς
1044 3995 1217 4072 ὅμοιόν
1242 3999 1351 4054 ἔστι
1374 3995 1431 4054 τὸ
1454 4005 1675 4076 πρᾶγμα
1707 3999 1773 4076 τῇ
1797 3994 1960 4075 αἰτία.
2047 3997 2113 4056 Εἰ

554 4083 655 4163 γάρ
674 4106 725 4140 τι
742 4081 937 4142 τούτων
960 4081 1160 4164 ἐφρόνει
1176 4083 1510 4157 Δημοσθένης
1528 4085 1615 4142 καὶ
1638 4086 1933 4161 πολεμικῶς
1955 4073 2111 4162 εἶχεν,

470 4183 535 4234 77
561 4169 736 4246 ὥσπερ
760 4168 850 4226 καὶ
880 4169 1037 4249 φησί,
1064 4169 1191 4248 πρὸς
1213 4169 1563 4250 Ἀλέξανδρον,
1596 4173 1733 4250 τρεῖς
1772 4171 1915 4251 αὐτῷ
1943 4169 2114 4249 καιροὶ

556 4259 824 4316 κάλλιστοι
850 4256 1291 4334 παραγεγόνασιν,
1335 4248 1407 4315 ὧν
1438 4257 1606 4315 οὐδενὶ
1636 4256 1873 4336 φαίνεται
1911 4278 2114 4334 κεχρη-

557 4343 723 4420 μένος.
810 4335 903 4410 Eia
932 4343 1023 4419 μὲν
1054 4347 1081 4402 6
1104 4347 1303 4422 πρῶτος
1319 4390 1334 4417 ,
1358 4345 1434 4402 ὅτ’
1457 4347 1528 4411 εἰς
1553 4341 1647 4414 τὴν
1677 4343 1843 4424 ἀρχὴν
1862 4344 1924 4401 οὗ
1949 4342 2114 4402 πάλαι

454 4473 465 4485 .
553 4430 883 4502 καθεστηκὼς
916 4430 1242 4512 Ἀλέξανδρος
1266 4430 1647 4510 ἀπαρασκεύων
1677 4435 1819 4512 αὑτῷ
1844 4433 1949 4488 τῶν
1974 4431 2113 4488 ἰδίων

554 4521 715 4578 ὄντων
748 4521 818 4585 εἰς
844 4517 939 4589 τὴν
970 4518 1144 4577 Ἀσίαν
1168 4517 1315 4590 διέὸη
1333 4563 1349 4592 ,
1380 4518 1588 4594 ἤκμαζε
1616 4519 1661 4575 δ’
1690 4521 1717 4574 6
1742 4519 1845 4575 τῶν
1890 4521 2112 4597 Περσῶν

558 4604 797 4684 βασιλεὺς
837 4605 927 4662 καὶ
966 4603 1117 4662 ναυσὶ
1147 4603 1237 4662 καὶ
1281 4604 1521 4683 χρήμασι
1562 4603 1652 4661 καὶ
1679 4607 1809 4682 πεζῇ
1852 4611 2108 4684 στρατιᾷ,

480 4703 517 4746 ὃ
556 4695 775 4769 ἅσμενος
798 4691 841 4752 δ’
866 4691 929 4750 ἃν
952 4695 1088 4767 ὑμᾶς
1116 4693 1186 4757 εἰς
1208 4690 1301 4760 τὴν
1326 4689 1637 4769 συμμαχίαν
1663 4689 2006 4766 προσεδέξατο
2029 4688 2114 4748 διὰ

554 4781 671 4846 τοὺς
710 4778 1106 4860 ἐπιφερομένους
1136 4781 1281 4858 αὑτῷ
1324 4779 1601 4843 κινδύνους.
1686 4768 1859 4844 Eine<
1879 4800 1995 4835 τινα
2033 4779 2113 4835 ἐν·

554 4873 719 4926 ταῢθα
755 4869 937 4945 λόγον,
978 4865 1335 4944 Δημόσθενες,
1385 4865 1421 4936 ἢ
1460 4863 1692 4945 ἔγραψάς
1731 4886 1783 4923 τι
1830 4864 2110 4945 ψήφισμας

556 4955 733 5033 βούλει
784 4977 841 5013 σε
885 4959 957 5012 θῶ
998 4953 1291 5035 φοόηθῆναι
1332 4953 1425 5012 καὶ
1467 4951 1767 5032 χρήσασθαι
1822 4954 1899 5032 τῷ
1957 4954 2111 5009 αὑτοῦ

556 5043 763 5121 “epo-rtem
792 5041 963 5102 καίτοι
1004 5041 1281 5122 ῥητορικὴν
1311 5039 1505 5099 δειλίαν
1543 5038 1785 5115 δημόσιος
1818 5038 1998 5117 καιρὸς
2022 5039 2115 5096 οὐκ

556 5129 823 5206 ἀναμένει.
890 5131 1007 5206 (εει)
1040 5128 1176 5188 Ἀλλ’
1200 5126 1379 5198 ἐπειδὴ
1400 5127 1547 5207 πάσγΙ
1570 5131 1636 5206 τῇ
1661 5125 1877 5201 δυνάμει
1900 5125 2113 5204 Δαρεῖος

558 5214 931 5290 κατεὸεὸήκει,
954 5219 982 5274 6
1004 5215 1048 5274 δ’
1068 5213 1394 5296 Ἀλέξανδρος
1421 5206 1483 5287 ἦν
1514 5212 1900 5292 ἀπειλημμένος
1922 5216 1975 5272 ἐν
2011 5215 2112 5272 Κι-

1462 481 1831 542 ΑΙΣΧΙΝΟΥ
1872 483 1924 543 0
1967 483 2175 544 ΚΑΤΑ
2222 485 2801 546 ΚΤΗΣΙΦΩΝΤΟΣ.

3457 488 3735 566 (sm-un

2199 617 2495 667 mimortuus'
2513 617 2562 666 in
2585 619 2865 668 concionem
2887 631 3162 681 progressus
3187 618 3446 682 postulavit
3463 623 3520 670 ut
3549 634 3604 670 se
3625 623 3752 683 pacis

2199 703 2446 754 custodem
2481 705 2722 754 crearetls.
2786 709 2886 755 Vos
2905 706 3068 754 autem
3101 705 3234 755 initio
3251 719 3311 756 ne
3343 719 3519 756 nomen
3551 708 3750 770 quidem

2199 791 2526 841 Demosthenis
2541 792 2743 842 decretis
2759 791 2960 842 adscribi
2979 793 3270 855 permisistis,
3283 794 3367 843 scd
3387 795 3480 842 hoe
3499 796 3754 856 negotium

2199 879 2406 929 Nausicll
2433 879 2692 930 mandastis
2714 894 2729 924 t
2757 881 2858 942 jam
2884 893 3000 930 vero
3030 881 3120 930 iste
3141 881 3284 930 etiam
3307 895 3534 930 coronam
3553 883 3646 932 sibi
3663 883 3750 930 dc·

2201 965 2302 1014 beri
2321 967 2579 1016 contendit.
2599 967 2729 1028 (160)
2753 969 2943 1017 Mortuo
2965 967 3138 1018 deinde
3149 960 3385 1030 Philippo,
3408 971 3460 1018 et
3482 969 3754 1019 Alexandro

2201 1052 2262 1102 ad
2281 1054 2408 1116 regul
2427 1055 2770 1105 successionem
2787 1058 2973 1117 roceto,
2993 1067 3183 1104 rursum
3201 1055 3290 1104 isle
3307 1057 3572 1118 praestigias
3584 1059 3636 1106 et
3651 1070 3757 1118 por·

2201 1142 2334 1190 tenta
2359 1125 2583 1202 moliens,
2605 1143 2777 1192 sacella
2799 1143 3040 1193 exstruxit
3069 1141 3311 1192 Pausaniae
3327 1179 3344 1202 ,
3371 1144 3423 1192 et
3447 1147 3674 1192 senatum
3707 1145 3754 1192 in

2201 1228 2416 1278 sacrificii
2455 1229 2520 1278 ob
2547 1229 2716 1278 laetum
2755 1230 2986 1278 nuncium
3027 1229 3137 1279 sacti
3177 1229 3359 1280 crimen
3385 1229 3616 1292 conjecit,
3645 1231 3754 1279 Ale-

2203 1314 2385 1364 xandro
2420 1317 2584 1365 autem
2627 1317 2840 1378 Margitae
2879 1329 3142 1379 cognomen
3165 1315 3364 1378 indidit,
3397 1329 3645 1378 aususque
3687 1319 3758 1366 est

2202 1401 2442 1452 affirmare
2456 1439 2470 1464 ,
2515 1415 2764 1466 nunquam
2809 1416 2922 1453 eum
2972 1416 3000 1452 e
3051 1403 3326 1454 Macedonia
3373 1403 3545 1465 pedem
3595 1405 3750 1453 elatu-

2204 1503 2312 1538 rum
2326 1524 2341 1550 ‚
2374 1489 2489 1538 satis
2510 1503 2624 1539 vero
2647 1489 2953 1552 habiturum,
2971 1490 3011 1539 si
3029 1490 3172 1540 Pellae
3203 1489 3534 1540 deambularet
3565 1493 3620 1540 et
3644 1495 3756 1540 exta

2201 1576 2469 1638 inspiceret.
2495 1552 2650 1638 Attiue
2661 1577 2766 1626 haec
2789 1590 2840 1627 se
2857 1577 3014 1627 dicere
3031 1577 3336 1640 praedicabat,
3353 1590 3452 1626 non
3477 1577 3756 1641 conjectura

2201 1668 2402 1719 ductum
2417 1707 2432 1732 ,
2451 1669 2531 1720 sed
2546 1669 2676 1733 quod
2697 1673 2828 1721 certo
2853 1671 3019 1731 sciret,
3040 1671 3274 1721 virtutem
3291 1683 3388 1720 non
3409 1671 3500 1720 nisi
3517 1673 3752 1734 sunguine

2199 1765 2498 1826 comparari,
2533 1765 2634 1828 ipse
2671 1765 2862 1828 penitus
2893 1765 3121 1828 sanguine
3149 1765 3432 1825 destitutus,
3461 1768 3513 1815 et
3545 1765 3756 1816 Alexan-

2200 1857 2344 1908 drum
2373 1871 2470 1908 non
2497 1871 2558 1908 ex
2587 1858 2844 1909 Alexandri
2886 1858 3098 1920 ingenio,
3141 1858 3226 1908 sed
3265 1861 3432 1922 mapte
3453 1858 3650 1921 ignavia
3679 1859 3754 1909 di-

2200 1961 2408 2000 mensus.
2437 1950 2744 2012 (lenonum
2771 1965 2885 2002 vero
2905 1952 3194 2001 censuissent
3210 1953 3312 2014 jam
3335 1953 3552 2003 Thessali
3571 1954 3756 2002 civitati

2199 2046 2376 2093 nostroe
2395 2043 2576 2094 bellum
2597 2044 2892 2094 inferendum
2906 2081 2921 2105 ,
2945 2045 2996 2094 et
3008 2045 3196 2106 iuvenis
3213 2045 3470 2108 principio,
3497 2059 3666 2109 neque
3683 2047 3754 2096 in·

2195 2137 2352 2198 iuria,
2377 2138 2589 2188 irritatus
2623 2139 2770 2200 esset,
2791 2151 3041 2202 quumque
3073 2141 3228 2197 castra
3243 2140 3346 2200 iam
3367 2138 3430 2188 ad
3451 2139 3652 2189 Thebas
3681 2139 3754 2188 sd-

2199 2235 2529 2294 moverentur,
2550 2233 2730 2294 legatus
2753 2245 2782 2282 a
2798 2233 2936 2282 vobis
2953 2232 3167 2282 delectus
3195 2232 3542 2282 Demosthenes
3569 2236 3758 2296 arrepta

2203 2327 2314 2388 ruga
2331 2339 2358 2374 e
2379 2326 2537 2376 medio
2561 2326 2834 2376 cithaerone
2845 2339 3064 2376 rever-sus
3085 2327 3183 2386 est,
3209 2339 3368 2388 neque
3387 2327 3438 2375 in
3459 2339 3584 2388 pace
3607 2341 3758 2389 neque

2203 2419 2250 2468 in
2269 2395 2394 2468 tiene
2415 2419 2583 2468 utilem
2605 2432 2658 2469 se
2682 2419 2836 2469 civem
2862 2416 3136 2482 reipublicae
3155 2419 3388 2483 praebens.
3453 2423 3516 2469 st
3537 2421 3676 2483 quod
3695 2425 3760 2470 at

2201 2513 2416 2561 omnium
2439 2513 2827 2573 acerbissimum,
2851 2526 2940 2564 vos
2955 2526 3067 2563 eum
3090 2525 3186 2562 uon
3209 2512 3507 2574 prodidistis,
3525 2527 3690 2577 neque
3714 2516 3758 2564 in

2201 2605 2428 2666 iudicium
2449 2619 2610 2655 coram
2633 2606 2838 2655 concilio
2855 2609 3134 2656 Groecorum
3152 2605 3326 2656 adduci
3345 2607 3630 2668 permisistis
3651 2627 3664 2657 ε
3687 2610 3758 2658 ille

2204 2701 2366 2747 autem
2399 2712 2488 2750 vos
2510 2701 2610 2761 jam
2645 2699 2786 2762 plane
2807 2698 3042 2761 prodidit,
3065 2699 3104 2749 si
3127 2699 3322 2762 quidem
3357 2713 3471 2749 vera
3491 2705 3614 2752 sunt
3649 2717 3754 2764 quai

2201 2793 2442 2842 dicuutur.
2509 2792 2638 2853 (¹82)
2658 2795 2723 2842 Ut
2743 2793 2870 2843 enim
2903 2793 3039 2843 aiunt
3061 2793 3231 2843 Paralii
3265 2793 3394 2856 iique
3416 2795 3498 2856 qui
3527 2795 3676 2858 legati
3701 2796 3755 2844 ad

2202 2887 2524 2938 Alexandrum
2555 2887 2754 2949 profecti
2773 2890 2884 2938 sunt
2924 2887 2941 2949 (
2971 2889 3020 2938 et
3051 2887 3120 2937 rei
3149 2888 3321 2938 merito
3353 2901 3466 2938 sane
3499 2889 3757 2940 adhibetur

2203 2979 2318 3030 fldes
2332 2981 2369 3042 ),
2390 2983 2462 3030 est
2491 2979 2696 3030 Aristion
2715 2981 2909 3042 quidam
2927 2980 3181 3040 Plataicus,
3199 2980 3452 3031 Aristobuli
3473 2982 3757 3042 pharmaco·

2201 3072 2352 3134 polae,
2382 3073 2420 3120 si
2444 3071 2551 3134 quis
2574 3072 2696 3121 sorte
2721 3073 2932 3122 vestrum
2956 3070 3196 3134 cognorit,
3222 3071 3364 3122 tilius.
3431 3075 3478 3122 ls
3496 3073 3758 3137 aliquando

2201 3164 2493 3223 adolescens,
2518 3178 2669 3228 quum
2698 3165 2795 3214 suis
2812 3163 3076 3226 aequalihus
3100 3164 3251 3214 tonna
3281 3166 3558 3227 proestaret,
3595 3167 3680 3216 diu
3709 3169 3755 3216 in

2204 3257 2534 3308 Demosthenis
2555 3258 2699 3306 domo
2717 3255 3045 3306 diversabantur
3065 3269 3077 3298 τ
3100 3255 3216 3318 quid
3239 3270 3354 3306 vero
3375 3260 3464 3306 aut
3483 3258 3660 3310 fecerit
3679 3265 3760 3310 aut

2201 3363 2364 3412 passus
2381 3351 2457 3409 sit,
2480 3364 2632 3412 quum
2651 3350 2852 3400 dubium
2875 3351 3020 3412 atque
3041 3347 3276 3398 incertum
3297 3351 3386 3410 sit,
3408 3350 3514 3399 tum
3538 3365 3620 3402 res
3645 3353 3754 3402 mihi

2201 3457 2504 3507 nequaquem
2520 3443 2650 3492 dictu
2665 3445 2738 3493 est
2749 3443 2965 3492 honesta.
2987 3441 3075 3492 Hic
3087 3441 3248 3504 igitur,
3261 3443 3315 3491 ut
3328 3455 3413 3504 ego
3427 3442 3594 3504 audio,
3609 3459 3756 3508 quum

2201 3538 2375 3600 etquis
2397 3542 2520 3589 esset
2547 3540 2596 3588 et
2621 3538 2866 3600 quomodo
2881 3540 3022 3588 autes
3044 3537 3220 3588 vixerit
3251 3539 3431 3588 nemini
3461 3541 3594 3590 esset
3626 3553 3754 3589 com-

2203 3635 2421 3697 pertum,
2443 3633 2492 3682 in
2523 3633 2780 3684 Alexandri
2811 3633 3014 3695 gratiam
3045 3631 3288 3695 subrepit,
3309 3632 3362 3681 et
3391 3644 3504 3680 cum
3533 3645 3596 3682 eo
3621 3633 3757 3682 sami-

2203 3725 2380 3776 liariter
2398 3728 2632 3776 versatur.
2699 3729 2788 3776 Per
2803 3726 2932 3776 hunc
2949 3727 3292 3776 Demosthenes
3309 3725 3462 3775 missis
3477 3723 3544 3774 ad
3559 3726 3760 3776 Alexan-

2201 3819 2344 3868 drum
2365 3819 2540 3880 literis,
2563 3817 2744 3881 aliquid
2765 3819 2959 3869 tandem
2987 3817 3256 3869 securitatis
3276 3821 3448 3868 nactus
3468 3819 3546 3867 est
3577 3822 3630 3868 et
3653 3831 3756 3880 gra-

2203 3913 2288 3963 tim
2307 3913 2735 3963 reconciliationem
2749 3949 2764 3974 ,
2785 3912 3044 3974 multisque
3061 3924 3172 3961 eum
3198 3909 3442 3960 blanditiis
3455 3910 3756 3960 demulcivit.

2206 4007 2333 4069 (16³)
2361 4005 2476 4057 inde
2490 4009 2652 4055 autem
2674 4006 2910 4069 spectate,
2929 4017 3074 4068 quam
3088 4003 3228 4053 valde
3249 4016 3324 4053 res
3349 4003 3410 4052 sit
3427 4003 3752 4058 criminationi

2201 4101 2536 4149 consentanea.
2567 4101 2687 4148 Nam
2723 4097 2764 4147 si
2799 4097 2916 4159 quid
2950 4095 3122 4145 horum
3157 4107 3325 4145 revers
3347 4093 3548 4145 sentiret
3579 4099 3758 4144 Demo-

2201 4193 2415 4255 sthenes,
2437 4191 2476 4242 si
2497 4191 2654 4240 hostili
2675 4189 2724 4239 in
2749 4188 3102 4248 Alexandrum,
3125 4187 3198 4236 uti
3218 4187 3396 4248 jactat,
3415 4189 3544 4236 esset
3569 4189 3754 4246 animo,

2205 4286 2297 4335 tria
2321 4285 2362 4334 ei
2411 4283 2731 4347 pulcherrima
2763 4285 2980 4344 tempora
3017 4281 3178 4330 oblata
3199 4280 3339 4338 sunt,
3371 4291 3587 4342 quorum
3631 4279 3760 4329 nullo

2201 4391 2414 4440 unquam
2439 4390 2552 4426 usus
2574 4389 2675 4426 esse
2707 4377 2921 4437 apparet.
2979 4374 3194 4424 Primum
3217 4385 3369 4436 quum
3405 4372 3456 4421 in
3478 4385 3632 4434 reguo
3665 4385 3759 4421 nou

2203 4474 2271 4522 ita
2315 4471 2497 4535 pridem
2541 4469 2830 4520 constitutus
2875 4467 3167 4528 Alexander,
3213 4467 3314 4516 suis
3363 4463 3505 4515 rebus
3543 4465 3760 4514 noudum

2202 4567 2316 4615 satis
2334 4562 2634 4626 compositis,
2663 4561 2715 4610 in
2745 4561 2901 4610 Asiam
2931 4559 3181 4618 transiret;
3209 4562 3462 4608 Persarum
3479 4561 3652 4607 autem
3679 4571 3762 4606 rex

2203 4661 2376 4720 classe,
2395 4659 2622 4721 pecunia,
2644 4655 2857 4719 peditatu
2878 4654 3094 4715 floreret,
3119 4653 3418 4714 libenterque
3436 4664 3522 4702 vos
3542 4651 3594 4700 iu
3615 4651 3760 4702 socie·
3791 4649 3793 4730 1

2202 4755 2354 4802 tatem
2377 4749 2628 4813 recepisset
2659 4750 2854 4811 propter
2871 4760 2928 4798 ea
2945 4759 3054 4810 qum
3087 4743 3288 4808 sibiipsi
3317 4743 3608 4806 ingruebant
3635 4743 3758 4806 peri-

2206 4847 2333 4896 cula.
2395 4847 2522 4895 Num
2546 4846 2598 4892 tu
2621 4842 2885 4890 orationem
2901 4842 3022 4888 tunc
3043 4851 3190 4888 uuam
3209 4837 3448 4896 imbuisti,
3479 4837 3752 4886 Demosthe-

2201 4951 2312 5000 nes,
2335 4936 2552 4986 ullumve
2573 4935 2822 4986 decretum
2849 4932 3202 4994 cmscripsistil’
3222 4931 3308 4981 Vis
3325 4941 3504 4992 ponam
3535 4930 3758 4979 metuisse

2205 5035 2252 5083 te
2275 5035 2458 5093 tuoque
2485 5029 2672 5092 ingenio
2710 5026 3088 5078 obsecundasse?
3123 5024 3266 5088 Atqui
3300 5022 3612 5074 timiditatem
3645 5035 3756 5072 ora·
3789 5013 3791 5037 ¹

2204 5125 2376 5176 toriam
2398 5123 2516 5186 reip.
2531 5127 2749 5185 tempora
2766 5133 2863 5171 non
2881 5120 3174 5184 exspectant.
3239 5117 3372 5179 (10⁴)
3393 5116 3486 5167 Sed
3505 5119 3758 5178 postquam
3787 5191 3789 5194 Α

2203 5217 2374 5270 Darius
2395 5229 2508 5266 cum
2529 5215 2753 5266 universo
2780 5212 2996 5265 exercitu
3015 5209 3353 5273 descenderat,
3373 5207 3644 5260 Alexander
3669 5219 3755 5255 au·
3787 5235 3789 5242 ·

3771 5681 3785 5801 γ
