3825 5834
554 491 665 540 tto

544 612 781 682 δηλονότι
829 610 1029 672 δικαίου
1083 617 1171 671 τοῦ
1222 611 1531 692 πράγματος
1581 612 1752 685 ὄντος,
1820 611 2100 692 φυλάττειν

544 698 862 780 Ἀλεξάνδρῳ
902 701 968 759 τὰ
998 703 1067 766 εἰς
1096 700 1190 772 τὴν
1220 701 1458 773 Ἀττικὴν
1474 701 1787 810 ἀφικόμενα
1820 701 1954 776 μετὰ
1980 698 2106 779 Ἁρ-

456 807 513 848 ω
546 790 715 848 πάλου
742 789 1018 868 χρήματα.
1099 787 1285 856 Οὕτως
1312 811 1433 861 ουν,
1468 813 1512 848 ω
1551 790 1763 870 ἄριστε,
1808 788 1923 847 εἰπέ
1980 811 2104 864 μοι,

544 877 860 956 φυλάξομεν,
902 877 991 935 ἐὰν
1036 875 1099 935 σὺ
1138 875 1233 955 μὲν
1276 875 1439 935 εἴκοσι
1476 877 1711 935 τάλαντα
1760 875 1941 935 λαὸὼν
1985 875 2110 956 ἔχῃς

544 964 679 1043 ἰδία,
706 963 877 1043 ἔτερος
917 963 972 1022 δὲ
1006 963 1414 1035 πεντεκαίδεκα,
1460 963 1716 1038 Δημάδης
1756 963 1811 1022 δὲ
1836 963 2106 1042 ἑξακισχι-

544 1051 681 1119 λίους
710 1055 907 1133 χρυσοῦ
937 1055 1231 1130 στατῆρας,
1264 1051 1427 1132 ἕτεροι
1460 1053 1513 1110 δὲ
1555 1051 1654 1111 ὅσα
1697 1051 1759 1122 δή
1815 1072 1944 1108 ποτε
1975 1052 2107 1109 ἀπο-

540 1138 867 1220 πεφασμένοι
896 1138 1032 1210 εἶσί,
1059 1139 1287 1217 τέτταρα
1312 1139 1417 1220 γὰρ
1444 1137 1683 1198 τάλαντά
1708 1139 1821 1196 ἐστι
1854 1137 1944 1196 καὶ
1979 1137 2104 1208 ἑξή-

542 1251 700 1288 κοντα
730 1227 833 1300 ἤδη
873 1226 1133 1305 εὖρημένα
1156 1273 1173 1302 ,
1200 1217 1271 1286 ὧν
1303 1227 1472 1286 οἴεσθε
1507 1225 1601 1298 τὴν
1646 1224 1818 1285 αἰτίαν
1852 1225 2110 1286 τουτοισὶν

543 1318 823 1374 ἀναθεῖναι.
884 1317 976 1392 (90)
1032 1315 1135 1374 Καὶ
1180 1315 1376 1396 πότερα
1421 1314 1633 1376 κάλλιόν
1677 1317 1822 1387 ἔστι,
1876 1313 2005 1393 πρὸς
2057 1313 2112 1372 δὲ

546 1405 868 1481 δικαιότερον
892 1445 910 1474 ,
942 1401 1135 1460 ἅπαντ’
1158 1407 1210 1462 ἐν
1240 1407 1317 1482 τῷ
1347 1407 1502 1484 κοινῷ
1530 1403 1897 1483 φυλάττεσθαι,
1925 1401 2020 1468 ἕως
2049 1401 2112 1460 ἄν

464 1515 519 1556 as
548 1515 597 1551 τι
626 1491 825 1550 δίκαιον
861 1493 890 1548 δ
918 1492 1081 1566 δῆμος
1126 1489 1509 1570 βουλεύσηται,
1547 1491 1583 1561 ἢ
1611 1488 1727 1602 τοίυς
1772 1489 1994 1570 ῥήτορας
2023 1489 2114 1547 καὶ

521 1977 530 1984 -
620 1953 693 1992 91.
744 1933 976 2000 Πολλοὺς
1000 1923 1147 2000 οὗτος
1174 1934 1280 2012 ἐρεῖ
1307 1956 1399 1991 και
1432 1930 1795 1998 παντοδαπους
1828 1931 2111 2009 λόγους,ω

539 1583 644 1640 τῶν
691 1581 1001 1658 στρατηγῶν
1052 1579 1215 1645 ἐνίους
1258 1579 1613 1658 διηρπακότας
1664 1577 1831 1658 ἔχειν,
1870 1575 1975 1654 ἐγὼ
2017 1577 2113 1653 μὲν

540 1669 643 1747 γὰρ
666 1658 818 1743 οἶμαι
849 1667 908 1726 τὸ
932 1667 1025 1743 μὲν
1051 1671 1103 1726 ἐν
1128 1669 1205 1748 τῶ
1228 1673 1385 1746 κοινῷ
1414 1667 1691 1750 φυλάττειν
1720 1666 1866 1744 παρὰ
1900 1667 2113 1725 πάντων

542 1754 957 1836 ὁμολογούμενον
986 1745 1120 1814 εἶναι
1146 1756 1380 1827 δίκαιον,
1418 1755 1477 1814 τὸ
1508 1755 1563 1815 δὲ
1597 1755 1807 1821 τούτους
1838 1753 1979 1834 ἔγειν
2004 1780 2112 1832 μη-

542 1845 645 1904 δέν’
678 1843 740 1903 ἂν
770 1845 985 1904 εἰπεῖν(
956 1869 1025 1912 ως
1050 1845 1161 1904 ἔστι
1191 1846 1364 1912 καλῶς
1387 1845 1525 1924 ἔχον.
2067 1921 2111 1988 ὦ

544 2019 749 2099 ἄνδρες,
780 2019 869 2078 καὶ
917 2019 1165 2079 οὐδέποτε
1206 2019 1325 2086 τους
1373 2019 1577 2086 αὐτούς.
1664 2017 1803 2098 ‘ope
1831 2020 1932 2098 γὰρ
1977 2023 2112 2096 ὑμᾶς

541 2131 631 2165 τον
664 2105 873 2166 ἅπαντα
901 2109 1087 2189 χρόνον
1124 2107 1301 2168 ἐλπίσι
1343 2117 1519 2174 κεναῖς
1557 2131 1646 2167 και
1688 2105 1902 2188 ψεύδεσι
1939 2107 2108 2186 λόγοις

542 2195 1014 2274 ἐξηπατημένους*
996 2197 1080 2277 υφ’
1109 2197 1326 2264 ἑαυτου,
1372 2195 1461 2253 καί
1488 2195 1648 2275 μέχρι
1677 2195 1859 2255 τούτου
1904 2218 2110 2271 μνημο-

468 2306 524 2344 ευ
552 2284 793 2353 νεύοντας
819 2285 914 2352 τὰς
942 2285 1253 2365 ὑποσχέσεις
1278 2284 1461 2364 μέχρις
1492 2285 1555 2343 ἂν
1580 2287 1829 2364 ῥηθῶσιν.
1916 2285 1988 2344 Εἰ
2017 2283 2110 2362 μὲν

542 2364 631 2434 ουν
654 2375 731 2433 ἔτι
768 2375 848 2432 δεῖ
876 2374 975 2446 τὴν
1004 2373 1159 2432 πόλιν
1192 2377 1286 2444 τῆς
1327 2373 1689 2450 Δημοσθένους
1726 2371 1983 2452 πονηρίας
2022 2373 2112 2431 καὶ

543 2461 765 2542 ἀτυχίας
794 2463 1109 2534 ἀπολαύειν,
1142 2458 1229 2520 ἵνα
1256 2459 1415 2521 πλέον
1454 2461 1921 2537 κακοδαιμονῶμεν
1953 2460 2098 2534 (οὐδὲ

542 2549 645 2630 γὰρ
685 2550 794 2631 ἔχω
838 2549 889 2610 τί
928 2551 1060 2610 ἄλλο
1096 2547 1286 2626 εἴπω),
1315 2547 1592 2627 στερκτέον
1622 2546 1704 2618 εἴη
1737 2555 1845 2615 τοῖς
1880 2549 2109 2626 συμὸαί-

544 2661 737 2697 νουσιν·
772 2639 865 2720 (⁹2)
897 2640 942 2697 εἰ
972 2637 1015 2696 δ’
1044 2637 1120 2696 ἔτι
1149 2637 1416 2713 κηδόμεθα
1455 2639 1546 2706 τῆς
1586 2635 1836 2715 πατρίδος
1866 2636 1960 2696 καὶ
1996 2635 2114 2703 τοὺς

544 2725 798 2806 πονηρους
827 2749 917 2784 και
947 2724 1265 2804 δωροδόκους
1319 2729 1571 2802 μισοῦμεν
1616 2725 1705 2783 καὶ
1735 2723 2111 2800 μετοιωνίσασ·

546 2821 632 2875 θαι
675 2815 773 2885 τὴν
818 2813 987 2894 τύχην
1044 2813 1135 2872 καὶ
1184 2811 1613 2924 μεταλλάξασθαι
1664 2810 1989 2892 βουλόμεθα,
2051 2813 2111 2871 οὗ

544 2903 790 2984 προετέον
828 2905 967 2964 ἐστὶν
998 2905 1133 2980 ὑμᾶς
1178 2899 1398 2972 αὐτοὺς,
1442 2925 1487 2960 ω
1528 2901 1817 2974 Ἀθηναῖοι,
1862 2909 1977 2968 ταῖς
2022 2923 2112 2960 του

443 2998 735 3074 102μιαροῧ
764 2993 853 3052 καὶ
880 2992 1066 3070 γόητος
1099 2989 1282 3050 τούτου
1309 2989 1584 3065 δεήσεσιν,
1618 2988 1735 3048 οὐδὲ
1768 2987 2110 3068 προσδεκτέον

545 3081 657 3149 τους
678 3080 879 3148 οἴκτους
906 3081 999 3141 καὶ
1020 3078 1141 3146 τους
1163 3076 1511 3160 φενακισμούς
1534 3077 1651 3145 τους
1688 3077 1892 3138 τούτου·
1924 3075 2110 3148 ἱκανὴν

542 3167 644 3248 γὰρ
690 3167 937 3248 εἰλήφατε
976 3167 1163 3247 πεῖραν
1206 3169 1362 3228 αὐτοῦ
1404 3165 1494 3227 καὶ
1535 3169 1636 3224 τῶν
1670 3166 1835 3245 ἔργων
1880 3163 1971 3222 καὶ
2009 3167 2110 3220 τῶν

542 3256 709 3334 λόγων
738 3256 825 3315 καί
854 3260 946 3329 τῆς
969 3255 1149 3335 τύχης.
1176 3255 1267 3332 (οι)
1296 3253 1389 3322 Τίς
1415 3253 1578 3321 οὕτως
1616 3251 1822 3320 εὔελπις
1851 3255 1996 3330 ὑμῶν
2029 3253 2111 3310 ἐσ-

542 3367 644 3417 τιν,
674 3335 719 3404 ὦ
744 3343 1036 3417 Ἀθηναῖοι,
1074 3341 1155 3410 τίς
1189 3339 1351 3410 οὕτως
1382 3341 1687 3421 ἀλόγιστος,
1736 3342 1812 3408 τίς
1836 3344 1940 3399 τῶν
1975 3361 2110 3419 προ-

544 3431 903 3510 γεγενημένων
925 3431 1015 3491 καί
1035 3437 1125 3492 νῦν
1151 3429 1506 3502 ἐνεστηκότων
1529 3431 1859 3511 πραγμάτων
1882 3428 2112 3508 ἄπειρος,

543 3520 683 3588 ὅστις
718 3519 917 3589 ἱλπίζει
951 3519 1039 3579 τὸν
1069 3523 1129 3579 lx.
1167 3516 1427 3590 τοσαύτης
1464 3517 1794 3594 εὐδαιμονίας
1823 3519 1895 3582 εἰς
1921 3516 2105 3575 τοσαύ·

544 3631 637 3678 την
660 3608 865 3676 ἀδοξίαν
893 3605 1301 3679 καταστήσαντα
1329 3603 1426 3677 τὴν
1447 3604 1603 3665 πόλιν
1633 3606 1698 3662 δι’
1730 3603 2112 3675 ἡντιναδήποτε

544 3698 715 3755 αἰτίαν
740 3696 775 3767 ἢ
800 3697 968 3776 τύχην
996 3697 1099 3777 (ἐῶ
1132 3693 1237 3775 γὰρ
1277 3699 1433 3752 τοῦτο
1458 3697 1603 3770 νῦν),
1632 3692 1813 3765 ἐπειδὴ
1844 3691 1974 3772 πρὸς
1999 3696 2114 3758 ταῖς

545 3787 727 3853 ἄλλαις
755 3785 997 3866 ἀπορίαις
1019 3785 1109 3842 καὶ
1140 3791 1246 3850 τοῖς
1270 3783 1665 3864 περιεστηκόσιν
1694 3787 1835 3860 ἡμᾶς
1858 3779 2110 3849 κινδύνοις

543 3875 634 3932 καὶ
666 3879 699 3945 ἡ
736 3877 839 3931 τῶν
886 3871 937 3941 ἐξ
971 3873 1135 3943 αὐτῆς
1172 3874 1267 3942 τῆς
1308 3873 1509 3937 πόλεως
1564 3869 1849 3950 δωροδοκία
1884 3869 2108 3949 προσγέ·

543 3981 693 4037 γονε,
718 3959 810 4018 καὶ
837 3958 957 4038 περὶ
986 3961 1210 4039 αἰσχρᾶς
1244 3959 1413 4026 αἰτίας
1452 3962 1599 4036 κοινῇ
1628 3957 1821 4026 πάντες
1854 3957 2107 4036 ἀγωνιζό-

546 4053 681 4124 μεθα
706 4048 795 4107 καὶ
824 4047 985 4152 περὶ..
972 4052 1061 4105 τοῦ
1098 4051 1173 4125 μὴ
1219 4047 1385 4106 δοκεῖν
1413 4045 1482 4104 τὰ
1510 4047 1616 4105 ἰδία
1643 4046 1790 4126 παρά
1821 4069 1959 4105 τισιν
1985 4045 2111 4106 ὄντα

546 4133 800 4214 χρήματα
838 4137 985 4213 κοινῇ
1009 4133 1097 4193 τὸν
1142 4135 1325 4241 δ’·ιῖξμονω
1344 4133 1516 4212 ἔχειν,
1546 4139 1836 4204 τηνικαῦτα
1877 4136 2110 4211 συμὸου-

552 4223 769 4282 λεύοντα
791 4221 878 4281 καὶ
904 4223 1193 4281 διοικοῦντα
1236 4226 1417 4280 τοῦτον
1439 4221 1636 4280 σώσειν
1666 4226 1838 4297 ἡμᾶς·
1826 4267 1842 4295 ,
1870 4221 1964 4303 (οι)
1998 4222 2106 4284 F
2067 4249 2110 4283 ω

544 4310 643 4389 γὰρ
670 4301 843 4369 τᾶλλα
865 4307 963 4368 ὅσα
992 4307 1454 4386 μεταὸαλλόμενος
1482 4309 1536 4368 ἐν
1565 4316 1672 4378 τοῖς
1706 4309 1987 4390 πράγμασι
2019 4313 2109 4369 καὶ

544 4401 857 4476 δημηγορῶν
890 4397 1035 4457 οὐδὲν
1066 4397 1200 4477 ὑγιὲς
1222 4397 1571 4471 διατετέλεκε,
1595 4398 1684 4458 καὶ
1712 4397 1839 4458 ποτὲ
1859 4397 1957 4475 μὲν
1985 4400 2114 4480 γρά·

543 4509 653 4566 φων
694 4486 784 4545 καὶ
835 4486 1177 4564 ἀπαγορεύων
1219 4487 1421 4564 μηδένα
1452 4487 1609 4547 ἄλλον
1660 4485 1888 4565 νομίζειν
1919 4489 2032 4548 θεὸν
2075 4487 2110 4559 ἢ

542 4573 661 4640 τοὺς
690 4573 1175 4654 παραδεδομένους,
1224 4571 1341 4634 τοτὲ
1380 4571 1436 4632 δὲ
1488 4573 1653 4650 λέγων
1702 4577 1772 4640 ὡς
1817 4575 1877 4632 οὗ
1921 4574 2000 4632 δεῖ
2023 4577 2112 4636 τὸν

544 4664 708 4739 δῆμον
736 4663 1087 4745 ἂμφισὸητεῗν
1112 4667 1214 4722 τῶν
1240 4667 1291 4724 ἐν
1313 4664 1518 4744 οὐρανῷ
1541 4668 1708 4740 τιμῶν
1741 4663 2068 4746 Ἀλεξάνδρῳ
2087 4711 2105 4744 ,

544 4753 667 4809 ὅταν
697 4749 751 4810 δὲ
783 4751 951 4831 μέλλῃ
981 4753 1322 4831 κριθήσεσθαι
1345 4755 1472 4832 παρ’
1507 4756 1629 4828 ὑμῖν
1654 4797 1669 4824 ,
1704 4753 2111 4830 Καλλιμέδοντα

470 4854 520 4893 ts
545 4839 894 4916 εἰσαγγέλλων
925 4840 1159 4899 συνιέναι
1205 4843 1257 4898 ἐν
1292 4841 1558 4918 Μεγάροις
1604 4841 1709 4904 τοῖς
1754 4841 1977 4920 φυγάσιν
2019 4843 2108 4902 ἐπὶ

544 4926 831 4985 καταλύσει
878 4951 969 4986 του
1014 4927 1216 5006 δήμου,
1265 4928 1356 4987 και
1397 4927 1595 4998 ταύτην
1641 4927 1736 4999 τὴν
1778 4929 2108 5008 εἰσαγγελίαν

545 5012 690 5080 εὐθυς
715 5021 1045 5122 παραχρημα
1077 5016 1460 5098 ἀναιρούμενος,
1488 5015 1578 5095 (οε)
1609 5018 1663 5074 ἐν
1690 5015 1743 5074 δὲ
1766 5019 1830 5097 τῇ
1854 5019 2112 5101 ἐκκλησία

549 5098 717 5178 ταύτῃ
770 5107 836 5182 τῇ
885 5103 1067 5183 πρῴην
1117 5103 1439 5182 γεγενημένῃ
1482 5103 1760 5184 προσάγων
1806 5103 1895 5162 καὶ
1939 5129 2110 5166 κατα-

546 5188 811 5258 σκευάζων
864 5192 1029 5269 ψευδῆ
1082 5191 1317 5298 μηνυτὴν
1372 5195 1439 5258 ὥς
1490 5190 1972 5269 ἕπιὸουλευομένων
2008 5197 2112 5253 τῶν

548 5275 795 5358 νεωρίων,
845 5278 934 5336 καὶ
984 5301 1103 5357 περι
1138 5279 1331 5339 τούτων
1380 5279 1595 5360 γράφων
1654 5281 1749 5358 μὲν
1795 5283 1975 5362 οὐδέν,
2025 5289 2107 5345 αἰ-

1439 481 1879 542 ΔΕΙΝΑΡΧΟΥ
1923 482 1974 540 0
2020 477 2224 539 ΚΑΤΑ
2267 482 2862 546 ΔΗΜΟΣΘΕΝΟΥΣ.

3569 492 3724 566 (sn-0..)

2200 635 2278 673 res
2322 624 2455 684 iusta
2485 627 2629 685 esset,
2675 625 2886 687 pecunia}
2913 639 3026 674 cum
3057 626 3259 688 tiarpalo
3287 627 3334 676 iu
3369 630 3564 678 Atticam
3599 633 3724 679 allatae

2202 727 2476 776 Alexandro
2499 727 2844 778 custodiendae.
2881 729 2962 778 Sic
2997 743 3138 791 ergo,
3173 729 3250 779 dic
3281 731 3428 792 mibi,
3458 733 3524 781 vir
3549 733 3724 795 optime,

2201 847 2306 884 eam
2334 835 2692 892 custodiemus,
2727 836 2769 885 εἰ
2807 841 2858 886 ιιι
2897 837 3120 899 privatim
3163 838 3328 900 viginti
3367 840 3540 888 talenta
3567 844 3725 899 ιειιεεε,

2201 939 2325 988 alius
2357 939 2662 1002 quindecim,
2699 939 2938 990 Demades
2979 941 3138 992 sexies
3177 943 3308 992 mille
3335 945 3539 994 stateres
3561 958 3726 1003 aureos,

2203 1045 2282 1094 aiii
2317 1046 2508 1094 tantum
2551 1049 2786 1109 quantum
2831 1059 2897 1097 ex
2937 1046 3116 1097 indicio
3165 1046 3371 1098 relatum
3417 1051 3518 1099 est?
3536 1051 3644 1100 Nam
3673 1052 3728 1097 ιε-

2205 1143 2332 1193 lenta
2381 1144 2624 1206 sexaginta
2671 1147 2880 1206 quatuor
2927 1145 3028 1208 jam
3081 1149 3328 1208 comperta
3378 1149 3518 1209 sunt,
3555 1161 3727 1210 quorum

2204 1240 2511 1303 peculatuum
2553 1241 2744 1302 cuipam
2792 1240 2840 1289 in
2873 1240 2993 1290 istos
3033 1239 3374 1308 conterendam
3414 1243 3620 1291 censetis.
3653 1243 3730 1300 (90)

2207 1345 2380 1391 Utrum
2405 1355 2547 1405 porro
2569 1343 2811 1393 honestius
2832 1347 2934 1403 cst,
2953 1344 3102 1405 atque
3130 1343 3272 1392 etiam
3297 1343 3512 1408 aequius,
3535 1345 3675 1394 omnia
3693 1345 3730 1392 in

2203 1444 2374 1492 aerario
2395 1445 2664 1504 asservari,
2689 1444 2844 1494 donec
2881 1443 3089 1507 populus
3116 1443 3164 1493 id
3199 1446 3380 1494 statuat
3413 1443 3540 1507 quod
3569 1456 3730 1506 aquom

2205 1545 2298 1606 sit,
2324 1559 2384 1594 an
2417 1546 2473 1594 ut
2501 1551 2716 1595 oratores
2738 1548 2789 1595 et
2816 1545 2996 1596 ducum
3022 1545 3220 1608 quidam
3243 1559 3300 1596 ea
3332 1545 3514 1609 direpta
3543 1549 3730 1596 teneant?

2209 1649 2309 1708 Ego
2335 1647 2464 1696 enim
2503 1647 2728 1696 existimo
2750 1649 2966 1696 constare
2999 1647 3122 1696 inter
3159 1659 3328 1696 omncs
3361 1660 3552 1709 oequurn
3577 1660 3664 1695 esse
3690 1649 3730 1694 ut

2206 1749 2396 1810 pubiice
2435 1750 2792 1812 custodiantur,
2829 1749 3011 1800 nemini
3051 1755 3213 1800 cutem
3239 1756 3426 1800 rectum
3453 1751 3589 1799 videri
3621 1755 3662 1796 ιιι
3684 1749 3730 1796 ab

2204 1848 2306 1896 istis
2329 1853 2579 1897 teneantur
2590 1882 2602 1895 .

2291 1941 2370 1986 91.
2407 1936 2558 1986 Multa
2583 1937 2674 1986 iste
2703 1935 2862 1998 dicet,
2883 1936 3095 1998 jndices,
3129 1939 3182 1986 et
3213 1937 3350 1986 varia
3381 1949 3535 2000 neque
3555 1949 3727 1998 unquam

2205 2028 2390 2079 eadem.
2427 2029 2577 2080 Videt
2609 2030 2736 2079 enim
2773 2041 2861 2080 vos
2894 2029 3030 2080 omni
3065 2035 3278 2094 tempore
3315 2045 3404 2096 spe
3425 2042 3542 2080 vana
3567 2037 3606 2080 et
3631 2030 3730 2078 rusie

2203 2123 2498 2174 orationibus
2525 2136 2556 2173 ε
2577 2137 2630 2173 se
2655 2123 2802 2173 fuisse
2836 2122 3062 2186 deceptos
3080 2160 3095 2185 ,
3127 2124 3179 2173 et
3211 2124 3446 2186 tantisper
3469 2123 3727 2187 pollicitatio·

2205 2231 2324 2268 num
2365 2220 2642 2268 meminisse
2671 2218 2792 2268 dum
2832 2219 3078 2268 dicuntur.
3109 2221 3290 2270 Verum
3325 2219 3370 2270 si
3413 2219 3569 2269 urbem
3607 2219 3728 2267 adhuc,

2205 2313 2538 2364 Demosthenis
2559 2313 2864 2376 improbitate
2883 2314 3028 2376 atque
3047 2313 3330 2364 intelicitate
3352 2314 3448 2364 frui
3471 2317 3640 2378 oportet
3653 2347 3666 2368 .
3689 2317 3728 2360 ιιι

2201 2407 2384 2458 diutius
2435 2409 2582 2459 iratos
2617 2407 2738 2459 deos
2777 2408 3042 2459 babeamus
3071 2409 3258 2473 (neque
3297 2411 3432 2461 enirn
3463 2410 3584 2460 aliud
3625 2409 3725 2471 qaod

2203 2502 2362 2552 dicam
2395 2503 2622 2565 reperio),
2647 2502 2760 2552 boni
2779 2501 3127 2552 cousutendum
3151 2503 3242 2554 erit
3266 2504 3500 2568 quidquid
3525 2503 3728 2562 evena-iu

2205 2595 2306 2658 (92)
2333 2597 2408 2645 sin
2437 2595 2640 2659 patriam
2668 2595 2828 2646 adbuc
2854 2609 3085 2648 curamus
3104 2601 3250 2662 atque
3283 2598 3528 2664 improbos
3553 2602 3597 2650 et
3617 2597 3728 2659 lugi·

2203 2693 2418 2743 tionibus
2465 2693 2705 2744 inhiantes
2749 2691 2942 2744 odimus
2978 2700 3028 2744 et
3064 2695 3280 2746 adversm
3317 2697 3520 2746 fortunae
3559 2695 3726 2758 auguria

2203 2791 2421 2839 evertere
2459 2801 2514 2837 ec
2553 2790 2743 2838 mutare
2784 2787 3034 2848 volumus,
3081 2801 3178 2839 non
3219 2791 3610 2842 committendum
3647 2791 3700 2838 est
3713 2823 3724 2844 ,

2205 2884 2547 2945 Athenienses,
2573 2888 2628 2935 ut
2658 2887 2846 2935 vosmet
2871 2885 3002 2948 ipsos
3027 2887 3193 2937 nefarii
3229 2888 3374 2939 istius
3393 2889 3642 2952 impostoris
3661 2887 3726 2936 de·

2205 2981 2558 3044 precationibus
2587 2980 2800 3044 dedatis,
2847 2994 2940 3032 nec
2985 2981 3300 3034 admittendoe
3329 2987 3444 3035 sunt
3479 2984 3661 3048 quereiae
3690 2985 3726 3030 et

2204 3077 2298 3126 fuci
2330 3077 2499 3139 istius;
2542 3081 2660 3128 satis
2687 3078 2818 3128 euim
2856 3082 2908 3129 et
2927 3079 3058 3130 dicta
3085 3083 3136 3130 et
3159 3081 3284 3131 facts
3317 3085 3370 3133 et
3396 3083 3620 3132 fortunam
3647 3079 3728 3140 ejus

2203 3173 2456 3238 periclitati
2490 3174 2622 3224 estis.
2670 3175 2782 3238 (93)
2825 3178 2891 3226 Et
2932 3177 3046 3239 quis
3087 3182 3306 3226 vestrum
3365 3179 3484 3228 odeo
3529 3174 3730 3226 confidens

2202 3273 2304 3330 est,
2349 3271 2694 3332 Athenienses,
2732 3275 2840 3334 quis
2873 3273 2994 3323 adeo
3021 3273 3316 3336 incogitans,
3349 3275 3458 3337 quis
3478 3274 3591 3325 adeo
3625 3271 3728 3320 rud‘s

2205 3376 2364 3414 rerum
2387 3365 2442 3413 et
2469 3368 2583 3413 ante
2607 3366 2657 3413 et
2677 3363 2820 3414 modo
2835 3367 3080 3427 gestarum
3097 3401 3112 3427 ,
3139 3369 3194 3415 ut
3211 3370 3380 3429 speret
3395 3381 3506 3418 eum
3527 3375 3728 3428 perquem

2201 3471 2262 3507 ex
2290 3459 2422 3506 tanta
2445 3455 2671 3506 felicitate
2705 3455 2768 3506 ed
2800 3459 2984 3507 uniam
3027 3457 3274 3508 infamiam
3317 3459 3434 3509 urbs
3459 3459 3626 3520 dejecta
3655 3457 3730 3510 cst,

2202 3560 2491 3612 quacunque
2512 3547 2574 3598 de
2610 3561 2754 3598 causa
2787 3553 2876 3600 aut
2903 3562 3022 3600 casu
3057 3550 3260 3612 (omitto
3281 3551 3418 3602 enim
3451 3551 3577 3612 boc),
3605 3559 3728 3600 nunc.

2205 3651 2458 3712 postquam
2488 3654 2662 3712 proeter
2683 3651 2867 3699 ceteras
2899 3647 3208 3699 difficultates
3243 3651 3294 3699 et
3329 3651 3544 3714 urgentia
3567 3660 3644 3697 ιιοε
3669 3659 3730 3707 pe·

2204 3747 2354 3797 ricula
2378 3745 2524 3796 etiarn
2545 3745 2760 3809 ipsorum
2803 3745 2946 3808 buius
2977 3745 3111 3795 urbis
3138 3746 3320 3796 civium
3342 3746 3578 3810 corruptio
3602 3755 3729 3792 acces·

2201 3841 2288 3900 stt,
2318 3841 2368 3890 et
2393 3839 2520 3902 turpi
2539 3837 2741 3890 crimine
2757 3851 2929 3889 omnes
2957 3837 3288 3888 conflictamur
3303 3875 3318 3900 ,
3341 3842 3482 3890 utne
3497 3849 3594 3888 eam
3619 3845 3732 3896 pecn-

2204 3933 2332 3981 niam
2366 3944 2477 3994 quoe
2513 3931 2738 3993 privatim
2781 3945 2928 3994 penes
2966 3931 3206 3994 quosdam
3246 3933 3320 3981 cst
3363 3931 3563 3996 populus
3591 3925 3732 3977 natm

2205 4029 2416 4087 putetur,
2443 4036 2573 4073 nunc
2609 4024 2756 4073 istum
2784 4023 2996 4074 consiliis
3023 4023 3124 4072 suis
3159 4025 3210 4072 et
3237 4021 3641 4072 administratione
3665 4029 3732 4065 nos

2202 4121 2632 4172 conservaturum?
2657 4119 2755 4183 (94)
2781 4121 2904 4170 Nam
2932 4123 3166 4182 praetereo
3189 4123 3348 4169 cetera
3366 4131 3478 4182 quae
3504 4115 3730 4166 inconstan-

2207 4223 2278 4268 ter
2301 4219 2486 4280 agendo
2499 4224 2550 4268 et
2573 4217 2902 4280 imprudenter
2917 4215 3250 4266 concionando
3277 4215 3494 4279 perfecit,
3521 4215 3627 4262 dum
3643 4209 3731 4260 alias

2205 4311 2374 4360 scribit
2400 4313 2450 4360 et
2492 4313 2624 4359 vetat
2653 4322 2714 4359 ne
2754 4323 2900 4372 quem
2939 4309 3086 4358 deum
3127 4308 3461 4358 existimemus
3499 4307 3732 4368 praeterens

2203 4405 2286 4468 qui
2309 4405 2422 4452 sunt
2453 4403 2594 4453 nobis
2621 4401 2781 4452 traditi
2798 4414 2829 4451 ε
2861 4401 3154 4464 maloi-ibus,
3179 4399 3299 4450 alias
3325 4399 3447 4450 dicit
3477 4411 3568 4449 non
3589 4393 3731 4445 debere

2209 4502 2439 4564 poputum
2467 4499 2756 4550 contendere
2791 4512 2902 4548 curn
2930 4497 3202 4549 Alexandro
3237 4497 3298 4547 de
3334 4497 3446 4547 coeli
3479 4491 3732 4546 honor-ihm

2204 4611 2353 4662 quum
2381 4600 2546 4647 autem
2565 4597 2614 4646 in
2642 4595 2884 4658 judicium
2917 4599 3134 4644 vestrum
3164 4591 3504 4644 adducendum
3522 4604 3571 4640 se
3597 4583 3732 4650 praeri-

2203 4693 2316 4754 det,
2349 4691 2746 4743 caiiimedontem
2784 4691 2910 4740 laesae
2949 4689 3210 4752 majestatis
3251 4701 3388 4739 reum
3427 4685 3540 4737 iacit
3561 4681 3680 4748 quasi
3704 4677 3733 4725 is

2203 4786 2406 4846 Megari·
2433 4797 2544 4834 cum
2573 4783 2820 4834 exsulibus
2846 4782 3089 4846 colloquia
3121 4781 3296 4832 tiabeat
3327 4775 3640 4843 opprimendae
3664 4769 3731 4820 rei·

2203 4878 2410 4941 publicu».
2437 4890 2576 4940 ergo,
2607 4889 2814 4939 eamque
2844 4875 3086 4926 actionem
3115 4875 3282 4925 statim
3311 4887 3339 4923 e
3375 4871 3569 4930 vestigio
3601 4865 3732 4917 tonitz

2203 4985 2303 5046 (95)
2331 4984 2380 5032 in
2422 4981 2652 5032 concione
2697 4993 2841 5043 porro
2885 4991 3038 5044 nuper
3079 4979 3343 5028 convocata
3383 4974 3582 5026 adduxit
3613 4971 3732 5030 atque

2203 5089 2431 5138 instruxit
2480 5085 2650 5136 falsum
2689 5081 2950 5135 demon-em
2989 5086 3124 5149 quasi
3167 5083 3418 5134 navalibus
3455 5079 3628 5130 insidiae
3665 5075 3728 5122 ne·

2205 5193 2342 5245 rent,
2372 5198 2521 5248 quum
2550 5183 2746 5248 quidem
2772 5197 2827 5233 ee
2851 5183 2911 5232 de
2937 5197 2988 5234 re
3022 5183 3136 5233 nibil
3165 5181 3469 5240 decerneret,
3505 5177 3582 5228 sed
3615 5171 3731 5230 huist‘

2203 5293 2366 5356 judicii
2402 5304 2546 5342 causa
2586 5291 2783 5342 crimina
2828 5289 3060 5340 conflaret
3095 5303 3106 5332 τ
3145 5289 3319 5338 horum
3370 5287 3497 5336 enim
3539 5279 3724 5330 omnium
