3825 5834
546 436 657 487 ⁴88

1971 428 2188 491 DEMA
2197 430 2318 491 ms

540 552 899 632 Ἀλέξανδρος,
920 544 1082 627 εἶπεν,
1110 554 1167 613 ὃν
1190 556 1473 639 ψηφίζεσθε
1516 560 1659 635 θεόν,
1684 562 1813 639 ἐμοῦ·
1854 556 2102 639 νεώτερός
2187 582 2386 635 γοντος.
2420 560 2646 641 Λέγεται
2666 561 2724 621 83
2759 559 2850 621 τὸν
2879 560 2976 639 μὲν
2999 560 3212 623 Πυθίαν
3239 563 3394 623 εἰπεῖν
3412 608 3429 637 ,
3455 562 3540 623 ὅτι
3565 564 3714 623 καθά-

538 642 669 703 ἐστι.
693 666 717 693 ι
744 643 830 703 cf.
862 644 943 703 id.
972 664 1035 719 p.
1072 644 1205 720 784,
1234 648 1297 707 C.

616 816 775 873 Idem
803 819 1095 877 Demosth.
1144 842 1192 881 c.
1228 737 1364 896 ἐξ
1398 824 1493 885 Ἐν
1521 827 1567 884 δ’
1590 824 1837 906 Ἀρκαδίᾳ
1866 824 1958 885 καὶ
1983 826 2095 884 λοι-

537 902 712 981 δορίαν
734 909 825 963 τοῦ
850 906 1053 967 Πυθέου
1084 909 1287 969 καὶτοῦ
1316 912 1679 991 Δημοσθένους
1700 913 1942 993 γενέσθαι
1969 912 2096 993 πρὸς

534 992 793 1063 ἀλλήλους
834 993 1039 1075 εἴρηκεν
1085 1001 1114 1056 ὁ
1142 998 1428 1081 Φύλαρχος
1469 1004 1523 1061 ἕν
1552 1003 1807 1081 ἐκκλησία
1827 1046 1843 1075 ,
1873 1008 1966 1063 τοῦ
1999 1001 2102 1078 μὲν

2187 671 2286 727 περ
2315 648 2518 722 οἰκίαν,
2547 652 2620 719 εἰς
2655 650 2722 721 ἣν
2769 648 2932 711 ὄνειον
2967 649 3264 731 εἰσφέρεται
3297 651 3457 729 γάλα,
3479 652 3636 711 κακόν
3667 677 3712 710 τι

2185 738 2392 803 πάντως
2416 738 2554 817 ἔχειν
2578 737 2876 816 νομίζομεν,
2893 736 3030 797 οὕτω
3046 738 3139 798 καὶ
3149 738 3302 799 πόλιν
3325 739 3517 819 ἀνάγκη
3535 748 3710 811 νοσεῖν,

2184 827 2256 891 εἰς
2283 826 2350 897 ἣν
2373 825 2654 898 Ἀθηναίων
2685 825 2938 903 πρεσὸεία
2965 826 3338 906 παραγίνεται·
3355 826 3437 887 τὸν
3463 824 3522 885 δὲ
3547 831 3712 901 Any-o·

2183 912 2368 984 σθένην
2397 914 2618 993 στρέψαι
2645 912 2706 971 τὸ
2729 914 3068 993 παράδειγμα
3095 913 3369 993 φήσαντα,
3389 916 3478 975 καὶ
3503 915 3568 975 τὸ
3591 916 3714 993 γάλα

2184 1000 2243 1059 τὸ
2271 1001 2434 1061 ὄνειον
2475 1004 2554 1081 ἐφ’
2581 1001 2750 1081 ὑγιείᾳ
2777 1002 2870 1061 καὶ
2903 1001 3022 1069 τοὺς
3064 1001 3362 1075 Ἀθηναίους
3387 1002 3470 1063 (tl
3497 1002 3713 1083 σωτηρία

532 1080 661 1162 ὑπὲρ
689 1086 793 1143 τῶν
824 1084 1180 1167 Μακεδόνων,
1218 1094 1307 1149 τοῦ
1336 1091 1382 1149 δ’
1404 1090 1537 1175 ὑπὲρ
1578 1095 1681 1153 τῶν
1704 1090 1976 1163 Ἐλλήνων
2005 1090 2094 1149 λε’·
2178 1088 2558 1169 παραγίνεσθαι
2587 1094 2692 1150 τῶν
2713 1088 3020 1152 νοσούντων.

1720 1478 1898 1568 LII.
1967 1478 2510 1569 DEMADES.

615 1682 639 1707 α
690 1662 771 1715 De
802 1660 1069 1719 Demadis
1108 1664 1283 1721 rebus
1302 1706 1319 1741 ,
1343 1682 1513 1739 quem
1564 1678 1623 1723 et
1664 1668 1996 1725 brevissime
2034 1678 2091 1723 et
2178 1668 2536 1741 aliorumque
2565 1666 2868 1721 hominum
2907 1662 3214 1722 doctorum
3252 1664 3429 1724 libris.
3509 1664 3716 1739 Quanto

530 1747 809 1805 verissime
834 1746 1035 1805 Velleii
1062 1754 1249 1809 verbis
1273 1752 1361 1833 (a,
1388 1753 1504 1833 68)
1540 1761 1824 1829 Ingeniosa·
1849 1776 2088 1831 nequam
2177 1758 2329 1812 enim
2357 1755 2546 1811 studio
2569 1755 2750 1811 facete
2769 1755 3129 1829 graviterque
3149 1752 3307 1809 dicta
3327 1764 3486 1810 aetate
3513 1754 3714 1809 alexan·

527 1832 695 1891 fuisse
726 1836 967 1908 dixeris,
1014 1852 1143 1913 post
1187 1844 1261 1896 D.
1310 1844 1717 1901 Ruhnkenium
1757 1845 1922 1921 (hist.
1961 1846 2086 1901 crit.
2178 1844 2342 1902 drina
2371 1845 2608 1901 collecta
2651 1844 2769 1899 sint
2806 1842 2997 1899 multis
3031 1843 3306 1917 exemplis
3333 1853 3577 1902 constat.
3649 1850 3712 1899 At

522 1937 583 1992 p.
619 1939 685 1989 7¹
731 1942 856 1997 sqq.
880 1923 896 1997 )
932 1943 1115 2001 nuper
1146 1942 1529 2001 exposuerunt
1558 1935 1633 1989 Η.
1677 1932 1907 2005 Lhardy
1937 1932 2084 2005 (Be-
2169 1932 2300 2005 jure
2327 1932 2622 2006 quaeritur,
2643 1943 2837 1987 utrum
2855 1928 3067 2005 scripta
3100 1930 3196 1986 illa
3223 1932 3471 2005 genuina
3499 1930 3711 2003 suerint,

524 2010 727 2080 rolini,
777 2011 956 2087 1834)
984 2025 1040 2071 et
1072 2016 1141 2073 G.
1173 2018 1247 2075 G.
1274 2020 1541 2095 Pluygers
1564 2020 1583 2095 (
1606 2023 1777 2097 Hagae
1818 2022 2088 2091 Comitis,

532 2097 756 2173 1836),
794 2102 1133 2173 quibuscum
1182 2110 1502 2181 comparari
1546 2120 1817 2184 possunt,
1858 2128 1984 2183 quae
2028 2110 2089 2165 in

523 2187 963 2245 Zimmermanni
984 2192 1201 2249 diurnis
1222 2212 1329 2269 ego
1360 2195 1507 2253 1835
1524 2238 1540 2267 ,
1566 2216 1635 2269 77
1659 2210 1717 2254 et
1746 2204 1815 2256 A.
1842 2196 2090 2255 Wester-

522 2292 761 2331 mannus
808 2277 991 2349 1837,
1024 2278 1099 2335 26
1140 2284 1567 2356 explicavimus.
1654 2286 1821 2344 Adde
1854 2306 1980 2361 quae
2017 2288 2083 2345 G.

522 2362 893 2437 Kiesslingius
933 2368 994 2421 in
1020 2368 1327 2443 Lycurgeis
1353 2392 1411 2446 p.
1446 2374 1547 2429 161
1600 2392 1730 2448 sqq.
1776 2373 2088 2448 disputavit

520 2445 615 2522 [et
644 2451 1041 2526 Bernhardyus
1070 2457 1127 2509 in
1171 2457 1467 2517 Addendis
1496 2460 1570 2517 ad
1614 2460 1852 2517 Suidam
1892 2462 1975 2532 ΙΙ,
2022 2482 2082 2535 2,

518 2556 579 2609 p.
622 2538 768 2593 1812
796 2540 839 2612 J.
926 2545 1051 2599 Hoc
1093 2545 1225 2601 loco
1254 2548 1395 2605 nihil
1442 2550 1669 2605 videtur
1714 2552 2086 2623 quaerendum

520 2642 637 2678 esse
663 2626 769 2679 uisi
794 2626 936 2696 hoc,
974 2640 1168 2686 utrum
1214 2634 1495 2691 Demades
1537 2638 1755 2710 aliquid
1804 2638 2083 2712 scriptum

518 2712 833 2783 reliquerit,
860 2734 937 2771 an
963 2736 1087 2789 quae
1116 2720 1167 2775 ei
1202 2722 1375 2777 tribui
1421 2725 1607 2779 solent
1632 2726 1924 2799 supposita
1949 2728 2080 2784 sint.

519 2804 601 2853 Ac
630 2798 829 2857 Cicero
859 2804 1093 2877 quidem
1122 2807 1283 2865 Bruti
1308 2808 1342 2882 §
1372 2810 1445 2867 36
1478 2814 1557 2868 ait
1589 2828 1603 2865 ε
1638 2817 1707 2881 1⁶5,
1736 2818 1893 2884 cujus
1921 2816 2084 2869 nulla

518 2900 743 2945 exstant
758 2896 991 2963 scr-lpta,
1032 2896 1330 2954 Demades.
1416 2898 1683 2955 Similiter
1704 2901 2084 2971 Quintilianus

516 2977 655 3035 lust.
680 2987 825 3035 orat.
854 2996 910 3032 α.
936 2996 1031 3049 17,
1066 2982 1133 3037 13
1164 2997 1178 3034 τ
1210 2984 1405 3057 Neque
1429 2991 1578 3041 enim
1610 2984 1926 3063 (Demades)
1955 3008 2081 3045 ora·

520 3068 692 3119 tiones
726 3064 966 3120 scribere
989 3080 1072 3122 est
1096 3088 1289 3139 ausus,
1328 3085 1389 3127 ue
1422 3092 1545 3129 eum
1575 3076 1807 3131 multum
1847 3078 2084 3134 valuisse

517 3156 574 3205 in
600 3152 831 3209 dicendo
854 3158 1111 3211 sciamus.
1138 3158 1297 3213 Idem
1324 3178 1415 3219 ια.
1456 3180 1547 3229 10,
1576 3169 1652 3237 49
1688 3184 1703 3221 :
1732 3164 1984 3237 Ideoque
2021 3172 2082 3221 in

518 3241 741 3311 agendo
760 3242 1098 3299 clarissimos
1124 3248 1391 3318 quosdam
1420 3249 1567 3304 nihil
1586 3256 1897 3324 posteritati
1919 3272 2077 3310 man·

516 3332 765 3400 surisque
808 3346 939 3385 mox
987 3330 1164 3387 literis
1190 3334 1478 3406 reliquisse
1492 3375 1509 3404 ,
1554 3349 1616 3391 ut
1664 3338 1937 3395 Periclem
1953 3381 1968 3405 ,
2021 3352 2084 3395 ut

516 3416 848 3472 Demadem.
878 3417 1091 3477 Contra
1122 3420 1321 3477 Suidas
1352 3442 1409 3493 1,
1444 3442 1467 3478 1
1506 3442 1565 3497 p.
1605 3430 1747 3489 1241
1780 3427 1848 3484 B.
1878 3446 1892 3483 :
1927 3422 2081 3502 ἔγρα·

516 3504 611 3580 ψεν
643 3501 1019 3581 Ἀπολογισμὸν
1046 3506 1173 3587 πρὸς
1197 3506 1542 3585 Ὀλυμπιάδα
1574 3514 1668 3581 τῆς
1702 3513 1891 3572 ἑαυτοῦ
1916 3513 2080 3571 δωδε-

514 3588 726 3657 καετίας
746 3636 763 3663 ,
793 3591 1049 3671 Ἱστορίαν
1083 3595 1207 3675 περὶ
1231 3595 1407 3667 Δήλου
1436 3597 1527 3655 καὶ
1554 3602 1647 3667 τῆς
1684 3596 1939 3677 γενέσεως
1973 3602 2078 3659 τῶν

516 3683 719 3751 Λητοῦς
744 3680 946 3739 παίδων
990 3686 1007 3760 (
1028 3704 1145 3758 quo
1176 3687 1307 3742 loco
1330 3688 1473 3759 quid
1502 3689 1691 3744 verbis
1714 3687 1841 3765 πρὸς
1869 3686 2076 3765 Ὀλυμ.-

514 3766 679 3822 πιάδα
720 3768 1039 3825 faciendum
1066 3772 1139 3826 sit
1170 3790 1289 3827 non
1316 3774 1529 3846 liquet,
1574 3794 1899 3849 quanquam
1940 3778 2082 3832 mihi

509 3854 747 3927 quidem
784 3858 1107 3915 Ruhnkenii
1152 3861 1299 3914 ratio
1328 3862 1370 3918 l.
1412 3861 1473 3919 d.
1505 3865 1805 3936 proposita
1834 3867 2079 3921 maxime

513 3943 853 4017 probatur).
941 3948 1141 4021 Neque
1166 3959 1387 4005 tantum
1404 3949 1761 4021 Dqseasiomis·
1782 3955 1932 4011 illius
1949 3974 2080 4029 pars

517 4032 773 4102 quaedam
802 4033 860 4085 in
889 4034 1079 4089 multis
1108 4034 1269 4092 libris
1306 4042 1703 4113 manuscriptis
1730 4054 1953 4099 servata
1977 4044 2078 4099 ad·

512 4120 625 4173 huc
654 4131 832 4176 exstat
857 4162 873 4189 ,
894 4122 991 4177 sed
1018 4124 1189 4181 etiam
1215 4126 1247 4179 J
1253 4144 1457 4182 oannes
1482 4129 1682 4183 Tzetza
1700 4128 1842 4185 Chil.
1878 4128 1938 4201 5,
1964 4130 2075 4196 342

512 4226 641 4281 sqq.
670 4208 729 4277 6,
764 4210 833 4267 16
862 4228 967 4283 sqq
1018 4220 1075 4265 et
1105 4231 1126 4267 1
1146 4232 1213 4267 12
1244 4232 1393 4289 sqq.,
1425 4217 1757 4289 Anonymus
1781 4216 2038 4292 Seguerii
2057 4260 2076 4292 ,

514 4298 795 4370 interpres
820 4299 1050 4355 Hesiodi
1072 4301 1341 4357 videntur
1367 4305 1576 4378 scripta
1596 4306 1854 4379 quadam
1876 4307 2076 4364 Dema·

514 4384 601 4439 dis
630 4387 810 4441 oculis
846 4396 902 4440 et
930 4388 1191 4443 manibus
1218 4394 1597 4465 usurpavisse.
1684 4394 1827 4448 Nam
1855 4395 2076 4467 reliqua

512 4490 642 4527 sane
670 4475 891 4543 omnia,
920 4493 1045 4547 quae
1079 4476 1359 4535 Demades
1386 4477 1588 4535 dixisse
1614 4491 1898 4551 narratur,
1927 4480 2079 4535 simi-

512 4554 591 4611 lia
621 4570 753 4613 sunt
792 4576 1023 4630 eorum,
1052 4580 1179 4634 quae
1216 4563 1450 4617 Isocrati
1472 4602 1490 4632 ‚
1529 4565 1928 4635 Demostheni,
1952 4565 2077 4621 aliis

510 4646 687 4702 tribui
715 4647 957 4705 vidimus
974 4688 992 4717 ,
1018 4648 1316 4724 desumpta
1349 4650 1444 4709 illa
1470 4670 1539 4711 ex
1564 4653 2076 4728 peripateticorum
2111 4676 2124 4691 ·

512 4810 661 4859 tantis
678 4812 821 4861 rebus
847 4812 998 4862 audes
1019 4812 1213 4863 dicere?
1238 4834 1263 4858 ιο
1294 4834 1318 4858 κ
1348 4815 1607 4866 Enimvero
1622 4851 1639 4877 ,
1662 4816 1846 4878 iuquit,
1872 4818 2076 4867 Alexan·

516 4878 619 4937 der,
649 4892 794 4941 quem
826 4892 911 4930 vos
942 4882 1089 4931 deum
1122 4882 1315 4933 decreto
1357 4890 1519 4935 vestro
1556 4884 1710 4936 facitis
1728 4920 1745 4946 ,
1782 4890 1897 4937 natu
1931 4899 2076 4948 quam

524 4961 613 5010 ego
634 4950 791 4999 minor
813 4952 903 4999 est.
924 4970 949 4994 υ

1256 5028 1330 5073 13.

2177 2040 2251 2077 an
2277 2040 2311 2077 a
2351 2022 2676 2077 rhetoribus
2706 2018 2838 2077 ficta
2865 2031 2924 2076 et
2965 2020 3232 2077 Demadis
3267 2021 3486 2076 nomini
3512 2039 3712 2095 suppo-

2175 2112 2302 2167 sita.
2386 2112 2471 2165 Ac
2501 2108 2572 2165 de
2601 2127 2720 2183 quo
2759 2108 2936 2183 paulo
2984 2109 3196 2163 certius
3237 2106 3486 2180 judicari
3529 2108 3711 2183 possit,

2175 2208 2350 2256 exstat
2397 2196 2774 2271 fragmentum
2814 2192 2934 2272 περὶ
2980 2196 3074 2265 τῆς
3119 2192 3483 2259 δωδεκαετίας.
3566 2194 3712 2267 Quod

2175 2304 2500 2359 quanquam
2547 2304 2582 2341 a
2613 2284 2899 2359 plerisque
2945 2282 3274 2339 bominibus
3303 2282 3494 2339 doctis
3527 2282 3708 2359 genui-

2173 2392 2312 2429 num
2347 2372 2550 2429 haberi
2583 2374 2702 2427 scio
2745 2370 2958 2447 (unum
2994 2372 3232 2427 nomino
3267 2370 3332 2428 L.
3374 2371 3706 2444 Spengelium

2173 2480 2360 2534 συναγ.
2399 2480 2548 2537 τεχν.
2591 2479 2655 2535 p.
2691 2457 2838 2534 54),
2871 2470 3060 2514 tamen
3103 2468 3256 2515 certa
3288 2458 3434 2513 mihi
3473 2458 3710 2513 videntur

2173 2548 2504 2603 adulterinae
2529 2550 2765 2623 originis
2785 2546 2996 2603 indicia
3025 2548 3221 2606 inesse.
3265 2546 3568 2602 Sententiae
3587 2564 3708 2619 quae·

2171 2636 2286 2691 sitae
2324 2654 2432 2691 nec
2461 2647 2652 2691 tamen
2687 2654 2902 2709 magnae
2941 2635 3261 2709 gravitatis,
3281 2652 3474 2689 sermo
3523 2634 3710 2689 fucatus

2171 2742 2358 2797 neque
2377 2726 2566 2779 nativa
2587 2725 2685 2779 illa
2712 2723 2978 2779 facilitate
3000 2733 3058 2778 et
3080 2721 3296 2778 facetiis
3319 2722 3467 2777 sanis
3485 2762 3502 2791 ,
3525 2720 3706 2795 quibus

2172 2811 2483 2868 Demadem
2507 2811 2832 2867 excelluisse
2857 2820 3076 2867 veteres
3099 2820 3261 2866 testes
3279 2828 3480 2867 omnes
3498 2827 3704 2865 consen·
3758 2882 3759 2885 Ἴ

2171 2900 2319 2954 tiunt
2344 2898 2500 2975 (Cic.
2533 2910 2683 2957 orat.
2713 2898 2746 2975 §
2771 2900 2912 2974 90),
2937 2898 3308 2973 insignis,res
3347 2918 3478 2973 quae
3505 2916 3704 2953 narran-
3758 2890 3759 2901 ¹

2171 2996 2267 3041 tur
2298 2988 2693 3044 communibus
2729 2988 2918 3043 verbis
2939 2988 3116 3062 magis
3137 2998 3284 3042 tecte
3309 3005 3488 3061 quam
3515 2984 3656 3059 quod
3677 3003 3704 3037 a

2168 3074 2452 3146 Demade,
2473 3075 2706 3131 homine
2733 3072 3006 3130 diuturno
3035 3092 3140 3129 usu
3165 3072 3530 3147 prudentiam
3563 3081 3706 3127 nacto

2169 3180 2573 3237 permagnam,
2603 3164 2920 3219 necessario
2957 3162 3342 3236 requisiveris,
3377 3172 3632 3217 accurate
3660 3166 3708 3212 et

2167 3251 2399 3323 praecise
2422 3251 2730 3325 explicata.
2811 3251 2954 3307 Cum
2972 3260 3190 3305 veteres
3211 3250 3272 3304 in
3298 3248 3556 3305 Demade
3575 3249 3704 3320 inge-

2167 3339 2250 3393 nii
2293 3339 2614 3395 felicitatem
2641 3338 3015 3407 admirentur,
3056 3356 3168 3411 qua
3197 3354 3288 3392 res
3315 3336 3436 3395 sere
3475 3356 3580 3393 acu
3603 3347 3704 3391 tan·

2167 3444 2300 3500 gere
2327 3428 2524 3482 solitus
2545 3428 2647 3496 sit,
2671 3427 2766 3483 hic
2788 3444 2918 3482 eum
2941 3426 3202 3501 ambages
3222 3427 3541 3499 quasivisse
3565 3424 3706 3481 dixe-

2169 3515 2266 3571 ris.
2351 3515 2470 3570 Nec
2487 3554 2506 3581 ,
2535 3515 2582 3570 si
2607 3514 2735 3587 quis
2759 3524 2979 3588 partem
3012 3521 3226 3569 tantum
3251 3522 3468 3569 exstare
3493 3528 3702 3567 excusa-

2167 3601 2312 3655 verit
2331 3641 2348 3670 ,
2371 3598 2652 3675 intelligas
2673 3640 2690 3669 ,
2715 3598 3010 3673 quomodo
3038 3609 3172 3674 post
3196 3617 3262 3655 ea
3286 3617 3416 3671 quae
3431 3605 3704 3671 supersunt

2169 3686 2248 3742 ad
2271 3687 2504 3743 brevem
2529 3698 2588 3743 et
2613 3698 2806 3760 aptam
2829 3705 3022 3743 rerum
3045 3697 3326 3762 gestarum
3343 3687 3704 3742 narrationem

2169 3772 2359 3830 redire
2398 3776 2673 3849 potuerit.
2757 3776 2965 3830 Fateor
3002 3774 3175 3848 igitur
3200 3791 3292 3828 me
3323 3774 3396 3829 iis
3443 3772 3701 3837 assentiri,

2169 3862 2271 3933 qui
2325 3860 2706 3937 frag-mentum
2749 3859 2893 3916 illud
2942 3861 3184 3917 rhetoris
3231 3860 3477 3935 alicujus
3527 3858 3702 3915 fraude

2168 3947 2368 4005 fictum
2395 3960 2453 4004 et
2475 3949 2718 4006 Demadi
2747 3948 3021 4003 tributum
3047 3954 3450 4006 essestatuant.
3529 3948 3702 4018 Neque
3748 3986 3749 3995 2

2167 4035 2318 4091 enim
2355 4036 2672 4111 quidquam
2703 4038 2760 4091 in
2789 4054 2862 4092 eo
2893 4036 3164 4105 traditur,
3191 4037 3329 4108 quin
3357 4036 3526 4093 facile
3549 4054 3614 4091 ex
3647 4036 3702 4087 iis

2168 4140 2297 4193 quae
2344 4124 2417 4179 de
2459 4122 2713 4179 Demade
2759 4134 3126 4178 narrarentur
3171 4122 3396 4177 hauriri
3457 4120 3700 4197 potnerit.
3745 4158 3747 4161 ι

2166 4212 2277 4283 Qui
2303 4210 2497 4267 dedita
2522 4230 2695 4286 opera
2723 4210 2990 4269 fraudem
3018 4210 3174 4266 illam
3200 4212 3480 4285 arguerit,
3497 4204 3702 4265 memini

2171 4300 2478 4368 neminem,
2495 4300 2595 4355 sed
2617 4298 2882 4354 dubitant
2905 4299 2978 4356 A.
2999 4296 3302 4353 Boeckhius
3325 4298 3550 4353 OEcon.
3570 4294 3704 4369 publ.

2169 4388 2304 4446 Ath.
2332 4406 2365 4442 a
2396 4406 2454 4461 p.
2489 4387 2604 4453 246
2625 4430 2642 4457 ,
2668 4387 2916 4442 Bellinus
2939 4385 3014 4442 de
3043 4386 3206 4441 Banu
3237 4384 3388 4442 flist.
3419 4386 3608 4457 eloqu.
3625 4398 3701 4456 gr.
3743 4392 3745 4397 ·

2175 4493 2198 4531 1
2233 4494 2294 4551 p.
2335 4474 2450 4531 330
2501 4473 2614 4550 (cf.
2661 4474 2890 4549 Lhardy
2941 4474 2984 4531 Ι.
3044 4473 3104 4532 d.
3155 4492 3218 4549 p.
3272 4472 3418 4547 13),
3465 4474 3704 4545 Pluygers
3741 4538 3743 4545 Ι

2165 4580 2222 4636 p.
2249 4560 2324 4633 75
2353 4581 2473 4637 sq„
2499 4562 2595 4618 alii
2617 4564 2800 4618 multi.
2882 4561 3125 4618 Accedit
3147 4559 3307 4635 quod
3333 4560 3396 4615 in
3423 4560 3583 4616 brevi
3615 4557 3698 4612 illo
3741 4552 3743 4561 '

2163 4652 2480 4728 fragmento
2506 4652 2661 4709 haud
2683 4668 2872 4727 pauca
2893 4650 3176 4707 vocabula
3201 4648 3493 4723 leguntur,
3521 4646 3706 4721 quibus
3738 4660 3744 4741 1

2166 4816 2382 4876 dixisse,
2409 4814 2822 4879 quemadmodum
2865 4814 3144 4865 crederetur
3179 4812 3356 4864 domus
3387 4814 3438 4863 h
3481 4824 3618 4875 qnam
3643 4808 3702 4857 be

2167 4886 2407 4937 asininum
2447 4887 2670 4949 infertur,
2699 4886 2900 4937 omnino
2923 4885 3085 4949 aliquo
3119 4884 3248 4937 ωιΙο
3271 4884 3526 4943 labente,
3549 4884 3610 4931 ita
3637 4892 3704 4929 er·

2168 4958 2279 5007 bem
2305 4970 2498 5020 quoque
2515 4958 2783 5007 incessat-io
2812 4956 3034 5006 vitiosam
3059 4968 3193 5016 esse,
3213 4956 3262 5004 in
3289 4967 3443 5017 quam
3469 4952 3702 5003 Athenien·

2166 5029 2234 5077 sis
2263 5029 2434 5090 legatio
2463 5028 2677 5089 venirem
2714 5040 2824 5078 eam
2863 5027 3225 5077 similitudinem
3261 5026 3330 5075 ita
3358 5039 3389 5075 a
3413 5023 3702 5077 uemnuhen·

582 5090 879 5151 Phylarchus
900 5094 1059 5141 narrat
1084 5092 1131 5140 in
1158 5095 1356 5143 Arcadia
1384 5094 1613 5157 Pytheam
1634 5099 1682 5147 et
1704 5098 2075 5149 Demosthenem
2167 5102 2408 5150 inversam
2426 5136 2440 5159 ‚
2465 5100 2523 5147 ut
2549 5101 2599 5149 et
2631 5101 2706 5148 lac
2729 5098 2970 5148 asininum
2993 5098 3208 5147 sanitatis
3247 5096 3554 5147 restituente
3575 5102 3700 5141 mm

517 5161 564 5208 in
594 5160 821 5210 concione
850 5162 1067 5210 convicia
1106 5166 1277 5212 mutuo
1312 5164 1511 5227 secisse,
1539 5166 1692 5218 altero
1720 5168 2040 5219 Macedonum
2061 5206 2076 5230 ,

2169 5170 2414 5233 importari
2447 5170 2630 5232 solere,
2669 5174 2720 5220 et
2752 5171 3069 5221 Athenienses
3113 5170 3307 5233 propter
3351 5168 3552 5218 salutem
3595 5162 3698 5212 male

516 5232 667 5283 allero
706 5234 985 5283 Graecorum
1016 5244 1209 5283 caiisam
1250 5238 1435 5297 agente.
1500 5240 1557 5289 Et
1606 5238 1835 5301 Pytheam
1880 5239 2078 5303 quidem
2169 5242 2449 5295 {tabentium
2472 5242 2636 5293 venire
2661 5240 2970 5293 consuevisse
2991 5240 3191 5291 diceret.
