3825 5834
310 993 330 1024 ὓ

455 489 488 535 g
1355 461 1818 530 Al'KOi'Pl'ol·
1851 473 1902 528 Ο
1948 471 2145 530 RATA
2178 475 2701 536 ΛΕΩΚΡΑΤΟΥΣ.

455 601 589 660 κατὰ
628 603 720 672 τὴν
752 603 910 660 αὑτοῦ
944 599 1244 680 προαίρεσιν
1288 597 1472 678 ἔρημοι
1501 599 1595 676 μὲν
1619 591 1753 670 ἦσαν
1781 601 1830 657 οἱ
1855 599 2003 674 ναοί,

459 692 642 768 ἔρημοι
695 688 750 746 δὲ
789 691 842 745 αἱ
872 686 1098 762 φυλακαὶ
1134 689 1237 742 τῶν
1279 689 1500 763 τειχῶν,
1530 684 1850 754 ἐξελέλειπτο
1887 687 1941 744 δὲ
1966 689 2003 756 ἡ

455 775 604 841 πόλις
633 776 722 833 καὶ
749 779 783 844 ή
817 773 986 852 χώρα.
1094 775 1184 848 (39)
1225 773 1413 832 Καίτοι
1451 771 1570 830 κατ’
1621 771 1841 838 ἐκείνους
1889 770 2009 837 τοὺς

455 862 697 941 χρόνους,
725 851 770 919 ὦ
807 860 1020 938 ἄνδρες,
1061 857 1138 926 τίς
1181 861 1275 916 οὐκ
1321 855 1385 915 ἂν
1429 857 1523 928 τὴν
1568 858 1718 916 πόλιν
1749 857 2007 934 ἠλέησεν,

457 951 514 1006 οὗ
556 947 708 1024 μόνον
737 947 952 1018 πολίτης
987 944 1126 1003 ἀλλὰ
1169 945 1260 1004 καὶ
1295 941 1430 1010 ξένος
1473 946 1526 1002 ἐν
1572 952 1676 1010 τοῖς
1715 943 2005 1024 ἔμπροσθεν

373 1053 423 1092 ιο
447 1033 646 1112 χρόνοις
664 1030 1088 1110 ἐπιδεδημηκώς
1123 1032 1200 1098 τίς
1220 1031 1266 1088 δ’
1286 1023 1348 1101 ἦν
1369 1027 1575 1102 οὕτωςῆ
1593 1030 1878 1106 μισόδημος
1890 1031 2007 1088 τότε

452 1121 488 1192 ἢ
513 1119 852 1198 μισαθήναιος
872 1164 890 1194 ,
921 1117 1059 1184 ὅστις
1092 1117 1308 1189 ἐδυνήθη
1341 1116 1404 1174 ἂν
1433 1117 1657 1174 ἄτακτον
1687 1117 1841 1176 αὑτὸν
1871 1121 2004 1175 ὓπο-

452 1215 626 1282 μεῖναι
649 1207 792 1280 ἰδεῖν,
833 1205 990 1276 ἡνίκα
1018 1208 1052 1274 ἡ
1099 1203 1191 1282 μὲν
1221 1195 1354 1274 ἧττα
1383 1203 1472 1260 καὶ
1508 1201 1567 1259 τὸ
1605 1203 1806 1281 γεγονὸς
1844 1203 2007 1269 πάθος

451 1297 526 1370 τῷ
557 1293 769 1372 [δήμῳ]
797 1291 1244 1371 προσηγγέλλετο,
1284 1289 1408 1370 ὀρθὴ
1445 1289 1498 1348 δὲ
1542 1281 1606 1361 ἧν
1652 1295 1686 1360 ἡ
1726 1290 1874 1358 πόλις
1921 1291 2007 1348 ἐπὶ

453 1383 556 1444 τοῖς
594 1377 1004 1456 συμὸεὸηκόσιν,
1055 1381 1110 1434 αἱ
1150 1376 1195 1434 δ’
1237 1375 1440 1441 ἐλπίδες
1486 1379 1578 1447 τῆς
1624 1376 1884 1454 σωτηρίας
1931 1378 2007 1455 τῷ

450 1463 602 1544 δήμῳ
641 1467 692 1522 ἐν
723 1468 826 1530 τοῖς
854 1463 985 1542 ὑπὲρ
1017 1462 1338 1532 πεντήκοντα
1369 1460 1458 1532 ἔτη
1486 1462 1718 1538 γεγονόσι
1741 1462 2008 1533 καθειστή-

353 1567 632 1626 153κεσαν,
664 1551 756 1632 (40)
806 1555 931 1628 ὁρᾶν
973 1549 1016 1606 δ’
1046 1541 1108 1620 ἦν
1149 1548 1237 1607 ἐπὶ
1275 1549 1369 1621 μὲν
1406 1552 1509 1605 τῶν
1551 1552 1714 1628 θυρῶν
1761 1550 2011 1626 γυναῖκας

385 2865 432 2900 10

456 1637 723 1715 ἐλευθέρας
764 1634 1070 1716 περιφόὸους
1095 1633 1482 1713 κατεπτηχυίας
1507 1634 1598 1692 καὶ
1623 1633 2011 1710 πυνθανομένας

453 1727 496 1781 εἷ
525 1727 651 1790 ζῶσι
668 1768 685 1800 ,
707 1721 798 1788 τὰς
823 1720 914 1796 μὲν
935 1719 1064 1799 ὑπὲρ
1087 1721 1296 1800 ἀνδρός,
1325 1719 1415 1787 τὰς
1441 1721 1486 1778 δ’
1511 1719 1640 1798 ὑπὲρ
1665 1718 1892 1798 πατρός,
1920 1719 2012 1787 τὰς

453 1810 499 1868 δ’
527 1807 653 1888 ὑπὲρ
687 1810 944 1884 ἀδελφῶν,
973 1806 1190 1874 ἀναξίως
1219 1810 1387 1864 αὑτῶν
1421 1806 1510 1864 καὶ
1537 1809 1629 1875 τῆς
1657 1805 1856 1872 πόλεως
1884 1810 2009 1882 ὁρω-

454 1894 610 1971 μένας
629 1939 645 1967 ,
672 1898 774 1952 τῶν
807 1895 852 1952 δ’
878 1895 1076 1972 ἀνδρῶν
1101 1891 1219 1958 τοὺς
1255 1896 1358 1959 τοῖς
1393 1891 1628 1967 σώμασιν
1659 1891 2012 1971 ἀπειρηκότας

455 1983 544 2040 καὶ
577 1984 690 2048 ταῖς
741 1979 969 2051 ἡλικίαις
1011 1979 1388 2061 πρεσὸυτέρους
1425 1979 1515 2038 καὶ
1569 1978 1668 2037 ὑπὸ
1694 1982 1798 2037 τῶν
1835 1978 2008 2054 νόμων

455 2075 544 2128 τοῦ
573 2067 946 2148 στρατεύεσθαι
992 2065 1296 2150 ἀφειμένους
1332 2067 1455 2123 ἰδεῖν
1495 2057 1559 2136 ἦν
1591 2068 1708 2123 καθ’
1745 2065 1869 2137 ὅλην
1915 2064 2010 2136 τὴν

456 2155 604 2214 πόλιν
625 2156 714 2213 ἐπὶ
744 2153 916 2234 γήρως
949 2155 1052 2234 ὀδῷ
1082 2152 1584 2233 περιφθειρομένους,
1614 2154 1774 2210 διπλᾶ
1802 2153 1867 2210 τὰ
1893 2152 2013 2228 ίμά·

454 2267 539 2301 τια
560 2239 1086 2322 ἐμπεπορπημένους
1117 2243 1206 2317 (41)
1231 2242 1451 2299 Πολλῶν
1475 2238 1642 2298 δὲκαὶ
1670 2241 1845 2297 δεινῶν
1868 2238 2007 2298 κατὰ

454 2329 547 2400 τὴν
576 2329 726 2388 πόλιν
754 2325 1033 2407 γινομένων
1051 2373 1069 2402 ,
1095 2328 1185 2386 καὶ
1203 2327 1411 2386 πάντων
1434 2331 1536 2385 τῶν
1564 2329 1788 2384 πολιτῶν
1817 2325 1882 2384 τὰ
1915 2324 2013 2402 μί-

455 2439 610 2492 γιστα
645 2413 1010 2493 ἠτυχηκότων,-
1041 2415 1250 2488 μάλιστ’
1271 2413 1332 2470 ἄν
1356 2437 1432 2480 τις
1457 2413 1655 2490 ἤλγησε
1681 2411 1770 2470 καὶ
1792 2411 2008 2491 ἐδάκρυ-

457 2525 543 2560 σεν
569 2501 654 2560 ἐπὶ
679 2505 793 2567 ταῖς
812 2505 904 2570 τῆς
929 2499 1126 2564 πόλεως
1153 2507 1443 2578 συμφοραῖς
1461 2544 1477 2574 ,
1506 2498 1642 2576 ἡνίχ’
1672 2501 1797 2575 δρᾶν
1828 2489 1891 2569 ἦν
1919 2498 2005 2556 τὸν

461 2591 625 2662 δῆμον
649 2586 1008 2665 ψηφισάμενον
1044 2581 1160 2650 τοὺς
1187 2583 1281 2660 μὲν
1307 2583 1515 2648 δούλους
1544 2581 1833 2661 ἐλευθέρους
1851 2626 1867 2654 ,
1893 2584 2011 2650 τοὺς

459 2674 512 2732 δὲ
559 2673 724 2741 ξένους
759 2669 1080 2742 Ἀθηναίους,
1124 2669 1242 2736 τοὺς
1285 2671 1330 2728 δ’
1379 2669 1592 2745 ἀτίμους
1637 2667 1921 2746 ἐπιτίμους·
1957 2668 2011 2736 ὃς

459 2761 702 2839 πρότερον
750 2757 838 2817 ἐπὶ
881 2759 958 2836 τῷ
997 2755 1260 2835 αὐτόχθων
1298 2747 1429 2814 εἶναι
1461 2754 1552 2813 καὶ
1595 2753 1853 2834 ἐλεύθερος
1895 2759 2006 2814 ἐσε-

462 2843 702 2920 μνύνετο.
751 2845 844 2921 (⁴2)
875 2841 1123 2912 Τοσαύτη
1151 2841 1204 2900 δὲ
1227 2845 1260 2912 ἡ
1282 2842 1429 2907 πόλις
1451 2839 1704 2918 ἐκέχρητο
1723 2840 2009 2920 μεταὸολῇ,

458 2929 594 2989 ὥστε
636 2929 885 3010 πρότερον
929 2927 1024 3004 μὲν
1068 2925 1198 3007 ὑπὲρ
1245 2931 1336 2998 τῆς
1377 2929 1480 2984 τῶν
1526 2925 1700 2983 ἄλλων
1740 2926 2010 2998 Ἑλλήνων

455 3017 746 3095 ἐλευθερίας
767 3015 1125 3093 ἀγωνίζεσθαι,
1149 3017 1201 3072 ἐν
1221 3013 1276 3074 δὲ
1298 3017 1403 3080 τοῖς
1430 3011 1546 3072 τότε
1571 3012 1772 3093 χρόνοις
1798 3016 2009 3091 ἀγαπᾶν

457 3103 548 3163 ἐὰν
587 3103 716 3182 ὑπὲρ
748 3107 840 3172 τ’ἧς
881 3103 1052 3158 αὑτῶν
1090 3099 1349 3178 σωτηρίας
1379 3101 1626 3179 ἀσφαλῶς
1659 3099 1872 3170 δύνηται
1899 3122 2009 3157 κιν-

459 3191 724 3260 δυνεῦσαι,
752 3185 1111 3265 καὶπρότερον
1135 3183 1229 3262 μὲν
1253 3187 1451 3257 πολλῆς
1475 3184 1652 3263 χώρας
1671 3188 1774 3242 τῶν
1805 3184 2008 3265 βαρὸἄ·

347 3319 352 3322 -
461 3299 562 3354 ρων
591 3274 858 3354 ἐπάρχειν,
886 3271 1004 3330 τότε
1027 3271 1080 3330 δὲ
1103 3271 1228 3350 πρὸς
1259 3271 1570 3338 Μακεδόνας
1606 3270 1734 3349 ὑπὲρ
1764 3276 1856 3342 τῆς
1881 3271 2011 3338 ἰδίας

461 3360 783 3420 κινδυνεύειν·
812 3357 902 3418 καὶ
933 3358 1020 3416 τὸν
1040 3360 1202 3434 δῆμον
1230 3356 1287 3416 ὃν
1319 3356 1566 3436 πρότερον
1607 3358 2010 3434 Λακεδαιμόνιοι

415 3475 435 3504 :.
459 3449 548 3506 καὶ
607 3445 1017 3516 Πελοποννήσιοι
1057 3444 1147 3502 καὶ
1198 3447 1244 3502 οἱ
1290 3444 1386 3516 τὴν
1433 3442 1606 3502 Ἀσίαν
1653 3450 2010 3510 κατοικοῦντες

459 3533 719 3606 ἽΞλληνες
767 3531 951 3611 βοηθὸν
1000 3532 1372 3602 ἐπεκαλοῦντο,
1413 3521 1560 3596 οὗτος
1595 3530 1756 3588 ἐδεῖτο
1803 3533 1906 3588 τῶν
1957 3530 2009 3599 ἐξ

461 3619 675 3700 Ἄνδρου
696 3619 787 3680 καὶ
819 3619 938 3678 Κέω
965 3619 1058 3677 καὶ
1093 3621 1370 3697 Τροιζῆνος
1409 3615 1499 3676 καὶ
1541 3615 1764 3675 Ἐπιδαύ
1829 3641 1858 3674 υ
1893 3620 2008 3676 ἐπι·

464 3707 674 3786 κουρίαν
697 3708 838 3785 αὑτῶ
863 3703 1320 3784 μεταπέμψασθαι.
1409 3703 1498 3778 (43)
1522 3700 1721 3774 Ὥστε,
1740 3726 1785 3760 ω
1813 3701 2008 3780 ἄνδρες,

463 3793 549 3851 τὸν
577 3796 629 3850 ἐν
657 3796 760 3859 τοῖς
797 3791 1040 3856 τοιούτοις
1068 3790 1244 3867 φόὸοις
1281 3789 1371 3847 καὶ
1412 3787 1730 3861 τηλικούτοις
1762 3789 2009 3856 κινδύνοις

463 3880 552 3937 καὶ
579 3881 809 3955 τοσαύτῃ
851 3875 1072 3955 αἰσχύνῃ
1118 3875 1533 3952 ἐγκαταλιπόντα
1569 3873 1664 3947 τὴν
1690 3875 1876 3949 πόλιν,
1918 3877 2008 3935 καὶ

464 3965 598 4041 μήτε
625 3964 764 4023 ὅπλα
805 3963 1016 4037 θέμενον
1051 3963 1180 4041 ὑπὲρ
1207 3967 1298 4032 τῆς
1327 3961 1571 4040 πατρίδος
1601 3962 1734 4038 μήτε
1767 3961 1826 4019 τὸ
1851 3966 2007 4036 σῶμα

381 4073 435 4111 20
463 4051 800 4131 παρασχόντα
828 4049 978 4117 τάξαι
1005 4052 1110 4114 τοῖς
1136 4055 1474 4127 στρατηγοῖς,
1493 4048 1629 4106 ἀλλὰ
1668 4047 1892 4127 φυγόντα
1918 4049 2007 4107 καὶ

461 4137 716 4216 προδόντα
743 4135 837 4208 τὴν
863 4141 964 4198 ,τοῦ
987 4133 1154 4210 δήμου
1184 4133 1468 4212 σωτηρίαν,
1499 4132 1574 4200 τίς
1606 4133 1670 4192 ἂν
1697 4133 1731 4205 ἢ
1759 4134 2009 4205 δικαστὴς

460 4223 724 4304 φιλόπολις
751 4223 840 4280 καὶ
872 4221 1102 4281 εὖσεὸεἶν
1141 4219 1452 4298 βουλόμενος
1479 4219 1639 4300 ψήφῳ
1676 4218 2004 4298 ἀπολύσειεν,

460 4311 494 4380 ἢ
526 4310 696 4392 ῥήτωρ
723 4309 926 4380 κληθεὶς
961 4311 1035 4388 τῷ
1075 4306 1304 4386 προδότῃ
1339 4311 1431 4378 τῆς
1473 4306 1672 4373 πόλεως
1709 4306 2007 4384 βοηθήσειε,

457 4397 546 4454 τὸν
569 4395 686 4455 οὐδὲ
715 4399 1075 4473 συμπενθῆσαι
1105 4393 1198 4460 τὰς
1226 4395 1316 4463 τῆς
1340 4391 1586 4470 πατρίδος
1613 4391 1878 4472 συμφορὰς
1900 4395 2012 4451 τολ-

460 4485 734 4559 μήσαντα,
761 4483 875 4542 οὐδὲ
911 4479 1342 4558 συμὸεὸλημένον
1374 4479 1518 4540 οὐδὲν
1553 4481 1622 4546 εἷς
1662 4479 1756 4550 τὴν
1786 4483 1880 4550 τῆς
1913 4481 2009 4538 πό·

458 4574 587 4638 λεως
621 4569 711 4628 καὶ
754 4576 844 4628 τοῦ
874 4568 1040 4644 δήμου
1071 4567 1366 4647 σωτηρίαν;
1392 4565 1482 4645 (u)
1517 4565 1702 4626 Καίτοι
1741 4566 1858 4624 κατ’
1878 4565 2011 4624 ἐκεί-

459 4680 571 4725 νους
593 4655 708 4723 τοὺς
734 4654 948 4735 χρόνους
983 4655 1076 4713 οὖκ
1105 4652 1244 4712 ἔστιν
1277 4652 1390 4724 ἥτις
1422 4652 1600 4724 ἡλικία
1624 4653 1683 4711 οὗ
1715 4651 2011 4731 παρέσχετο

385 4761 436 4798 25
465 4741 653 4812 ἑαυτὴν
683 4745 752 4808 εἰς
782 4739 876 4812 τὴν
899 4744 991 4811 τῆς
1018 4737 1216 4805 πόλεως
1241 4738 1534 4817 σωτηρίαν,
1555 4735 1637 4796 ὅτε
1665 4742 1699 4809 ἡ
1735 4736 1831 4815 μὲν
1857 4738 2008 4818 χώρα

459 4827 527 4885 τὰ
552 4827 735 4906 δένδρα
763 4825 1135 4901 συνεὸάλλετο,
1175 4828 1224 4884 οἱ
1255 4824 1310 4883 δὲ
1337 4824 1754 4895 τετελευτηκότες
1789 4823 1882 4891 τὰς
1915 4825 2007 4888 θῆ-

460 4937 583 4991 κας,
617 4917 664 4972 οἱ
700 4913 754 4971 δὲ
792 4915 905 4972 ναοὶ
940 4913 1004 4971 τὰ
1050 4913 1206 4974 ὅπλα.
1265 4911 1672 4986 ’Ἐπεμελοῧντο
1704 4908 1804 4990 γὰρ
1831 4913 1878 4968 οἱ
1911 4909 2008 4988 μὲν

459 5005 551 5071 τῆς
579 5001 680 5059 τῶν
711 5003 898 5078 τειχῶν
921 5001 1278 5072 κατασκευῆς,
1299 5001 1347 5056 οῖ
1378 4995 1431 5055 δὲ
1455 5000 1543 5069 τ’ἤς
1569 5001 1671 5055 τῶν
1700 4997 1929 5077 τάφρων,
1960 5002 2007 5056 οἳ

461 5087 512 5144 δὲ
542 5090 634 5158 τῆς
655 5085 1022 5164 χαρακώσεως·
1050 5085 1212 5153 οὐδεὶς
1247 5085 1294 5143 δ’
1327 5077 1393 5156 ἦν
1423 5083 1574 5161 ἀργὸς
1599 5086 1702 5142 τῶν
1727 5085 1778 5141 ἐν
1805 5089 1871 5162 τῇ
1903 5084 2005 5142 πό-

460 5176 557 5234 λει.
639 5171 757 5250 Ἐφ’
787 5164 858 5231 ὧν
899 5171 1099 5239 οὐδενὸς
1141 5171 1200 5230 τὸ
1228 5176 1382 5250 σῶμα
1415 5171 1473 5230 τὸ
1493 5175 1678 5230 ἑαυτοῦ
1711 5172 2007 5250 παρέσχετο

3372 477 3653 557 (ιιι-ω)

2094 607 2223 654 εει-ιο
2266 605 2465 656 missent
2504 608 2685 670 templa
2730 607 2795 656 ab
2822 608 2993 669 saeris,
3024 607 3223 658 dmm
3272 609 3470 658 ῐιιὶεοαιῑ
3502 610 3651 660 etiam

2094 691 2325 741 mstodioe
2354 705 2634 756 murorum,
2674 693 2841 744 relicta
2877 697 3039 744 autem
3062 697 3185 746 esset
3214 695 3381 746 civitas
3410 698 3461 746 et
3496 696 3648 758 regio.

2096 778 2195 840 (39)
2221 783 2443 830 Attamen
2474 781 2569 830 illis
2583 781 2896 844 temporibus,
2922 781 3041 843 viri,
3060 781 3170 844 quis
3196 795 3295 831 non
3322 783 3453 832 urbis
3477 783 3651 832 marer-

2096 868 2175 914 tus
2221 865 2411 928 inisset,
2444 881 2541 916 non
2589 870 2745 918 solum
2784 867 2927 928 civis,
2973 883 3144 918 verum
3190 870 3333 918 etiam
3374 869 3656 932 peregrinus

2094 952 2177 1012 qui
2201 953 2439 1014 prioribus
2463 954 2757 1018 temporibus
2784 954 2845 1004 ad
2868 969 2955 1005 nos
2972 955 3249 1006 advenerit?
3268 955 3389 1014 Quis
3412 969 3527 1006 vero
3542 961 3655 1006 erat

2095 1038 2215 1088 adeo
2243 1053 2353 1088 osor
2372 1041 2447 1090 vel
2484 1041 2651 1104 populi
2683 1042 2763 1091 vel
2792 1042 3176 1104 Atheniensium,
3216 1043 3303 1106 qui
3332 1043 3561 1105 potuisset
3594 1057 3655 1094 se

2094 1124 2251 1186 ipsum
2293 1126 2616 1177 inordinatum
2664 1129 2899 1179 sustinere
2956 1129 3145 1190 videre,
3193 1129 3388 1192 quando
3432 1131 3655 1180 victoriae

2096 1211 2287 1262 amissio
2318 1215 2369 1262 et
2402 1215 2533 1276 quod
2586 1215 2849 1277 contigerat
2898 1210 3079 1266 malum
3116 1217 3353 1280 [populo]
3390 1217 3653 1266 annuntia-

2098 1298 2256 1360 batur,
2274 1303 2459 1350 arrecta
2484 1305 2647 1352 autem
2672 1305 2805 1353 metu
2824 1307 2921 1354 erat
2942 1303 3109 1354 civitas
3124 1306 3318 1366 propter
3332 1317 3415 1354 eas
3434 1317 3547 1366 quar
3562 1317 3654 1352 ac-

2096 1385 2311 1437 ciderant
2360 1388 2683 1450 calamitates,
2716 1403 2823 1452 spes
2868 1390 3031 1441 autem
3071 1391 3241 1440 salutis
3279 1392 3457 1455 populo
3500 1391 3549 1442 in
3590 1391 3657 1441 iis

2098 1473 2181 1535 qui
2210 1474 2335 1524 ultra
2372 1476 2715 1540 quinquaginta
2748 1489 2903 1527 anuos
2938 1477 3041 1528 nati
3070 1480 3211 1528 erant
3244 1478 3481 1528 collocata
3516 1481 3655 1537 eran

2100 1561 2199 1623 (40)
2216 1572 2369 1623 quum
2390 1562 2553 1613 videre
2572 1566 2677 1613 erat
2696 1564 2757 1613 ad
2774 1565 2938 1627 portas
2962 1578 3139 1614 uxores
3162 1564 3337 1616 liberas
3366 1565 3575 1628 trepidas
3600 1570 3659 1614 et

2097 1648 2423 1705 consternatas
2444 1657 2873 1720 percontantesque
2905 1669 3024 1707 num
3046 1657 3291 1720 viverent,
3316 1655 3437 1709 alias
3452 1659 3657 1721 quidem

2098 1747 2159 1797 de
2184 1749 2357 1797 marito
2370 1783 2386 1808 ,
2408 1748 2526 1799 alias
2555 1747 2616 1799 de
2636 1751 2774 1812 patre
2786 1786 2803 1812 ,
2824 1750 2942 1800 alias
2956 1750 3019 1801 de
3040 1751 3291 1813 stati-ibus,
3314 1752 3483 1800 contra
3502 1751 3658 1813 digni·

2100 1845 2247 1892 tatem
2273 1844 2373 1893 nm
2390 1844 2599 1906 ipsarum
2611 1858 2757 1909 quam
2776 1845 2907 1896 urbis
2927 1847 2993 1896 ita
3012 1851 3305 1909 conspectas,
3320 1846 3449 1896 viros
3466 1849 3658 1908 autern,

2100 1938 2182 2000 qui
2200 1938 2480 2000 corporibus
2494 1939 2554 1988 ad
2574 1939 2755 1988 bellum
2774 1939 2931 1989 idonei
2950 1953 3049 1988 non
3066 1943 3203 1990 erant
3213 1943 3265 1991 et
3278 1943 3423 1998 anate
3438 1939 3655 2002 grandm-

2100 2030 2147 2078 τι·
2164 2031 2215 2078 et
2234 2043 2315 2092 per
2341 2031 2467 2094 leges
2491 2044 2522 2080 a
2544 2031 2713 2080 militia
2739 2033 2948 2092 dimissi,
2970 2033 3133 2082 videre
3151 2035 3255 2082 erat
3280 2046 3365 2095 per
3394 2036 3545 2084 totam
3567 2041 3657 2083 ur·

2100 2122 2209 2170 bem
2246 2125 2361 2172 tunc
2394 2123 2443 2171 iu
2471 2124 2571 2186 ipso
2607 2125 2865 2174 senectutis
2900 2125 3062 2174 limine
3089 2125 3259 2175 misere
3292 2126 3568 2176 oberrantes
3602 2132 3656 2176 et

2099 2213 2368 2276 duplicibus
2403 2215 2559 2278 palliis
2579 2252 2594 2277 ,
2627 2229 2737 2279 quoe
2772 2217 2931 2267 fibulis
2971 2216 3181 2267 astrictae
3226 2220 3389 2280 erant,
3423 2218 3657 2269 indutos?

2104 2309 2203 2371 (41)
2220 2311 2380 2366 Quum
2394 2313 2554 2362 autem
2571 2311 2797 2375 pleraque
2810 2313 2963 2363 tristia
2974 2315 3025 2364 et
3038 2314 3275 2364 horrenda
3288 2315 3457 2366 tierent
3473 2317 3521 2366 in
3534 2319 3660 2366 urbe

2101 2404 2323 2466 civesque
2356 2417 2524 2454 omnes
2548 2417 2737 2455 summa
2768 2407 3041 2457 infelicitate
3066 2411 3411 2470 premerentur,
3442 2411 3663 2460 maxime

2099 2498 2205 2544 tum
2250 2495 2359 2557 quis
2397 2495 2627 2546 doluisset
2664 2497 2969 2560 ubertimque
3016 2497 3215 2548 fudisset
3250 2499 3471 2574 lacrirnas
3508 2513 3661 2563 super

2100 2589 2246 2638 tantis
2266 2588 2399 2638 urbis
2440 2590 2821 2652 calamitatibus,
2856 2591 3053 2654 quando
3087 2593 3251 2644 videre
3278 2597 3387 2644 erat
3418 2596 3659 2658 populum

2098 2681 2433 2732 decernentem
2458 2695 2622 2732 servos
2654 2683 2829 2734 debere
2844 2697 2947 2735 esse
2978 2686 3171 2749 liberos,
3200 2688 3472 2750 peregriaos
3504 2690 3661 2738 Athe-

2098 2775 2300 2837 nienses,
2318 2775 2575 2837 ignominia
2588 2777 2779 2828 notatos
2796 2780 2922 2828 sama
2936 2780 3144 2843 integros
3160 2795 3173 2830 ε
3190 2781 3275 2844 qui
3290 2783 3431 2832 antea
3447 2796 3506 2832 eo
3521 2785 3659 2846 quod

2098 2867 2232 2916 liberi
2255 2869 2305 2916 et
2325 2868 2454 2928 solo,
2475 2869 2605 2932 quod
2618 2870 2918 2934 incolebant,
2938 2871 3089 2922 innati
3112 2876 3285 2933 emeat,
3308 2874 3655 2937 gloriabantur.

2100 2961 2196 3022 (42)
2226 2965 2282 3011 in
2305 2964 2489 3012 tantam
2512 2965 2674 3014 autem
2699 2967 3098 3027 permutationem
3120 2970 3193 3017 est
3228 2968 3343 3018 urbs
3378 2967 3574 3029 adacta,
3598 2973 3661 3018 ιιι

2099 3068 2250 3117 quum
2276 3057 2409 3118 prius
2436 3070 2525 3120 pro
2558 3059 2853 3120 reliquorum
2876 3063 3154 3110 Groecorum
3189 3061 3343 3112 salute
3376 3062 3657 3122 dimicaret,

2098 3151 2308 3199 contenti
2326 3149 2426 3212 iam
2450 3153 2633 3213 essent,
2670 3153 2710 3202 si
2732 3165 2819 3214 pro
2836 3167 2923 3203 sua
2941 3155 3153 3216 ipsorum
3184 3155 3338 3205 salute
3362 3157 3469 3205 tuto
3506 3155 3659 3206 dimi-

2098 3255 2209 3291 care
2236 3244 2452 3305 possent;
2493 3245 2542 3292 et
2567 3245 2651 3306 qui
2678 3245 2885 3294 antehac
2914 3259 3099 3309 magnae
3124 3246 3436 3297 barbarorum
3472 3249 3657 3311 regioni

2097 3336 2475 3397 dominarentur,
2494 3339 2612 3388 tunc
2632 3339 2854 3401 temporis
2883 3339 3111 3390 adversus
3142 3341 3428 3392 Macedonas
3450 3356 3539 3404 pro
3564 3357 3659 3393 sua

2096 3431 2221 3477 terra
2248 3427 2471 3490 periculis
2497 3427 2857 3478 involverentur
2895 3449 2909 3480 ι
2954 3433 3003 3480 et
3030 3444 3174 3494 quem
3196 3433 3399 3481 antehac
3418 3433 3657 3496 populum

2096 3515 2441 3568 Laoc-daemonii
2456 3556 2469 3580 ,
2504 3521 2859 3583 Peloponnesii,
2907 3521 3161 3585 Asiamque
3198 3523 3460 3574 incolentes
3493 3527 3653 3575 Graeci

2098 3608 2277 3657 auxilio
2300 3609 2593 3660 advocarent
2607 3647 2621 3672 ,
2648 3611 2727 3660 bic
2749 3613 2849 3674 jam
2872 3627 2993 3676 opus
3012 3614 3211 3666 haberet
3233 3629 3297 3666 ex
3316 3615 3504 3678 Andro,
3522 3619 3625 3666 ceo
3640 3654 3659 3678 ,

2094 3703 2322 3750 Troezene
2346 3703 2396 3752 et
2420 3702 2657 3764 Epidauro
2686 3704 2865 3754 auxilia
2890 3705 2979 3756 sibi
3004 3718 3262 3756 accersere.
3298 3709 3394 3769 (43)
3422 3707 3657 3770 proinde,

2092 3793 2278 3855 judiees
2290 3830 2305 3856 ,
2326 3807 2439 3844 eum
2458 3796 2541 3857 qui
2560 3795 2611 3844 in
2626 3795 2859 3858 ejusmodi
2876 3777 3164 3857 ten-mribus,
3186 3799 3235 3846 in
3254 3799 3401 3848 tantis
3415 3799 3647 3862 periculis

2094 3891 2326 3953 tantaque
2360 3891 2659 3954 turpitudine
2693 3892 2863 3942 urbem
2898 3893 3228 3956 dereliquerit,
3244 3909 3399 3957 neque
3430 3911 3533 3948 sese
3556 3915 3648 3962 pro

2096 3983 2249 4043 patria
2266 3984 2523 4033 armaverit
2552 3995 2711 4046 neque
2747 3997 2923 4046 corpus
2962 3999 3105 4035 suum
3128 3985 3385 4047 praebuerit
3404 3986 3466 4036 ad
3492 3989 3652 4038 aciem

2094 4071 2488 4134 imperatoribus,
2510 4074 2593 4124 sed
2626 4075 2931 4148 transfugerit
2956 4077 3103 4136 atquc
3128 4078 3290 4139 populi
3312 4079 3512 4128 salutem
3534 4083 3655 4141 pro-

2095 4163 2535 4240 diderit,·quisnam
2567 4165 2713 4227 judex
2751 4167 2885 4216 urbis
2902 4180 3069 4217 amans
3096 4171 3184 4219 aut
3212 4172 3318 4232 pius
3348 4185 3449 4221 esse
3484 4173 3657 4224 volens

2097 4257 2331 4306 sententia
2356 4269 2445 4306 sua
2473 4257 2755 4318 absolverit,
2781 4261 2870 4310 aut
2903 4259 3122 4321 quisnam
3142 4264 3303 4312 orator
3338 4264 3433 4312 buo
3465 4266 3654 4316 accitus

2100 4350 2327 4414 proditori
2346 4349 2476 4400 urbis
2491 4349 2636 4412 openi
2650 4350 2851 4400 tulerit?
2877 4350 3137 4414 quinoque
3152 4365 3295 4416 super
3311 4355 3458 4404 tantis
3478 4358 3654 4417 patrie

2097 4442 2447 4494 calmnitatibus
2460 4455 2553 4492 una
2570 4441 2731 4505 lugere
2748 4457 2891 4494 ausus
2910 4444 3067 4506 fuerit,
3087 4457 3245 4506 neque
3261 4445 3519 4508 quicquam
3534 4459 3652 4496 eoa·

2099 4535 2262 4585 tulerit
2280 4535 2341 4584 ad
2368 4533 2503 4584 urbis
2518 4536 2569 4584 et
2588 4535 2751 4597 populi
2770 4536 3008 4586 salutem?
3071 4535 3169 4597 (44)
3198 4538 3261 4586 At
3285 4549 3399 4587 vero
3424 4537 3517 4586 illis
3531 4539 3652 4588 tem-

2100 4629 2295 4692 poribus
2320 4629 2451 4679 nulia
2472 4630 2576 4679 erat
2596 4631 2715 4680 aetas
2736 4642 2847 4691 quae
2878 4641 2975 4678 non
3009 4629 3279 4679 exhibuerit
3312 4643 3364 4679 se
3397 4631 3549 4692 ipsam
3586 4633 3651 4680 ad

2100 4720 2232 4770 urbis
2256 4721 2459 4770 salutem
2478 4721 2707 4771 tuendam
2720 4757 2735 4782 ,
2758 4721 2952 4783 quaudo
2984 4721 3111 4783 regio
3136 4721 3242 4770 haec
3262 4721 3456 4772 arbores
3472 4725 3649 4771 contu·

2100 4810 2179 4870 lit,
2199 4811 2376 4862 mortui
2392 4823 2507 4861 vero
2522 4807 2949 4872 sepulcra,tempia
2970 4810 3131 4876 autem
3150 4821 3301 4856 arma.
3322 4811 3501 4858 curam
3518 4811 3677 4860 enlm'

2096 4903 2323 4966 gerebant
2340 4902 2419 4951 aiii
2436 4901 2630 4964 quidem
2653 4901 2882 4952 moeuium
2894 4901 3277 4962 constructionis,
3296 4901 3374 4950 alii
3395 4903 3649 4966 fossarum,

2098 4993 2177 5041 alii
2209 4992 2319 5042 valli
2356 5012 2367 5042 ς
2396 5005 2552 5054 neque
2575 4992 2825 5054 quisquam
2849 5005 2909 5040 ex
2944 4990 3165 5040 omnibus
3182 4991 3331 5054 quiin
3364 4993 3484 5044 urbe
3510 5001 3650 5049 erant

2096 5089 2277 5138 otiosus
2290 5089 2541 5148 tor-pensve
2560 5085 2901 5135 inveniebatur.
2925 5087 2987 5135 At
3005 5085 3177 5135 horum
3196 5099 3393 5148 operum
3409 5087 3527 5139 nulli
3546 5105 3647 5140 cor-

2098 5193 2187 5242 pus
2198 5191 2339 5229 suum
2360 5177 2567 5240 praebuit
2584 5175 2937 5228 admovendum
2962 5178 3227 5228 Leocrates.
3295 5178 3393 5241 (45)
3425 5182 3546 5237 Quae
3566 5195 3651 5230 vos
