3825 5834
486 482 555 532 2⁸

1099 613 1414 658 ΨΒΦῘΣΜΑ.

563 761 654 803 Ιςύ.
699 745 906 814 Ταῦτα,
933 729 976 798 ὦ
996 738 1190 817 ἄνδρες,
1221 735 1452 815 ἔγραψαν
1483 735 1553 797 εἰς
1573 735 1666 802 τὴν
1697 730 1914 802 στήλην,
1948 731 2036 788 καὶ

407 855 414 860 ·
483 831 676 900 ταύτην
718 829 941 898 ἔστησαν
973 827 1040 890 εἷς
1083 825 1142 880 τὸ
1187 819 1545 900 βουλευτήριον
1593 818 1877 894 ὑπόμνημα
1928 824 2035 881 τοῖς

488 920 604 976 καθ’
634 916 858 984 ἑκάστην
885 911 1087 989 ἡμέραν
1119 915 1346 967 συνιοῦσι
1374 907 1460 964 καὶ
1495 901 1882 982 βουλευομένοις
1903 900 2033 979 ὑπὲρ

483 1011 574 1074 τῆς
609 1001 856 1082 πατρίδος
882 1003 951 1066 ὥς
983 1004 1059 1056 δεῖ
1082 997 1209 1074 πρὸς
1243 991 1360 1060 τοὺς
1387 991 1642 1056 τοιούτους
1684 988 1841 1066 ἔχειν.
1929 988 2033 1046 Καὶ

483 1092 569 1151 διὰ
614 1097 763 1148 τοῦτο
791 1089 852 1146 ἀν
899 1110 974 1153 τις
1017 1084 1260 1156 αἴσθηται
1309 1080 1462 1157 μόνον
1515 1077 1796 1148 μέλλοντας
1844 1073 2033 1140 αὐτοὺς

482 1177 676 1237 τούτων
699 1200 751 1234 τι
776 1179 972 1246 ποιεῖν,
1003 1169 1320 1230 ἀποκτείνειν
1351 1165 1679 1243 συνώμοσαν.
1786 1161 2033 1226 Εἰκότως·

483 1269 585 1323 τῶν
616 1265 708 1340 μὲν
733 1263 833 1341 γὰρ
858 1261 1029 1319 ἄλλων
1055 1256 1390 1333 ἀδικημάτων
1433 1251 1648 1331 ὑστέρας
1685 1251 1762 1308 δεῖ
1789 1248 2037 1324 τετάχθαι

407 1372 460 1412 aa
488 1352 577 1418 τὰς
627 1350 914 1429 τιμωρίας,
943 1345 1221 1426 προδοσίας
1256 1341 1310 1400 δὲ
1360 1339 1450 1398 καὶ
1488 1339 1660 1413 δήμου
1702 1333 2037 1398 καταλύσεως

483 1437 757 1517 προτέρας.
845 1439 912 1494 1·Σῖ
939 1432 1040 1512 γὰρ
1064 1430 1357 1510 προήσεσθε
1384 1431 1564 1484 τοῦτον
1600 1423 1686 1481 τὸν
1712 1421 1888 1500 καιρὸν
1920 1423 1973 1478 ἐν
1995 1413 2037 1500 ᾧ

487 1527 760 1593 μέλλουσιν
791 1523 972 1580 ἐκεῖνοι
1000 1519 1137 1578 κατὰ
1160 1521 1250 1588 τῆς
1285 1513 1528 1593 πατρίδος
1563 1510 1756 1592 φαῦλόν
1783 1533 1834 1566 τι
1862 1507 2037 1586 πράτ-

485 1637 606 1684 τειν,
634 1613 727 1670 οὗκ
768 1610 904 1668 ἔστιν
958 1613 1078 1684 ὑμῖν
1123 1605 1255 1683 μετὰ
1296 1607 1462 1660 ταῦτα
1509 1599 1657 1670 δίκην
1698 1599 1824 1676 παρ’
1869 1598 2037 1654 αὐτῶν

487 1699 796 1758 ἀδικούντων
836 1695 1035 1754 λαὸεῒν·
1091 1691 1350 1772 κρείττους
1394 1689 1494 1768 γὰρ
1542 1687 1646 1758 ἤδη
1693 1684 1920 1764 γίνονται
1948 1686 2039 1752 τῆς

486 1787 629 1868 παρὰ
657 1790 757 1844 τῶν
780 1782 1127 1857 ἀδικουμένων
1153 1777 1420 1857 τιμωρίας.
1669 1847 1674 1853 ι

569 1897 660 1934 127.
701 1875 1033 1946 Ἐνθυμεῖσθε
1051 1867 1233 1939 τοίνυν,
1258 1856 1300 1924 ὦ
1324 1865 1518 1942 ἄνδρες,
1543 1867 1635 1931 τ’ῆς
1652 1859 1893 1939 προνοίας
1911 1857 2036 1917 ταύ-

487 1985 578 2032 της
607 1961 696 2018 καὶ
724 1963 825 2017 τῶν
859 1957 1020 2037 ἔργων
1061 1954 1239 2030 ἀξίως,
1277 1951 1367 2010 καὶ
1419 1949 1491 2026 μὴ
1537 1947 1937 2005 ἐπιλανθάνεσθε
1984 1947 2037 2002 ἔν

407 2062 462 2101 ⁴0
488 2051 549 2126 τῇ
574 2047 731 2126 ψήφῳ
751 2043 868 2104 οἵων
883 2045 1077 2122 ἀνδρῶν
1093 2037 1290 2116 ἔκγονοί
1310 2040 1451 2107 ἐστε,
1471 2034 1607 2092 ἀλλὰ
1620 2030 2037 2112 παρακελεύεσθε

488 2137 606 2209 ὑμῖν
657 2131 825 2197 αὐτοῖς
853 2129 990 2195 ὅπως
1031 2125 1185 2203 ὅμοια
1215 2123 1421 2188 ἐκείνοις
1456 2125 1546 2178 καὶ
1583 2118 1844 2176 ἀκόλουθα
1880 2119 1933 2174 ἐν
1972 2121 2037 2195 τῇ

485 2221 706 2299 τήμερον
729 2218 902 2296 ἡμέρα
927 2213 1268 2296 ἐψηφισμένοι
1289 2215 1348 2269 ἐκ
1373 2215 1462 2267 τοῦ
1493 2204 1826 2284 δικαστηρίου
1852 2202 2035 2275 ἐξίητε.

487 2305 874 2384 ιΥ“ιτ.·ομν·ι-’,ματα
917 2305 959 2361 δ’
993 2301 1136 2380 ἔχετε
1167 2299 1259 2358 καὶ
1285 2293 1688 2376 παραδείγματα
1712 2295 1806 2362 τ’ἥς
1831 2291 2037 2349 ἐκείνων

485 2394 737 2474 τιμωρίας
761 2391 829 2450 τὰ
851 2395 902 2450 ἐν
933 2398 1036 2456 τοῖς
1074 2387 1190 2466 περὶ
1218 2389 1320 2442 τῶν
1351 2381 1663 2440 ἀδικούντων
1709 2375 2036 2458 ψηφίσμασιν

487 2479 768 2560 ὡρισμένα·
798 2474 1161 2554 διομωμόκατε
1184 2472 1227 2529 δ’
1257 2474 1308 2530 ἐν
1336 2474 1409 2548 τῷ
1433 2465 1729 2548 ψηφίσματι
1754 2468 1830 2541 τῷ
1857 2467 2038 2539 Δημο-

489 2569 680 2628 Φάντου
707 2565 917 2626 κτείνειν
947 2563 1032 2620 τὸν
1063 2561 1153 2630 τὴν
1188 2557 1415 2636 πατρίδα
1442 2553 1749 2633 προδιδόντα
1780 2549 1868 2607 καὶ
1891 2550 2034 2628 λόγῳ

489 2629 580 2713 καὶ
610 2654 743 2733 ἔργῳ
770 2651 858 2710 καὶ
887 2649 1022 2728 χειρὶ
1058 2647 1148 2706 καὶ
1181 2645 1357 2725 ψήφῳ.
1463 2640 1556 2710 Μὴ
1602 2639 1703 2717 γὰρ
1743 2635 1906 2694 οἴεσθε
1935 2638 2037 2692 τῶν

387 2741 587 2816 Ῑῦδμὲν
612 2743 795 2798 οὐσιῶν
827 2737 884 2804 ἃς
921 2737 983 2794 ἂν
1013 2738 1058 2792 οἱ
1103 2734 1343 2812 πρόγονοι
1375 2727 1704 2786 καταλίπωσι
1727 2721 2040 2802 κληρονόμοι

490 2820 650 2900 εἶναι,
679 2832 780 2886 τῶν
811 2825 866 2883 δὲ
895 2823 1060 2902 ὅρκων
1082 2819 1172 2878 καὶ
1205 2823 1297 2889 τῆς
1322 2815 1543 2879 πίστεως
1569 2809 1823 2882 ἣτε-δόντες
1853 2811 1899 2867 οἱ
1935 2831 2037 2865 πα-

490 2915 631 2996 τέρες
667 2917 810 2989 ὓμῶν
841 2911 1038 2989 ὅμηρον
1079 2907 1184 2971 τοῖς
1211 2908 1341 2970 θεοῖς
1378 2905 1469 2972 τῆς
1513 2903 1684 2969 κοινῆς
1712 2893 2039 2972 εὐδαιμονίας

489 3009 579 3074 τῆς
607 3002 805 3067 πόλεως
833 3003 1092 3076 μετεῖχον,
1123 2992 1314 3062 ταύτης
1343 2989 1396 3047 δὲ
1433 2987 1504 3064 μὴ
1537 2989 1894 3065 κληρονομεῖν.

573 3111 666 3150 las.
711 3089 791 3148 Οὖ
823 3086 973 3162 μόνον
997 3083 1162 3142 τοίνυν
1185 3085 1218 3151 ἡ
1240 3079 1387 3142 πόλις
1414 3078 1557 3152 ὑμῶν
1579 3073 1737 3137 οὕτως
1764 3069 1886 3148 ἔσχε
1913 3068 2044 3146 πρὸς

491 3175 606 3242 τοὺς
633 3173 992 3256 προδιδόντας,
1033 3167 1168 3228 ἀλλὰ
1196 3165 1286 3224 καὶ
1319 3157 1739 3234 Λακεδαιμόνιοι.
1825 3153 1936 3214 Καὶ
1968 3154 2041 3230 μή

494 3288 583 3340 μοι
612 3249 897 3341 ἀχθεσθῆτε
915 3303 930 3330 ,
955 3249 998 3316 ὦ
1030 3256 1235 3334 ἄνδρες,
1264 3252 1309 3309 εἰ
1344 3247 1590 3312 πολλάκις
1629 3243 1903 3321 μέμνημαι
1939 3245 2041 3299 τῶν

495 3353 690 3430 ἀνδρῶν
721 3347 931 3406 τούτων·
963 3344 1120 3402 καλὸν
1161 3338 1261 3418 γάρ
1300 3341 1410 3396 ἐστι
1440 3334 1636 3398 πόλεως
1667 3327 2046 3405 εὐνομουμένης

492 3439 610 3518 περὶ
639 3441 740 3494 τῶν
767 3433 978 3493 δικαίων
1015 3425 1417 3507 παραδείγματα
1463 3417 1770 3496 λαμὸάνειν·
1805 3414 2040 3490 ἀσφαλέ-

493 3548 667 3604 στερον
693 3521 792 3600 γὰρ
821 3521 1035 3584 ἕκαστος
1065 3518 1207 3592 ὑμῶν
1247 3512 1339 3580 τὴν
1376 3506 1578 3566 δικαίαν
1607 3504 1695 3562 καὶ
1719 3501 1810 3573 τὴν
1835 3501 2042 3580 εὔορκον

492 3616 663 3694 ψῆφον
693 3609 925 3679 θήσεται.
1013 3599 1320 3666 Παυσανίαν
1354 3599 1454 3673 γὰρ
1496 3593 1581 3652 τὸν
1629 3590 1845 3670 βασιλέα
1875 3591 2045 3646 αὐτῶν

493 3695 800 3778 προδιδόντα
837 3698 910 3774 τῷ
949 3690 1128 3769 Πέρσῃ
1159 3683 1255 3758 τὴν
1284 3683 1523 3746 Ἑλλάδα
1561 3678 1836 3747 λαὸόντες,
1867 3673 2043 3744 ἐπειδὴ

494 3785 683 3866 ἔφθασε
721 3777 1033 3860 καταφυγὼν
1077 3777 1146 3840 εἷς
1187 3773 1246 3831 τὸ
1282 3776 1373 3842 τ’ῆς
1409 3765 1728 3830 Χαλκιοίκου
1769 3760 1923 3842 ἱερόν,
1950 3759 2044 3831 τὴν

495 3870 651 3952 θύραν
681 3865 1186 3942 ἀποικοδομήσαντες
1208 3859 1297 3917 καὶ
1319 3857 1413 3928 τὴν
1438 3853 1628 3935 ὀροφὴν
1653 3847 2035 3909 ἀποσκευάσαν-

422 3975 473 4014 10
496 3981 578 4023 τες
629 3955 718 4013 καὶ
759 3953 932 4032 κύκλῳ
993 3943 1642 4028 περιστρατοπεδεύσαντες
1691 3938 1749 3994 οὗ
1799 3933 2044 4012 πρότερον

497 4047 728 4114 ἀπ’-ἦλθον
763 4039 881 4118 πρὶν
907 4036 940 4108 ἢ
969 4041 1044 4114 τῷ
1080 4036 1220 4111 λιμῷ
1251 4029 1580 4100 ἀπέκτειναν,
1613 4021 1703 4080 καὶ
1738 4029 1896 4079 πᾶσιν
1936 4017 2047 4076 ἐπί-

497 4153 665 4206 σημον
698 4127 947 4196 ἐποίησαν
989 4121 1083 4192 τὴν
1111 4115 1398 4195 τιμωρίαν,
1435 4111 1514 4170 ὅτι
1555 4111 1660 4168 οὐδ’
1694 4109 1750 4164 αἱ
1775 4103 1921 4185 παρὰ
1943 4107 2045 4160 τῶν

495 4223 623 4278 θεῶν
649 4212 938 4291 ἐπικουρίαι
966 4209 1070 4274 τοῖς
1105 4206 1380 4284 προδόταις
1425 4203 1715 4279 βοηθοῦσιν.
1803 4194 1918 4269 (12⁹)
1956 4191 2050 4250 Εἷ-

497 4305 676 4369 κότως·
701 4299 844 4360 οὐδὲν
870 4297 970 4377 γὰρ
997 4293 1243 4374 πρότερον
1273 4291 1532 4346 ἀδικοῦσιν
1560 4280 1594 4353 ἢ
1617 4279 1738 4360 περὶ
1765 4277 1879 4342 τοὺς
1907 4275 2049 4342 θεοὺς

499 4389 746 4450 ἀσεὸοῧσι
765 4433 781 4460 ,
811 4389 914 4444 τῶν
953 4377 1211 4460 πατρῴων
1235 4375 1468 4452 νομίμων
1499 4367 1681 4434 αὐτοὺς
1713 4367 2049 4443 ἀποστεροῦν-

429 4473 434 4478 ’
497 4461 599 4546 Ι-ι-ες.
685 4473 949 4552 Μέγιστον
988 4467 1041 4529 δὲ
1091 4471 1192 4525 τῶν
1237 4465 1344 4524 ἐκεῖ
1384 4456 1736 4538 γεγενημένων
1769 4447 2048 4531 τεκμήριόν

501 4571 638 4625 ἐστιν
665 4564 692 4623 ὃ
723 4562 898 4640 μέλλω
923 4557 1109 4635 λέγειν·
1137 4552 1297 4629 νόμον
1318 4549 1420 4628 γὰρ
1442 4547 1612 4606 ἔθεντο
1647 4541 1768 4620 περὶ
1803 4537 2047 4598 ἁπάντων

426 4670 476 4710 15
503 4658 604 4712 τῶν
629 4651 703 4729 μὴ
735 4645 1000 4708 ’θελόντων
1025 4644 1154 4720 ὑπὲρ
1187 4644 1278 4710 τῆς
1303 4633 1546 4715 πατρίδος
1571 4629 1876 4691 κινδυνεύειν
1906 4628 2050 4703 διαρ-

503 4741 662 4821 ρήδην
687 4737 904 4814 λέγοντα
941 4729 1299 4800 ἀποθνήσκειν,
1327 4727 1398 4790 εἷς
1437 4721 1561 4780 αὐτὸ
1588 4723 1736 4778 τοῦτο
1762 4711 1854 4785 τὴν
1887 4734 2052 4787 τιμω-

505 4829 618 4908 ρίαν
641 4826 884 4894 τάξαντες
923 4825 994 4887 εἷς
1027 4819 1057 4878 ὃ
1099 4816 1328 4894 μάλιστα
1365 4809 1674 4891 φοὸούμενοι
1708 4799 2050 4880 τυγιάνουσι,

503 4915 593 4974 καὶ
617 4913 710 4984 τὴν
736 4915 795 4971 ἐκ
826 4915 914 4968 τοῦ
955 4905 1184 4982 πολέμου
1222 4897 1481 4977 σωτηρίαν
1524 4891 1799 4951 ὑπεύθυνον
1831 4884 2051 4965 κινδύνῳ

503 5000 754 5072 ἐποίησαν
780 4998 891 5074 μετ’
934 4993 1199 5072 αἰσχύνης.
1279 4984 1399 5046 Ἵνα
1435 4981 1489 5040 δὲ
1519 4982 1686 5049 εἰδῆτε
1714 4973 1791 5033 ὅτι
1816 4977 1872 5031 οὖ
1900 4971 2050 5048 λόγον

505 5088 870 5148 ἀναπόδεικτον
883 5081 1084 5161 εἴρηκα,
1099 5074 1232 5136 ἀλλὰ
1249 5071 1359 5149 μετ’
1377 5066 1616 5142 ἀληθείας
1628 5059 2052 5145 παραδείγματα,

505 5177 626 5258 φέρε
650 5172 820 5236 αὐτοῖς
843 5167 929 5228 τὸν
951 5165 1126 5243 νόμον.

1311 455 1762 520 ΛΥΚΟΪΡΓΟΥ
1801 457 1854 514 Ο
1899 453 2101 513 ΚΑΤΑ
2143 454 2669 514 ΛΕΩΚΡΑΤΟΥΣ,

3392 449 3649 529 (ται-επ)

2718 615 3071 658 nsscnmm.

2190 749 2293 791 120.
2346 744 2489 803 Hinc,
2530 741 2648 802 viri,
2687 741 2981 803 scripserunt
3014 740 3065 788 in
3104 741 3409 800 columnam,
3450 739 3657 802 hancque

2122 829 2417 878 collocarunt
2446 830 2505 878 'in
2530 829 2662 877 curia
2696 828 3047 877 monimentum
3094 827 3145 876 in
3178 827 3388 898 singulos
3424 827 3526 876 dies
3560 839 3657 874 con-

2124 917 2429 966 venientibus
2454 920 2599 980 atque
2624 917 3007 966 consultantibus
3032 929 3121 978 pro
3153 915 3311 978 patria
3343 915 3657 975 senatoribus,

2122 1015 2219 1066 qno
2246 1003 2619 1053 admonerentur
2648 1003 2889 1066 quomodo
2916 1016 3018 1052 sese
3044 1017 3155 1064 erga
3184 1003 3306 1051 taloe
3330 1015 3495 1064 gerere
3519 1001 3657 1050 debe⁶

2130 1095 2253 1140 rent.
2321 1098 2388 1141 Ac
2415 1095 2693 1154 propterea,
2732 1091 2772 1140 si
2804 1091 2912 1152 quis
2946 1090 3167 1140 sensisset
3194 1091 3383 1138 tantum
3419 1089 3661 1136 nonnullos

2122 1181 2296 1228 horum
2317 1180 2572 1242 quicquam
2598 1181 2821 1239 tacturos,
2847 1179 3065 1228 occidere
3084 1179 3229 1227 talem
3254 1176 3429 1225 debere
3450 1189 3531 1225 eos
3554 1190 3659 1223 con-

2120 1267 2359 1328 jurarunt.
2426 1267 2575 1330 idque
2602 1281 2697 1316 non
2724 1267 2991 1328 immerito;
3012 1267 3216 1314 aliorum
3240 1263 3366 1314 enim
3388 1264 3659 1312 delictorum

2124 1355 2309 1412 oportet
2332 1351 2592 1414 posteriora
2618 1365 2719 1400 esse
2748 1350 3005 1414 supplicia,
3030 1349 3310 1412 proditionis
3339 1351 3499 1396 autem
3524 1359 3659 1409 popu·

2123 1433 2253 1496 lique
2286 1433 2607 1483 dissolutionis
2640 1434 2811 1495 priora.
2877 1437 2995 1481 Nam
3030 1431 3069 1480 si
3098 1431 3372 1480 remiseritis
3404 1429 3453 1477 id
3484 1431 3662 1490 tempus

2124 1540 2167 1589 q*
2189 1541 2220 1574 o
2242 1529 2354 1574 sunt
2372 1525 2439 1574 illi
2460 1525 2593 1586 pravi
2611 1524 2839 1587 quiddam
2870 1523 3097 1572 adversus
3116 1523 3321 1584 patriam
3357 1520 3539 1580 acturi,
3575 1533 3660 1568 non

2124 1611 2195 1658 est
2214 1609 2343 1671 quod
2370 1607 2592 1669 deinceps
2609 1619 2798 1669 pinnam
2817 1607 2878 1655 ab
2899 1606 3013 1667 ipsis
3044 1604 3284 1654 sceleratis
3308 1602 3510 1652 somatis
3534 1617 3545 1649 ι
3584 1616 3659 1650 su-

2124 1700 2332 1760 periores
2352 1699 2481 1748 enim
2500 1697 2763 1747 redduntur
2784 1709 2931 1758 quam
2948 1697 3003 1744 ut
3024 1695 3085 1743 ab
3102 1695 3159 1744 iis
3177 1707 3297 1756 quos
3315 1695 3540 1742 lazserunt
3552 1707 3659 1754 sup·

2124 1781 2264 1842 plicio
2287 1779 2411 1829 attici
2432 1780 2626 1841 possint.

2192 1866 2293 1912 127.
2328 1863 2541 1923 Cogitate
2559 1861 2700 1924 igitur
2717 1861 2767 1909 in
2790 1860 2950 1910 animo
2964 1896 2978 1921 ,
3000 1859 3208 1920 judices,
3226 1857 3367 1920 digne
3402 1857 3493 1906 liae
3510 1859 3661 1918 provi-

2124 1951 2285 2000 dentia
2307 1953 2355 1998 et
2370 1950 2614 2011 operibus,
2640 1961 2728 1997 nec
2745 1948 2919 1997 tradite
2945 1947 3171 1997 oblivioni
3198 1947 3243 1994 in
3266 1945 3499 1996 sententia
3518 1948 3663 1992 voetra

2126 2037 2341 2100 qualium
2388 2038 2601 2084 virorum
2640 2035 2827 2084 soboles
2868 2034 3001 2094 sitis,
3036 2045 3207 2082 verum
3246 2030 3562 2080 adhortamini
3589 2043 3665 2076 vos

2128 2124 2253 2185 ipsos
2274 2126 2327 2171 ut
2342 2123 2511 2172 similia
2536 2122 2627 2170 illis
2644 2125 2692 2170 et
2710 2123 3021 2169 &insentanea
3034 2119 3264 2168 hodierno
3282 2118 3358 2167 die
3372 2117 3667 2166 decer-aemes

2128 2223 2155 2259 e
2177 2211 2278 2259 toro
2297 2209 2618 2272 egrediamini.
2685 2209 2879 2258 Habetis
2895 2210 3055 2256 autem
3073 2207 3121 2256 et
3139 2205 3354 2267 exempla
3374 2217 3619 2267 pennarum
3641 2217 3665 2252 a

2130 2297 2390 2358 majoribus
2411 2294 2583 2344 vestris
2605 2295 2918 2353 irrogatarum
2931 2329 2946 2352 ,
2980 2293 3060 2340 illa
3081 2303 3191 2352 quae
3221 2293 3333 2338 sunt
3370 2290 3573 2339 decretis
3591 2304 3665 2338 su-

2130 2398 2213 2446 per
2229 2381 2613 2444 delinquentibus
2632 2380 2827 2429 definita
2853 2399 2865 2427 :
2890 2378 3134 2440 dejerastis
3156 2391 3295 2439 porro
3314 2377 3365 2426 in
3384 2377 3576 2426 decreto
3593 2389 3667 2438 per

2132 2471 2514 2532 Demopliantum
2550 2469 2677 2516 facto
2700 2480 2787 2516 vos
2821 2466 3061 2514 occisuros
3090 2477 3205 2514 eum
3226 2464 3307 2526 qui
3340 2463 3543 2526 patriam
3568 2477 3668 2524 pro·

2128 2558 2262 2606 deret
2297 2559 2347 2605 et
2386 2556 2533 2604 verbo
2556 2557 2605 2603 et
2638 2567 2779 2615 opere
2799 2555 2846 2602 et
2877 2565 3021 2601 manu
3041 2555 3090 2600 et
3108 2551 3302 2612 judicio.
3365 2553 3530 2612 Neque
3552 2550 3669 2599 enim

2128 2643 2406 2694 existimetis
2442 2642 2727 2692 facultatum
2754 2638 2947 2701 quidem
2966 2675 2979 2698 ,
2999 2649 3119 2700 quas
3152 2636 3356 2697 majoros
3390 2635 3537 2683 vestri
3575 2634 3671 2682 reli-

2128 2733 2343 2793 querint,
2375 2743 2457 2779 vos
2492 2727 2687 2778 heredes
2706 2740 2840 2785 esse;
2879 2729 3287 2775 sacramentorum
3319 2726 3484 2772 autem
3516 2725 3563 2772 et
3584 2723 3667 2772 tide

2129 2831 2271 2880 quam
2306 2817 2472 2865 dantes
2490 2817 2647 2877 patres
2676 2813 2822 2862 nostri
2855 2826 2940 2874 pro
2975 2813 3169 2873 pignore
3202 2809 3291 2859 diis
3324 2810 3666 2858 immortalibus

2130 2905 2332 2968 publicae
2352 2905 2481 2953 urbis
2499 2901 2735 2953 felicitatis
2750 2903 2886 2950 erant
2902 2900 3151 2962 participes
3162 2933 3175 2958 ,
3198 2897 3339 2957 hujus
3356 2910 3453 2946 non
3472 2911 3573 2946 esse
3592 2899 3669 2945 he·

2132 2991 2283 3041 redes·

2198 3083 2305 3127 128.
2341 3079 2444 3127 Non
2470 3075 2615 3124 modo
2633 3077 2795 3123 autem
2828 3073 2943 3122 urbe
2964 3073 3121 3121 vestra
3155 3071 3223 3121 sic
3246 3069 3417 3120 affecta
3444 3071 3536 3119 mit
3566 3083 3663 3132 erga

2132 3168 2419 3238 proditores,
2444 3183 2611 3220 verum
2634 3169 2777 3219 etiam
2806 3165 3170 3217 Lacedaemonii.
3238 3168 3403 3226 Neque
3426 3165 3545 3214 mihi
3570 3179 3673 3214 suc·

2133 3274 2413 3331 censebitis,
2433 3271 2645 3332 judicoe,
2665 3269 2705 3319 si
2737 3269 2912 3330 smpius
2939 3266 3113 3314 horum
3146 3265 3357 3314 virorum
3390 3263 3675 3312 mentionem

2135 3373 2292 3421 secero
2320 3384 2333 3418 :
2359 3370 2611 3418 honestum
2634 3369 2707 3416 est
2729 3367 2857 3416 enim
2896 3364 3029 3412 urbis
3061 3363 3243 3424 legibus
3264 3361 3387 3410 bene
3411 3361 3677 3409 commuta

2136 3469 2196 3518 de
2213 3469 2281 3517 iis·
2296 3480 2407 3529 quie
2432 3466 2559 3526 jnsta
2584 3466 2698 3513 sunt
2723 3439 2943 3523 enempla
2976 3472 3182 3509 sumere.
3246 3457 3417 3506 Tutius
3442 3456 3573 3504 enim
3596 3454 3679 3502 hoc
3779 3437 3780 3508 J

2136 3573 2277 3633 pacto
2314 3567 2516 3631 quilibet
2552 3568 2767 3615 vestrum
2797 3563 2976 3624 iustam
3018 3563 3068 3610 et
3098 3559 3364 3622 religiosam
3404 3558 3678 3607 sententiam

2134 3666 2324 3716 dixerit.
2390 3665 2670 3713 Pausaniam
2710 3661 2837 3710 enim
2862 3671 3019 3720 regem
3044 3669 3185 3706 suum
3216 3654 3501 3718 prodentem
3538 3657 3681 3702 Persae

2135 3763 2369 3812 Graeciam
2389 3759 2653 3822 capiemini,
2682 3753 2743 3803 ad
2772 3753 3003 3815 templum
3023 3751 3249 3800 Minervae
3269 3747 3353 3797 ubi
3372 3748 3679 3809 confugisset,
3779 3777 3780 3798 ,

2131 3857 2327 3920 januam
2348 3855 2648 3904 obstruentes
2675 3853 2724 3900 et
2746 3851 2936 3900 culmen
2950 3847 3246 3896 destruentes
3260 3845 3541 3905 circumque
3566 3843 3684 3890 circa

2135 3953 2405 4004 obsidentes
2448 3965 2543 4001 non
2588 3949 2720 4012 prius
2752 3945 2973 3996 abierunt
3019 3956 3165 4006 quam
3212 3943 3336 3990 fame
3379 3937 3682 3992 enecassent,
3779 3949 3780 4012 Ξ

2136 4057 2453 4118 omnibusque
2465 4051 2747 4116 supplicium
2768 4049 2860 4097 hoc
2878 4045 3177 4109 perspicuum
3196 4041 3415 4090 iecissent
3432 4039 3685 4088 documen-
3779 4029 3780 4085 i

2136 4157 2243 4203 tum
2256 4189 2270 4214 ,
2288 4151 2415 4201 unde
2434 4151 2618 4213 pateret
2632 4159 2789 4209 neque
2805 4144 3005 4194 deorum
3022 4141 3203 4190 auxilia
3218 4137 3547 4202 proditoribus
3564 4132 3686 4198 quid·

2136 4267 2283 4317 quam
2296 4251 2534 4316 prodesse.
2556 4249 2683 4310 (129)
2696 4250 2756 4296 Et
2766 4245 2939 4296 merito
2954 4262 2966 4291 :
2982 4241 3097 4291 nibil
3110 4240 3237 4290 enim
3250 4239 3393 4288 citius
3404 4234 3687 4297 delinquunt
3779 4257 3780 4318 ἦ

2136 4365 2281 4416 quam
2290 4353 2341 4400 in
2355 4350 2469 4399 deos
2478 4350 2589 4397 sunt
2606 4344 2756 4406 impii,
2772 4341 2935 4405 patriis
2954 4339 3121 4388 ritibus
3128 4340 3179 4386 et
3191 4333 3491 4386 caeremoniis
3503 4347 3586 4384 eos
3596 4331 3685 4394 pri·

2136 4451 2319 4498 rantes.
2333 4445 2595 4495 Maximum
2610 4433 2770 4490 autem
2780 4449 2940 4488 rerum
2958 4435 3021 4485 ab
3038 4434 3150 4496 ipsis
3162 4433 3449 4482 statutarum
3464 4431 3687 4480 indicium
3778 4433 3780 4496 j

2139 4553 2209 4600 est
2230 4546 2361 4612 quod
2378 4545 2591 4594 dicturus
2609 4553 2716 4590 sum
2754 4552 2766 4581 ι
2806 4539 2957 4600 legem
2991 4535 3119 4584 enim
3141 4531 3359 4582 tulerunt
3380 4531 3441 4580 de
3470 4528 3689 4579 omnibus

2140 4649 2409 4698 nolentibus
2429 4659 2517 4708 pro
2540 4642 2691 4706 patria
2708 4641 2867 4690 subire
2896 4637 3189 4700 periculum,
3216 4633 3375 4696 palam
3396 4627 3690 4680 demandml-
3779 4619 3780 4654 ς

2139 4754 2238 4798 tem
2268 4749 2325 4796 ut
2340 4743 2606 4794 moriantur
2623 4759 2638 4802 ;
2658 4739 2719 4788 ad
2733 4738 2851 4787 illud
2872 4737 3025 4798 ipsum
3051 4747 3241 4798 poenam
3258 4732 3523 4784 statuentes
3538 4765 3553 4790 ,
3570 4721 3691 4788 quod
3779 4719 3780 4778 ἶ

2142 4845 2348 4894 maxime
2384 4839 2634 4897 metuunt,
2671 4838 2815 4898 atque
2838 4833 3066 4892 salutem,
3090 4843 3236 4892 quam
3260 4828 3495 4890 fugientes
3520 4822 3693 4873 bellum

2142 4942 2367 5005 quaerunt
2402 4937 2686 4996 transfugae,
2719 4930 2931 4994 periculo
2950 4939 3061 4976 eum
3078 4925 3255 4988 probro
3286 4919 3615 4981 subjecerunt.
3638 4915 3695 4961 t‘t
3779 4905 3780 4916 ¹

2142 5047 2303 5094 autem
2320 5039 2478 5090 sciatis
2492 5050 2569 5086 me
2580 5045 2849 5085 sermonem
2868 5023 3337 5079 indemonstrabilem
3355 5020 3486 5070 haud
3504 5017 3695 5070 dixisse,

2144 5145 2224 5197 sed
2244 5141 2460 5204 exempla
2482 5139 2676 5188 veritate
2698 5133 2979 5184 confirmata
2992 5167 3006 5192 ,
3025 5141 3110 5192 age
3134 5126 3280 5176 recita
3300 5121 3410 5186 ipsis
3427 5121 3603 5182 legem.

2133 5231 2159 5241 „
3074 5239 3081 5245 ,
3654 5193 3733 5341 l
