3825 5834
546 354 659 405 208

539 484 630 556 δῆς
652 484 823 555 ἔθελξε
856 484 945 545 καὶ
980 488 1157 547 ἔπεισε
1189 487 1279 547 καὶ
1310 490 1630 566 μετέστησεν
1673 495 1832 567 αὐτὴν
1862 496 2098 579 γοητείᾳ·

534 570 775 651 γοητείας
798 572 855 629 δὲ
879 572 969 631 καὶ
990 572 1210 651 μαγείας
1232 576 1408 635 δισσαὶ
1430 577 1611 659 τέχναι
1628 580 1892 661 εὕρηνται,
1916 583 1980 643 αἵ
2003 588 2102 643 εἶσι

534 663 709 740 ψυχῆς
719 660 1081 740 ἁμαρτήματα
1093 662 1182 719 καὶ
1195 662 1342 735 δόξης
1358 666 1703 743 ἀπατήματα.
1714 664 1876 729 Ὅσοι
1888 671 1942 729 δὲ
1953 672 2103 741 ὅσους

533 748 655 827 περὶ
674 748 809 807 ὅσων
830 748 920 808 καὶ
945 749 1159 809 ἔπεισαν
1171 751 1262 810 καὶ
1276 752 1510 814 πείθουσι
1531 752 1585 813 δὲ
1602 758 1767 835 ψευδῆ
1782 757 1936 839 λόγον
1967 764 2102 821 πλά-

476 846 500 881 ῦ
531 841 747 904 σαντεςῑ
779 836 939 915 εἰμὲν
968 836 1071 919 γὰρ
1099 838 1291 907 πάντες
1323 842 1444 922 περὶ
1471 842 1685 903 πάντων
1711 836 1853 927 εἶχον
1875 853 1978 908 τῶν
2001 872 2102 907 πα·

534 924 853 1004 ροιχομένων
885 926 1101 1005 μνήμην
1122 930 1227 985 τῶν
1248 952 1305 987 τε
1339 930 1613 1012 παρόντων
1634 933 1887 1015 [ἔννοιαν]
1914 941 2018 996 τῶν
2046 961 2102 997 τε

532 1000 829 1090 μελλόντων
859 1013 1127 1093 πρόνοιαν,
1152 1018 1245 1075 οὐκ
1269 1014 1331 1075 ἂν
1363 1018 1554 1095 ὁμοίως
1573 1019 1745 1098 ὅμοιος
1773 1012 1838 1095 ἦν
1861 1026 1889 1081 ὁ
1919 1024 2070 1103 λόγος
2087 1048 2101 1063 ·

534 1100 647 1160 ἐπεὶ
670 1100 737 1159 τὰ
767 1108 858 1161 νῦν
901 1124 960 1179 γε
992 1102 1110 1161 οὔτε
1141 1108 1435 1181 μνησθῆναι
1464 1106 1525 1165 τὸ
1560 1110 1944 1189 παροιχόμενον
1983 1112 2103 1173 οὔτε

532 1188 827 1269 σκέψασθαι
869 1188 931 1249 τὸ
980 1190 1151 1270 παρὸν
1203 1190 1322 1251 οὔτε
1366 1194 1759 1269 μαντεύσασθαι
1800 1198 1861 1257 τὸ
1910 1199 2100 1278 μέλλον

454 1295 507 1335 10
532 1276 762 1356 εὐπόρως
788 1277 917 1356 ἔχει,
946 1277 1081 1336 ὥστε
1103 1278 1226 1358 περὶ
1248 1284 1351 1339 τῶν
1381 1284 1641 1342 πλείστων
1668 1286 1976 1346 οἱπλεῖστοι
2004 1288 2100 1361 τὴν

532 1364 681 1433 δόξαν
723 1365 1019 1442 σύμὸουλον
1050 1371 1117 1447 τῇ
1148 1370 1293 1447 ψυχῆ
1340 1368 1681 1449 παρέχονται.
1792 1374 1863 1434 Ἥ
1898 1374 1953 1434 δὲ
1977 1376 2100 1445 δόξα

532 1450 769 1531 σφαλερὰ
796 1452 889 1512 καὶ
922 1453 1170 1521 ἀὸέὸαιος
1214 1434 1345 1515 οῦσα
1390 1460 1672 1540 σφαλεραῑς
1704 1460 1793 1520 καὶ
1836 1463 2104 1531 decentior<

534 1540 776 1619 ἀτυχίαις
831 1540 1139 1619 περιὸάλλει
1190 1542 1311 1611 τοὺς
1370 1546 1505 1625 αὐτῇ
1560 1547 1886 1629 χρωμένους.
2005 1552 2104 1621 Τίς

532 1618 620 1685 οὗν
641 1629 787 1687 αἰτία
811 1628 1001 1687 κωλύει
1023 1629 1115 1689 καὶ
1136 1629 1230 1701 τὴν
1258 1630 1479 1705 Ἑλένην
1496 1634 1520 1658 ¹
1550 1636 1707 1710 ὕμνος
1730 1629 1885 1709 ἦλθεν
1913 1641 2103 1717 ὁμοίως

458 1732 509 1771 1⁵
535 1714 687 1775 ἄνουν
717 1716 837 1774 νέαν
868 1708 1029 1775 οὖσαν
1057 1721 1285 1798 ὡσπερεὶ
1326 1721 1593 1802 βιατήριον
1620 1724 1710 1807 βία
1737 1726 2010 1805 ἡρπάσθη·
2041 1729 2101 1788 τὸ

532 1801 635 1882 γὰρ
670 1807 764 1876 τῆς
799 1810 1003 1871 πειθοῦς
1030 1803 1185 1883 ἕξειν,
1215 1812 1243 1867 δ
1271 1806 1325 1867 δὲ
1354 1814 1491 1877 νοῦς.
1582 1812 1772 1872 Καίτοι
1796 1813 1877 1873 εἷ’
1898 1813 2100 1893 ἀνάγκη

533 1890 724 1959 ὄνειδος
772 1892 873 1962 ἕξει
902 1891 996 1970 μὲν
1026 1893 1084 1952 οὗ
1104 1938 1123 1971 ,
1148 1896 1245 1967 τήν
1282 1895 1336 1955 δὲ
1373 1897 1593 1975 δύναμιν
1624 1900 1723 1971 τὴν
1746 1901 1937 1973 ἀὐτὴν
1969 1906 2099 1983 ἔχει.

532 1977 700 2058 Λόγος
725 1980 831 2062 γὰρ
856 1980 953 2055 τὴν
982 1982 1157 2063 ψυχὴν
1188 1987 1217 2043 ὃ
1251 1985 1463 2059 πείσας,
1487 1987 1552 2059 ἣν
1582 1988 1807 2065 ἔπεισεν,
1832 1989 2102 2069 ἠνάγκασε

534 2068 622 2127 καὶ
675 2070 945 2130 πείθεσθαι
987 2080 1094 2139 τοῖς
1141 2074 1444 2152 λεγομένοις
1498 2078 1588 2136 καὶ
1636 2080 1941 2139 συναινέσαι
1991 2085 2102 2149 τοῖς

455 2178 509 2219 20
535 2158 883 2237 ποιουμένοις.
970 2157 1041 2219 Ὁ
1066 2158 1159 2237 μὲν
1181 2154 1269 2220 οὖν
1290 2164 1474 2230 πείσας
1490 2169 1561 2233 ὡς
1580 2167 1880 2245 ἀναγκάσας
1906 2170 2098 2243 ἀδικεῖ,

529 2251 564 2319 ἡ
622 2246 677 2306 δὲ
732 2251 1003 2308 πεισθεῖσα
1049 2252 1120 2315 ὡς
1178 2254 1565 2330 ἀναγκασθεῑσα
1610 2257 1686 2335 τῷ
1729 2256 1873 2337 λόγῳ
1926 2258 2100 2333 μάτην

533 2334 712 2396 ἀκούει
750 2340 943 2404 κακῶς.
1025 2336 1157 2397 Ὅτι
1188 2338 1236 2396 δ’
1267 2343 1302 2411 ἡ
1331 2339 1495 2399 πειθὼ
1530 2348 1820 2422 προσιοῦσα
1854 2348 1931 2425 τῷ
1959 2346 2101 2427 λόγῳ

532 2424 623 2482 καὶ
652 2424 752 2496 τὴν
775 2424 951 2505 ψυχὴν
982 2424 1290 2485 ἐτυπώσατο
1308 2427 1450 2494 ὅπως
1473 2428 1717 2489 ἐδούλετο
1732 2475 1748 2503 ,
1784 2431 1889 2511 χρὴ
1913 2437 2099 2508 μαθεῖν

532 2516 739 2589 πρῶτον
776 2513 871 2590 μὲν
913 2514 1033 2580 τοὺς
1068 2517 1169 2572 τῶν
1200 2517 1603 2595 μετεωρολόγων
1641 2518 1825 2595 λόγους
1844 2566 1860 2598 ,
1883 2519 1938 2577 οἵ
1966 2545 2102 2589 τινες

454 2625 506 2665 25
534 2600 686 2667 δόξαν
714 2600 831 2659 ἀντὶ
848 2600 999 2674 δόξης
1016 2600 1113 2673 τὴν
1142 2602 1237 2679 μὲν
1269 2603 1582 2685 ἀφελόμενοι
1614 2606 1707 2677 τὴν
1733 2608 1781 2666 δ’
1806 2609 2099 2687 ἐνεργασά-

533 2713 681 2766 μενοι
706 2690 775 2750 τὰ
804 2689 975 2761 ἄδηλα
1006 2692 1097 2749 καὶ
1126 2690 1325 2751 ἄπιστα
1364 2692 1637 2771 φαίνεσθαι
1670 2696 1775 2763 τοῖς
1809 2700 1905 2767 τ’ῆς
1953 2698 2102 2769 δόξης

532 2778 767 2858 ὄμμασιν
810 2780 1091 2851 ἐποίησαν,
1141 2779 1377 2859 δεύτερον
1414 2782 1469 2840 δὲ
1498 2782 1617 2849 τοὺς
1659 2784 1980 2863 ἀναγκαίους
2011 2788 2096 2845 διὰ

532 2867 702 2945 λόγων
729 2870 963 2947 ἀγῶνας,
983 2870 1037 2926 ἐν
1066 2858 1142 2936 οἷς
1162 2860 1235 2936 εἷς
1254 2868 1405 2949 λόγος
1432 2870 1594 2930 πολὺν
1622 2872 1779 2952 ὄχλον
1808 2872 1990 2955 ἔτερψε
2011 2875 2100 2935 καὶ

533 2956 709 3016 ἔπεισε
732 2956 891 3035 τέχνῃ
911 2954 1128 3037 γραφείς
1147 3000 1167 3033 ,
1194 2958 1288 3016 οὐκ
1308 2959 1525 3037 ἀληθείᾳ
1553 2958 1784 3039 λεχθείς,
1815 2962 1987 3041 τρίτον
2012 2985 2100 3044 φι-

434 3045 768 3125 13ολοσόφων
788 3044 956 3121 λόγων
986 3044 1216 3123 ἇμίλλας
1232 3090 1253 3121 ,
1284 3046 1337 3103 ἐν
1368 3036 1450 3113 αἶς
1473 3048 1735 3106 δείκνυται
1763 3049 1854 3107 καὶ
1884 3050 2101 3127 γνώμης

532 3132 694 3213 τάχος
734 3136 804 3201 ὡς
850 3130 1200 3209 εὖμετάὸολον
1249 3142 1387 3192 ποιεῖ
1426 3134 1521 3207 τὴν
1558 3138 1651 3206 τῆς
1696 3135 1848 3207 δόξης
1896 3138 2095 3200 πίστιν.

531 3308 630 3381 τὴν
669 3314 763 3383 τῆς
789 3313 963 3391 ψυχῆς
991 3308 1134 3378 τάξιν

530 3398 626 3470 τὴν
652 3402 754 3458 τῶν
775 3397 1034 3476 σωμάτων
1057 3398 1233 3478 φύσιν.
1318 3396 1537 3480 Ὥσπερ
1553 3400 1655 3481 γὰρ
1680 3403 1783 3459 τῶν
1804 3403 2097 3482 φαρμάκων

452 3512 504 3551 :35
533 3488 719 3554 ἄλλους
744 3488 882 3547 ἄλλα
919 3486 1119 3567 χυμοὺς
1161 3488 1221 3545 ἐκ
1247 3491 1340 3545 τοῦ
1374 3487 1621 3563 σώματος
1664 3486 1859 3567 ἐξάγει,
1906 3490 1998 3550 καὶ
2030 3491 2100 3552 τὰ

532 3573 626 3653 μὲν
660 3574 811 3635 νόσου
834 3574 902 3633 τὰ
942 3575 999 3633 δὲ
1031 3574 1147 3654 βίου
1187 3574 1381 3645 παύει,
1422 3573 1559 3633 οὕτω
1588 3574 1680 3633 καὶ
1707 3579 1812 3635 τῶν
1842 3577 2015 3655 λόγων
2047 3580 2095 3637 οἱ

532 3666 626 3741 μὲν
656 3663 947 3741 ἐλύπησαν,
982 3666 1028 3721 οἱ
1057 3662 1109 3720 δὲ
1154 3662 1400 3743 ἔτερψαν,
1444 3665 1493 3721 οἱ
1522 3662 1579 3721 δὲ
1621 3664 1907 3743 ἐφόὸησαν,
1951 3669 2000 3725 οἱ
2038 3665 2094 3725 δὲ

532 3759 609 3823 εἷς
632 3753 824 3836 θάρσος
868 3751 1201 3823 κατέστησαν
1245 3750 1365 3818 τοὺς
1398 3750 1713 3824 ἀκούοντας,
1754 3754 1803 3811 οἱ
1837 3752 1891 3812 δὲ
1929 3759 2098 3813 πειθοῖ

530 3844 632 3902 τινὶ
654 3846 795 3922 κακῇ
814 3840 911 3911 τὴν
940 3838 1116 3920 ψυχὴν
1142 3839 1551 3920 ἐφαρμάκευσαν
1574 3840 1664 3899 καὶ
1699 3840 2093 3919 ἐξεγοήτευσαν.

451 3954 505 3993 so
612 3950 657 3989 a.
704 3930 813 3989 Καὶ
849 3926 930 3987 ὅτι
962 3927 1095 4005 μέν,
1134 3929 1181 3986 εἰ
1221 3926 1362 4009 λόγῳ
1408 3928 1656 4002 ἐπείσθη,
1700 3933 1796 3989 οὐκ
1848 3930 2096 4003 ἠδίκησεν

532 4020 652 4077 ἀλλ’
687 4017 977 4098 ἠτύχησεν,
1022 4015 1247 4096 εἴρηται·
1288 4017 1383 4087 τὴν
1418 4016 1471 4074 δὲ
1508 4017 1763 4097 τετάρτην
1806 4020 1980 4078 αἰτίαν
2021 4024 2098 4099 τῷ

530 4106 763 4188 τετάρτῳ
808 4106 950 4187 λόγῳ
1006 4105 1238 4183 διέξειμι.
1336 4108 1404 4166 Εἰ
1444 4104 1546 4185 γὰρ
1594 4105 1724 4185 ἔρως
1766 4098 1829 4177 ἦν
1866 4111 1895 4165 ὁ
1931 4115 2098 4167 ταῦτα

530 4194 770 4279 πράξας,
800 4196 858 4255 οὗ
898 4197 1147 4275 χαλεπῶς
1192 4192 1644 4271 διαφεύξεταιτὴν
1674 4198 1770 4265 τῆς
1810 4193 2100 4273 λεγομένης

530 4284 795 4365 γεγονέναι
818 4282 1084 4363 ἁμαρτίας
1115 4282 1305 4341 αἰτίαν·
1344 4281 1379 4340 ἃ
1407 4280 1511 4361 γὰρ
1543 4284 1773 4361 ὁρῶμεν,
1807 4280 1920 4362 ἔχει
1944 4282 2096 4362 φύσιν

448 4400 501 4439 tn
531 4376 629 4454 οὐχ
662 4373 727 4447 ἣν
768 4373 919 4452 ἡμεῖς
947 4371 1165 4451 θέλομεν
1196 4371 1315 4430 ἀλλ’
1354 4370 1418 4442 ἣν
1462 4368 1685 4429 ἕκαστον
1721 4368 1894 4450 ἔτυχε·
1928 4370 2014 4428 διὰ
2041 4372 2096 4429 δὲ

527 4468 622 4536 τῆς
650 4463 815 4544 ὄψεως
838 4466 871 4533 ἡ
896 4460 1040 4542 ψυχὴ
1065 4463 1163 4519 κάν
1200 4468 1307 4526 τοῖς
1341 4457 1551 4539 τρόποις
1577 4466 1853 4520 τυποῦται.
1888 4459 2096 4519 Αὐτίκα

527 4553 628 4633 γὰρ
656 4552 781 4611 ὅταν
810 4549 1039 4627 πολέμια
1070 4548 1296 4622 σώματα
1324 4549 1415 4608 καὶ
1440 4548 1691 4626 πολέμιον
1741 4548 1830 4607 ἐπὶ
1868 4552 2096 4631 πολεμίᾳ

528 4642 737 4702 ὁπλίσει
764 4639 961 4717 κόσμον
986 4641 1190 4719 χαλκοῦ
1216 4638 1307 4697 καὶ
1331 4640 1569 4718 σιδήρου,
1593 4643 1682 4698 τοῦ
1714 4638 1809 4715 μὲν
1834 4642 2095 4714 ἀλεξητή-

530 4753 638 4811 ριον
665 4736 755 4790 τοῦ
796 4728 850 4787 δὲ
890 4726 1270 4811 προὸλήματα,
1298 4728 1556 4800 θεάσηται
1580 4732 1613 4799 ἡ
1648 4728 1785 4809 ὄψις,
1824 4732 2095 4811 ἐταράχθη

448 4838 502 4876 no
528 4818 618 4877 καὶ
646 4818 865 4898 ἐτάραξε
894 4816 991 4890 τὴν
1023 4816 1227 4898 ψυχήν,
1252 4814 1389 4876 ὥστε
1415 4816 1669 4884 πολλάκις
1702 4820 1976 4880 ἀκινδύνου
2005 4826 2094 4880 τοῦ

531 4907 807 4985 μέλλοντος
830 4906 975 4975 ὄντος
994 4904 1272 4987 φεύγουσιν
1299 4905 1669 4985 ἐκπλαγέντες·
1706 4908 1901 4988 ἰσχυρὰ
1925 4909 2027 4990 γὰρ
2057 4918 2090 4983 ἠ

529 4996 749 5067 ἀλήθεια
786 5000 875 5054 τοῦ
917 4996 1074 5072 νόμου
1115 4994 1199 5053 διὰ
1237 4994 1325 5054 τὸν
1361 4993 1521 5073 φόὸον
1556 4994 1810 5077 ἐξῳκίσθη
1857 4998 1944 5057 τὸν
1985 5000 2092 5059 ἀπὸ

528 5089 622 5156 τῆς
655 5084 849 5166 ὅψεως,
876 5084 994 5155 ἥτις
1021 5086 1240 5143 ἐλθοῦσα
1288 5083 1532 5157 ἐποίησεν
1572 5088 1839 5163 ἀμελῆσαι
1878 5088 1970 5145 καὶ
2003 5092 2090 5147 τοῦ

524 5176 691 5235 καλοῦ
722 5176 813 5232 τοῦ
851 5170 936 5231 διὰ
966 5170 1052 5231 τὸν
1086 5169 1243 5248 νόμον
1284 5171 1586 5252 κρινομένου
1624 5173 1714 5233 καὶ
1760 5178 1853 5233 τοῦ
1888 5176 2086 5253 ἀγαθοῦ

1575 363 1901 425 ΓΟΡΓῘΟΥ
1945 366 2252 432 ΕΛΕΝΗΣ
2296 372 2714 441 ΕΓΚΩΜΙΟΝ.

2190 528 2286 579 que
2307 518 2412 568 vult
2443 522 2682 571 transfert.
2748 526 2870 575 Sunt
2891 526 3054 577 autem
3079 528 3246 591 magiae
3267 534 3316 581 et
3339 530 3584 585 fascinandi
3603 538 3704 587 artes
3749 584 3751 589 .

2192 612 2332 676 duae,
2356 628 2468 678 quae
2487 616 2534 666 in
2559 619 2706 669 animi
2724 619 2912 671 delictis
2937 625 2988 672 et
3013 625 3252 687 opinionis
3273 630 3606 691 captationibus
3619 647 3702 683 con-

2192 707 2384 758 sistunt.
2451 712 2582 768 Quot
2609 726 2754 775 porro
2785 728 2933 777 quam
2979 718 3151 768 multis
3187 724 3392 781 quantas
3425 737 3500 775 res
3533 726 3706 778 confictis

2193 802 2350 853 verbis
2365 809 2412 854 et
2427 814 2764 867 persuaserunt
2777 813 2827 862 et
2837 814 3152 874 persuadent!
3171 820 3407 871 Etenimsi
3419 834 3574 873 omnes
3583 825 3706 873 omnia

2193 902 2298 947 tum
2331 904 2573 963 preterita
2604 907 2932 960 meminissent
2969 913 3074 961 tum
3109 914 3428 979 intelligerent
3469 924 3704 983 prasentia,

2193 1000 2298 1051 tum
2324 1001 2486 1053 futura
2519 1006 2867 1070 praeviderent,
2889 1024 2984 1061 non
3005 1013 3222 1065 similiter
3241 1020 3410 1069 similis
3437 1020 3550 1071 foret
3569 1024 3702 1071 oratio.

2193 1096 2332 1145 Nunc
2359 1104 2486 1149 certe
2510 1114 2600 1152 nec
2635 1105 2876 1166 praeterita
2912 1104 3189 1161 meminisse
3223 1126 3310 1161 nec
3341 1114 3585 1177 inlelligere
3619 1132 3706 1180 prze-

2191 1194 2343 1243 senlia
2373 1208 2460 1246 nec
2491 1198 2654 1249 futura
2683 1202 2946 1263 praevidere
2993 1204 3130 1256 facile
3152 1208 3389 1271 quispiam
3417 1215 3588 1275 potest,
3619 1214 3706 1261 adeo

2193 1292 2248 1340 ut
2287 1291 2502 1355 plerique
2545 1294 2764 1347 homines
2807 1300 3080 1363 opinionem
3129 1304 3176 1353 in
3230 1304 3375 1357 rebus
3431 1307 3640 1371 plerisque
3672 1310 3704 1358 in

2193 1388 2442 1439 consilium
2478 1390 2752 1443 adhibeant.
2831 1397 2900 1445 Ea
2924 1409 3038 1447 vero
3062 1411 3173 1448 cum
3195 1400 3380 1451 lubrica
3403 1402 3464 1452 sit
3478 1404 3525 1452 et
3541 1404 3704 1463 incerta,
3749 1444 3751 1455 ⁴

2195 1494 2392 1545 lubricis
2419 1498 2470 1547 et
2505 1499 2698 1549 incertis
2721 1500 2991 1553 infortuniis
3025 1517 3116 1555 nos
3151 1507 3387 1569 implicat.
3451 1511 3566 1569 Quid
3597 1511 3705 1571 igilur

2195 1599 2325 1648 vetat
2341 1612 2441 1661 quo
2465 1601 2626 1651 minus
2650 1604 2880 1654 Helenam
2895 1608 3120 1673 quoque[
3135 1608 3358 1659 dicamus
3373 1611 3436 1661 ab
3455 1612 3704 1673 imprudente

2191 1700 2276 1760 qui
2303 1699 2498 1751 advenit
2525 1702 2733 1765 iuvene,
2762 1718 2912 1769 quum
2953 1708 3060 1771 ipsa
3091 1722 3287 1774 quoque
3323 1710 3540 1773 juvenilis
3563 1713 3702 1773 impru-

2191 1802 2366 1854 denliae
2384 1807 2528 1868 esset,
2551 1821 2744 1870 precum
2768 1811 2905 1871 quasi
2930 1812 2978 1860 vi
3003 1814 3188 1876 raptam
3215 1816 3356 1863 esse?
3415 1817 3531 1864 Nam
3551 1828 3702 1877 persua-

2190 1906 2290 1969 sio,
2313 1909 2389 1957 cni
2409 1910 2537 1961 cedit
2559 1924 2693 1962 mens
2710 1950 2725 1969 .
2740 1914 2940 1977 cogendi
2960 1916 3164 1966 actionis
3187 1918 3421 1981 probrum
3441 1918 3614 1981 quidem
3635 1930 3700 1965 non
3750 1972 3751 1975 Ἴ

2192 2010 2364 2073 habet,
2405 2012 2488 2063 scd
2538 2014 2636 2064 vim
2679 2015 2827 2067 habet
2863 2030 3010 2081 quam
3059 2018 3140 2068 illa
3181 2018 3454 2083 eandem?]
3491 2021 3573 2079 Qui
3610 2020 3700 2069 enim

2190 2107 2352 2158 animo
2374 2121 2530 2159 sermo
2571 2114 2900 2175 persuaserat,
2938 2128 3044 2164 eam
3085 2116 3162 2165 cui
3207 2124 3516 2179 persuaserat,
3553 2120 3595 2167 et
3623 2130 3698 2164 rer-

2189 2204 2263 2255 bis
2308 2205 2503 2257 credere
2543 2208 2592 2258 et
2631 2208 2770 2261 factis
2808 2212 2964 2274 coegit
2996 2213 3232 2263 assentiri.
3316 2218 3426 2275 Quo
3467 2214 3543 2275 fit,
3573 2213 3698 2275 utqui

2191 2304 2445 2366 persuasit,
2485 2306 2622 2367 quasi
2657 2306 2904 2369 coegisset,
2947 2310 3249 2371 peccaverim
3293 2324 3408 2374 qnae
3451 2310 3700 2373 persuasione

2191 2396 2328 2459 quasi
2355 2402 2524 2447 coacta
2549 2398 2670 2459 fuit,
2700 2399 2948 2451 immerito
2969 2401 3094 2451 male
3116 2401 3300 2452 audiat.
3366 2406 3472 2453 Jam
3492 2400 3700 2465 persuasio-

2188 2506 2298 2544 nem
2322 2507 2434 2544 cum
2454 2508 2678 2547 sermone
2701 2496 3010 2559 coniunctam
3035 2499 3251 2549 animum
3275 2513 3467 2563 quoque
3487 2500 3530 2549 in
3553 2509 3698 2547 omnem

2191 2591 2402 2640 mutasse
2449 2590 2682 2652 formam,
2720 2603 2782 2640 ex
2827 2604 2996 2641 eorum
3039 2594 3258 2644 oratione
3297 2594 3532 2657 primum,
3568 2589 3698 2656 quide

2189 2687 2332 2738 rebus
2359 2687 2648 2737 sublimibus
2670 2687 2946 2751 disputant,
2966 2690 3078 2739 licet
3101 2702 3408 2753 cognoscere,
3431 2692 3510 2753 qui
3529 2688 3698 2752 opinione

2188 2782 2282 2831 alia
2301 2782 2488 2833 sublata
2511 2782 2602 2832 alia
2617 2782 2788 2833 effecta
2810 2795 2884 2833 res
2907 2782 3114 2834 incertas
3129 2786 3179 2834 et
3197 2784 3499 2835 incredibiles
3515 2779 3697 2846 opinionis

2189 2876 2343 2926 oculis
2387 2876 2682 2939 approbant3
2723 2881 2828 2927 tum
2877 2890 2943 2928 ex
2979 2878 3258 2929 necessariis
3295 2876 3692 2931 concertationibus,
3750 2914 3751 2957 l

2187 2983 2300 3019 cum
2349 2970 2503 3020 oratio
2549 2984 2674 3033 una,
2727 2984 2874 3034 quam
2925 2972 3208 3035 conscripsit
3259 2986 3368 3035 ars,
3413 2986 3503 3023 non
3543 2966 3695 3021 dictavit
3750 2966 3751 3043 ᾗ

2188 3066 2382 3130 veritas,
2409 3067 2649 3129 ingentem
2681 3068 2872 3118 turbam
2902 3068 3114 3120 delectat
3136 3070 3308 3132 eisque
3345 3070 3526 3134 quidvis
3545 3080 3694 3131 persua-
3749 3140 3751 3151 ⁴

2189 3161 2305 3220 det;
2343 3161 2551 3225 denique
2592 3175 2620 3212 c
2651 3162 2996 3226 philosophicis
3035 3163 3476 3227 disputationibus,
3504 3166 3548 3215 in
3569 3162 3698 3226 quibus
3750 3154 3751 3163 ’

530 3222 639 3281 Τὸν
672 3222 827 3281 αὐτὸ*
857 3220 911 3280 δὲ
936 3220 1090 3300 λόγον
1118 3220 1228 3301 ἔχει
1262 3220 1299 3291 ἥ
1335 3245 1391 3280 τε
1423 3228 1517 3281 τοῦ
1548 3222 1704 3303 λόγου
1734 3226 1950 3299 δύναμις
1975 3226 2101 3307 πρὸς
2185 3258 2422 3323 opinionis
2450 3260 2746 3312 mutabilitas
2768 3260 2993 3312 omnibus
3019 3268 3168 3325 patet.
3195 3265 3359 3327 Atque
3379 3260 3698 3315 eamdemliabet
3749 3244 3751 3255 ⁴

2187 3457 2449 3507 admodum
2485 3457 2614 3507 enlm
2662 3470 2848 3508 venena
2885 3458 2979 3508 alia
3021 3458 3141 3509 alios
3173 3460 3404 3510 humores
3437 3456 3602 3520 corpori
3639 3454 3694 3501 de-

2185 3560 2351 3614 munt,
2371 3556 2420 3603 et
2442 3566 2572 3605 nunc
2591 3552 2812 3603 morbum
2835 3566 2963 3603 nunc
2982 3554 3137 3604 vitam
3159 3556 3406 3617 auferunt,
3423 3555 3486 3603 ita
3499 3560 3692 3601 sermones

2185 3650 2264 3700 alii
2289 3650 2503 3700 dolorem
2518 3687 2533 3711 ,
2553 3650 2632 3699 alii
2658 3649 3042 3711 delectationem,
3063 3652 3284 3701 nonnulii
3323 3655 3517 3711 metum,
3545 3644 3694 3709 quidam

2186 3746 2522 3797 confidentiam
2550 3746 2786 3805 atterunt,
2822 3746 2972 3809 aliqui
3002 3747 3150 3797 etiam
3173 3748 3482 3811 persuasione
3501 3756 3584 3795 nou
3603 3740 3696 3790 reela

2185 3844 2398 3893 animum
2429 3844 2651 3895 inficiunt
2671 3844 2816 3906 atque
2843 3842 3091 3893 fascinant.

1168 3309 1205 3382 ἥ
1237 3332 1295 3369 '³⁸
1326 3314 1430 3368 τῶν
1465 3310 1755 3392 φαρμάκων
1784 3312 1928 3382 τάξις
1972 3316 2100 3397 πρὸς
2189 3361 2234 3409 iu
2257 3360 2418 3409 animo
2449 3360 2547 3410 vim
2572 3373 2759 3423 sermo,
2780 3373 2926 3424 quam
2961 3361 3010 3410 in
3033 3373 3236 3424 corpore
3255 3375 3508 3415 venenum.
3566 3362 3696 3416 Quem·
3750 3346 3751 3419 J

2249 3947 2296 3990 5.
2333 3943 2490 4004 Atque
2511 3941 2643 3990 illam
2669 3940 2866 4003 quidem
2883 3976 2898 4001 ,
2925 3940 2965 3989 si
2986 3940 3148 3990 verbis
3170 3944 3248 3991 est
3277 3952 3511 4004 persuasa,
3533 3949 3610 3987 non
3627 3934 3694 3981 im·
3750 3948 3751 3991 ἶ

2187 4039 2388 4101 probam
2411 4036 2495 4087 sed
2515 4034 2753 4085 infelicem
2789 4034 2934 4083 finisse
2959 4032 3262 4083 declaratum
3299 4036 3370 4084 est
3399 4053 3412 4083 ε
3439 4044 3554 4082 nunc
3573 4029 3691 4076 alitem

2186 4134 2404 4195 quartam
2428 4142 2620 4180 causam
2645 4130 2814 4190 quarta
2840 4126 3021 4177 ratione
3047 4140 3323 4189 persequar.
3349 4126 3528 4177 Etenim
3545 4122 3578 4170 si
3595 4128 3690 4167 amor

2187 4224 2292 4275 liaec
2315 4222 2500 4283 effecit,
2515 4234 2613 4271 non
2632 4220 2890 4271 difficulter
2909 4222 3116 4283 culpam,
3136 4233 3248 4283 qnae
3276 4219 3525 4269 commissa
3545 4212 3690 4263 dicitnr.

2186 4318 2398 4381 effugiet.
2465 4318 2589 4375 Quae
2612 4314 2740 4365 enim
2769 4313 3023 4375 videmus,
3051 4328 3148 4363 uon
3170 4327 3276 4363 eam
3316 4325 3461 4375 quam
3500 4319 3576 4356 nos
3590 4301 3692 4348 rolu—
3750 4314 3751 4371 ζ

2188 4425 2296 4461 mus
2341 4416 2562 4460 naturam
2605 4409 2816 4470 liabent,
2856 4407 2939 4458 sed
2967 4421 3114 4470 quam
3151 4406 3350 4470 singulis
3385 4416 3516 4455 casus
3539 4392 3689 4448 obtulit.

2186 4504 2452 4567 Adspectus
2496 4504 2660 4553 autem
2706 4500 2836 4551 varie
2872 4500 3088 4551 animum
3139 4498 3302 4549 aflicit.
3391 4500 3506 4548 Nam
3537 4484 3692 4571 'hostilia

2185 4609 2386 4660 corpora
2402 4597 2548 4659 atquc
2569 4594 2861 4645 armaturam
2883 4591 3099 4642 bellicam
3120 4604 3184 4640 ex
3209 4602 3308 4641 aere
3331 4588 3538 4649 ferroque
3559 4582 3692 4633 factam

2185 4696 2244 4745 ad
2272 4696 2368 4745 vim
2393 4692 2688 4745 inferendam
2713 4695 2762 4741 et
2784 4688 3042 4739 arcendam
3065 4688 3106 4737 si
3128 4686 3381 4749 adspectus
3403 4680 3694 4773 peroepitfflffj
3750 4730 3751 4751 γ

2186 4793 2411 4842 turbatur
2449 4793 2500 4841 et
2537 4788 2786 4853 perturbat
2815 4786 3061 4847 animum;
3089 4784 3216 4834 unde
3258 4783 3342 4844 fit,
3379 4786 3434 4831 ut
3475 4788 3606 4837 saepe,
3625 4771 3693 4817 ⁰1⁵¹
3750 4820 3751 4833 ,

2186 4890 2392 4941 eventus
2429 4884 2640 4949 periculo
2660 4883 2724 4933 sit
2750 4881 3015 4941 cariturus,
3045 4878 3260 4927 nonnulii
3285 4862 3485 4940 perculsi
3513 4864 3691 4929 fugiant:
3750 4900 3751 4941 γ

2184 4986 2326 5038 fortis
2362 4985 2489 5035 euim
2515 4984 2634 5045 legis
2665 4980 2844 5032 veritas
2867 4982 3000 5030 metu
3035 4978 3290 5041 expellitur
3313 4986 3453 5039 quem
3487 4963 3690 5028 adspectus

2185 5084 2354 5145 affert,
2379 5081 2519 5143 cuius
2537 5079 2776 5129 adventus
2794 5080 2844 5129 et
2867 5077 3052 5128 bonesti
3072 5076 3202 5139 quod
3227 5076 3299 5125 lex
3319 5070 3544 5137 proponit,
3563 5067 3603 5112 et
3617 5056 3688 5157 uli·
3749 5130 3751 5153 f

2183 5181 2245 5234 lis
2271 5178 2401 5245 quod
2424 5192 2508 5244 per
2529 5178 2608 5241 jus
2625 5174 2987 5241 consequimur,
3007 5172 3204 5225 adducit
3225 5168 3552 5232 contemptum.
3593 5146 3687 5213 Qu¹¹¹
3750 5160 3751 5167 ’
