3825 5834
479 453 550 502 80
1334 455 1342 462 ·
1482 430 1850 491 ΑΙΣΧΙΝΟΥ
1891 430 1941 486 0
1974 425 2177 486 ΚΑΤΑ
2218 424 2637 486 ΤΙΜΑΡΧΟΥ.

419 609 446 646 g,
477 582 636 656 μένην
659 573 760 632 ὑπὸ
776 569 1054 647 Τιμάρχου
1079 565 1274 624 τουτουὶ
1303 565 1713 643 δημηγοροῦντος
1734 558 1880 640 παρὰ
1903 557 2021 622 τοὺς

472 666 662 742 νόμους
689 660 778 720 καὶ
825 658 974 722 αὐτὸς
995 654 1097 733 ἰδία
1119 650 1593 731 συκοφαντούμενος
1617 649 1703 728 (ὃν
1741 647 2023 726 δὲτρόπον,

478 750 714 818 ἐπιδείξω
745 745 1004 824 προϊόντος
1025 747 1114 798 τοῦ
1137 739 1290 817 λόγου
1311 741 1327 815 )
1346 783 1360 808 ,
1389 743 1446 814 (a)
1469 735 1521 795 ἕν
1541 759 1592 793 τι
1616 739 1714 794 τῶν
1736 735 2021 812 αἰσχίστων

477 837 761 918 ἡγησάμην
789 824 920 890 εἶναι
941 829 1016 905 μὴ
1041 831 1292 906 βοηθῆσαι
1309 830 1374 903 τῇ
1399 847 1453 881 τε
1475 821 1621 880 πόλει
1643 822 1788 899 πάσῃ
1813 820 2026 886 καὶτοῖς

479 925 651 1001 νόμοις
669 923 757 980 καὶ
781 919 901 994 ὑμῖν
923 915 1011 974 καὶ
1033 915 1244 994 ἐμαυτῷ
1261 956 1278 987 ,
1307 911 1450 976 εἰδὼς
1471 910 1512 967 δ’
1534 909 1688 966 αὐτὸν
1707 908 1882 986 ἔνοχον
1903 908 2026 965 ὄντα

479 1005 551 1076 οἶς
571 1009 728 1087 ὀλίγῳ
747 1003 996 1082 πρότερον
1018 999 1275 1072 ἠκούσατε
1297 995 1736 1074 ἀναγινώσκοντος
1753 1001 1841 1053 τοῦ
1862 1017 2029 1074 γραμ-

483 1096 710 1174 ματέως,
731 1091 1016 1167 ἐπήγγειλα
1038 1088 1180 1166 αὖτῷ
1200 1084 1295 1156 τὴν
1321 1081 1631 1156 δοκιμασίαν
1653 1081 1888 1151 ταυτηνί.
1923 1079 2029 1138 Καὶ

405 1202 456 1241 ιο
479 1189 550 1250 ὥς
579 1181 756 1253 ἔοικεν,
783 1169 828 1236 ῶ
861 1177 1145 1246 Ἀθηναῖοι,
1173 1175 1220 1230 οἳ
1249 1171 1479 1236 εἰωθότες
1515 1168 1657 1245 λόγοι
1697 1169 1937 1247 λέγεσθαι
1978 1169 2029 1224 ἐν

477 1264 582 1324 τοῖς
621 1257 888 1333 δημοσίοις
925 1256 1120 1331 ἀγῶσιν
1158 1255 1250 1310 οὐκ
1279 1253 1377 1308 εἶσὶ
1404 1253 1632 1330 ψευδεῖς·
1673 1251 1728 1306 αἱ
1769 1247 1869 1324 γὰρ
1903 1251 2031 1309 ἴδιαι

480 1347 662 1424 ἔχθραι
682 1343 854 1402 πολλὰ
873 1341 1010 1400 πάνυ
1027 1345 1129 1400 τῶν
1149 1345 1333 1399 κοινῶν
1355 1341 1774 1415 ἐπανορθοῦνται.
1839 1335 1904 1413 (ιι)
1922 1342 2029 1398 Τοῦ

483 1437 576 1514 μὲν
605 1429 691 1495 οὗν
715 1434 834 1494 ὅλου
864 1436 1058 1512 ἀγῶνος
1075 1429 1361 1510 φανήσεται
1380 1429 1484 1505 οὔθ’
1507 1433 1540 1497 ἡ
1562 1428 1710 1492 πόλις
1736 1427 1878 1484 αἰτία
1903 1417 2032 1482 οὖσα

481 1527 748 1604 Τιμάρχῳ
772 1523 878 1580 οὔθ’
911 1523 956 1578 οἱ
979 1517 1127 1595 νόμοι
1155 1515 1259 1575 οὔθ’
1285 1520 1429 1594 ὓμεῖς
1454 1514 1558 1575 οὔτ’
1585 1513 1713 1592 ἐγώ,
1741 1515 1857 1570 ἀλλ’
1884 1513 2033 1578 αὐτὸς

484 1605 628 1678 οὗτος
655 1613 815 1689 αὑτῷ.
871 1611 940 1666 Οἱ
964 1606 1059 1682 μὲν
1077 1605 1178 1682 γὰρ
1199 1603 1350 1679 νόμοι
1367 1611 1612 1681 προεῖπον
1637 1603 1780 1680 αὐτῷ
1803 1603 2033 1678 αἰσχρῶς

487 1697 761 1775 βεὸιωκότι
807 1693 880 1771 μὴ
923 1691 1252 1768 δημηγορεῖν,
1290 1689 1588 1767 ἐπίταγμα,
1627 1685 1696 1754 ὥς
1734 1710 1791 1762 γε
1839 1688 1901 1757 δὴ
1932 1683 2035 1764 ἐγὼ

483 1781 671 1861 κρίνω,
695 1784 756 1838 οὔ
777 1779 1006 1859 χαλεπὸν
1029 1775 1379 1846 ἐπιτάξαντες,
1401 1773 1537 1832 ἀλλὰ
1561 1773 1649 1832 καὶ
1670 1774 1809 1832 πάνυ
1834 1774 2005 1855 ῥᾴδιον
2020 1793 2033 1806 ·

408 1883 458 1921 ¹5
487 1868 578 1946 ἐμὲ
601 1870 647 1926 δ’
674 1868 790 1940 ἐξῆν
812 1869 984 1946 αὐτῷ,
1010 1867 1054 1922 εἷ
1079 1862 1355 1942 ἐσωφρόνει
1371 1909 1386 1934 ,
1411 1860 1484 1938 μὴ
1513 1870 1868 1940 συκοφαντεῖν.
1902 1860 2034 1940 Περὶ

487 1953 581 2032 μὲν
610 1947 697 2014 οὖν
727 1955 919 2012 τούτων
949 1949 1167 2030 μετρίως
1203 1949 1396 2017 ἐλπίζω
1423 1970 1512 2024 μοι
1531 1950 1895 2027 προειρῆσθαι.

563 2061 611 2102 4.
657 2045 771 2102 Οὐκ
795 2043 964 2118 ἀγνοῶ
989 2039 1042 2097 δὲ
1067 2037 1145 2095 ὅτι
1171 2036 1204 2094 ἃ
1229 2037 1404 2112 μέλλω
1431 2039 1483 2092 ἐν
1503 2035 1725 2114 πρώτοις
1747 2034 1912 2111 λέγειν
1938 2057 2035 2114 φα·

485 2135 649 2188 νεῖσθε
678 2128 768 2187 καὶ
796 2126 984 2206 ἑτέρων
1021 2125 1121 2196 ἤδη
1161 2123 1407 2204 πρότερον
1438 2123 1742 2194 ἀκηκοότες·
1781 2120 1919 2179 ἀλλά
1948 2145 2035 2198 μοι

485 2221 626 2276 δοκεῖ
647 2214 824 2296 καιρὸς
844 2205 1082 2272 εἶναικαὶ
1103 2210 1194 2288 ἐμὲ
1221 2216 1310 2268 νῦν
1331 2209 1458 2288 πρὸς
1477 2213 1610 2286 ὑμᾶς
1630 2212 1704 2290 τῷ
1729 2209 1869 2289 αὐτῷ
1897 2209 2037 2288 λόγῳ

485 2303 654 2382 τούτῳ
689 2301 1006 2381 χρήσασθαι.
1037 2298 1451 2376 Ὁμολογοῧνται
1485 2295 1583 2375 γὰρ
1611 2305 1749 2376 τρεῖς
1777 2287 1907 2352 εἶναι
1934 2320 2033 2354 πο-

486 2393 674 2449 λιτεῖαι
702 2388 845 2468 παρὰ
870 2397 1030 2446 πᾶσιν
1050 2384 1337 2463 ἀνθρώποις
1352 2431 1366 2455 ,
1389 2384 1624 2462 τυραννὶς
1647 2383 1736 2440 καὶ
1759 2383 2037 2463 ὀλιγαρχία

409 2497 462 2535 20
487 2479 577 2535 καὶ
608 2475 957 2556 δημοκρατία·
985 2475 1294 2532 διοικοῦνται
1333 2473 1375 2528 δ’
1405 2473 1461 2528 αἱ
1498 2469 1591 2546 μὲν
1621 2469 1914 2548 τυραννίδες
1950 2472 2039 2528 καὶ

489 2560 786 2642 ὀλιγαρχίαι
813 2569 917 2628 τοῖς
939 2559 1147 2638 τρόποις
1173 2561 1273 2616 τῶν
1303 2555 1678 2636 ἐφεστηκότων,
1707 2559 1763 2614 αἱ
1786 2555 1840 2614 δὲ
1865 2556 2039 2622 πόλεις

488 2653 543 2708 αἱ
567 2651 734 2725 δημοκ
771 2645 1049 2722 ατούμεναι
1071 2645 1175 2710 τοῖς
1193 2643 1367 2720 νόμοις
1391 2646 1492 2710 τοῖς
1511 2641 1786 2718 κειμένοις.
1875 2641 1935 2720 (ε)
1964 2635 2040 2702 1*ζῦ

491 2738 538 2795 δ’
561 2736 670 2794 ἴστε
686 2781 702 2813 ,
725 2759 769 2793 ω
797 2734 1081 2804 Ἀθηναῖοι,
1104 2730 1182 2789 ὅτι
1201 2729 1266 2788 τὰ
1291 2729 1383 2806 μὲν
1403 2733 1505 2788 τῶν
1536 2730 2037 2809 δημοκρατουμένων

489 2826 712 2900 σώματα
741 2821 829 2879 καὶ
856 2819 953 2890 τὴν
971 2817 1235 2877 πολιτείαν
1254 2820 1301 2876 οἱ
1321 2814 1468 2894 νόμοι
1492 2814 1744 2888 σώζουσι,
1768 2813 1833 2873 τὰ
1857 2814 1912 2874 δὲ
1936 2821 2038 2875 τῶν

489 2909 754 2991 τυράννων
793 2907 886 2967 καὶ
921 2909 1266 2986 ὀλιγαρχικῶν
1299 2904 1515 2962 ἀπιστία
1549 2902 1639 2961 καὶ
1679 2908 1713 2974 ἠ
1761 2900 1894 2980 μετὰ
1935 2907 2037 2961 τῶν

489 2995 663 3055 ὅπλων
691 2993 908 3078 φρουρά.
953 2989 1258 3054 Φυλακτέον
1307 2989 1370 3060 δὴ
1410 2991 1516 3056 τοῖς
1553 2987 1646 3066 μὲν
1688 2991 2040 3070 ὀλιγαρχικοῖς

489 3083 713 3149 καὶτοῖς
747 3080 844 3153 τὴν
877 3079 1051 3138 ἄνισον
1092 3075 1356 3135 πολιτείαν
1394 3075 1808 3154 πολιτευομένοις
1834 3074 1953 3145 τοὺς
1987 3081 2040 3138 ἐν

409 3197 464 3236 25
490 3175 678 3249 χειρῶν
709 3168 852 3246 νόμῳ
882 3166 975 3234 τὰς
997 3165 1259 3232 πολιτείας
1295 3163 1678 3235 καταλύοντας,
1705 3169 1824 3241 ὑμῖν
1854 3167 1910 3224 δὲ
1937 3171 2041 3233 τοῖς

490 3256 586 3325 τὴν
611 3255 731 3326 ἴσην
753 3255 845 3312 καὶ
871 3253 1080 3329 ἔννομον
1111 3250 1372 3309 πολιτείαν
1399 3249 1574 3329 ἔχουσι
1603 3251 1718 3317 τοὺς
1756 3251 1901 3332 παρὰ
1927 3253 2041 3320 τοὺς

489 3343 678 3418 νόμους
705 3341 739 3412 ἢ
767 3342 1008 3420 λέγοντας
1035 3339 1070 3410 ἢ
1103 3337 1440 3418 βεὸιωκότας·
1482 3339 1709 3396 ἐντεῦθεν
1745 3339 1846 3420 γὰρ
1891 3339 2039 3418 ἰσχύ·

489 3452 638 3502 σετε,
676 3429 798 3488 ὅταν
841 3431 1124 3504 εὗνομῆσθε
1168 3427 1257 3484 καὶ
1300 3425 1374 3502 μὴ
1416 3425 1744 3496 καταλύησθε
1791 3427 1891 3485 ὑπὸ
1937 3432 2039 3486 τῶν

489 3515 926 3597 παρανομούντων
953 3518 1042 3573 καὶ
1063 3517 1295 3591 ἀσελγῶς
1335 3512 1602 3592 βιούντων.
1649 3513 1714 3593 (s)
1745 3515 2037 3592 Προσήκειν

493 3605 548 3663 δὲ
588 3604 750 3682 ἔγωγε
788 3603 1012 3681 νομίζω,
1047 3599 1170 3658 ὅταν
1209 3599 1301 3678 μὲν
1339 3603 1714 3678 νομοθετῶμεν,
1740 3602 1876 3660 τοῦθ’
1904 3607 2042 3679 ἡμᾶς

492 3692 722 3764 σκοπεῖν,
750 3688 888 3756 ὅπως
916 3692 1086 3756 καλῶς
1115 3691 1328 3766 ἔχοντας
1355 3687 1444 3745 καὶ
1473 3687 1828 3768 συμφέροντας
1856 3691 2041 3766 νόμους

489 3781 554 3855 τῇ
582 3777 732 3836 πόλει
769 3777 1066 3854 θησόμεθα,
1102 3775 1312 3834 ἐπειδᾶν
1357 3774 1410 3832 δὲ
1450 3778 1896 3854 νομοθετήσωμεν,
1937 3781 2043 3845 τοῖς

408 3890 465 3928 ω
489 3863 664 3938 νόμοις
689 3871 792 3928 τοῖς
814 3861 1066 3938 κειμένοις
1081 3861 1373 3931 πείθεσθαι,
1398 3859 1515 3927 τοὺς
1545 3861 1597 3919 δὲ
1620 3863 1694 3938 μὴ
1716 3864 2042 3941 πειθομένους

489 3951 743 4020 κολάζειν,
763 3951 808 4006 εἰ
828 3949 902 4006 δεῖ
924 3948 991 4006 τὰ
1009 3952 1100 4018 τῆς
1117 3947 1315 4014 πόλεως
1334 3950 1504 4014 καλῶς
1529 3946 1684 4026 ἔχειν.
1769 3951 2040 4034 Σκέψασθε

487 4035 609 4114 γὰρ,
628 4024 672 4093 ‹f›
695 4035 970 4108 Ἀθηναῖοι,
988 4033 1113 4102 ὅσην
1130 4035 1372 4112 πρόνοιαν
1393 4034 1509 4111 περὶ
1531 4035 1858 4114 σωφροσύνης
1875 4041 2043 4110 ἐποιή·

490 4144 620 4180 σατο
681 4123 710 4178 ὁ
759 4119 940 4180 Σόλων
995 4123 1211 4190 ἐκεῖνος,
1251 4123 1279 4180 δ
1321 4119 1542 4186 παλαιὸς
1585 4121 1895 4197 νομοθέτης,
1954 4126 2042 4184 καὶ

490 4213 520 4267 ὁ
545 4207 765 4286 Δράκων
791 4207 881 4266 καὶ
897 4210 948 4266 οἱ
975 4205 1111 4266 κατὰ
1128 4205 1242 4273 τοὺς
1269 4205 1482 4286 χρόνους
1508 4208 1728 4276 ἐκείνους
1750 4210 2041 4287 νομοθέται.

493 4295 558 4376 (7)
588 4299 804 4375 Πρῶτον
827 4294 921 4372 μὲν
941 4293 1038 4373 γὰρ
1060 4294 1435 4369 ἐνομοθέτησαν
1459 4295 1577 4375 περὶ
1599 4301 1688 4366 τῆς
1712 4298 2044 4378 σωφροσύνης

489 4385 593 4440 τῶν
635 4381 835 4439 παίδων
865 4383 969 4438 τῶν
1009 4381 1300 4461 ἡμετέρων,
1341 4382 1431 4440 καὶ
1464 4383 1744 4462 διαρρήδην
1771 4385 2043 4454 ἀπέδειξαν

421 4485 453 4532 2
492 4469 526 4526 ἃ
554 4467 656 4548 χρὴ
686 4468 772 4526 τὸν
799 4469 964 4526 παῖδα
989 4467 1078 4526 τὸν
1108 4468 1376 4548 ἐλεύθερον
1407 4470 1724 4541 ἐπιτηδεύειν
1753 4472 1839 4530 καὶ
1871 4476 1941 4540 ὡς
1968 4475 2044 4534 δεῖ

493 4557 649 4615 αὐτὸν
679 4560 972 4636 τραφῆναι,
1000 4553 1180 4614 ἔπειτα
1211 4556 1444 4636 δεύτερον
1471 4558 1592 4636 περὶ
1618 4562 1719 4616 τῶν
1745 4561 2043 4639 μειρακίων,

489 4643 660 4723 τρίτον
685 4643 729 4701 δ’
752 4643 929 4724 ἐφεξῆς
947 4641 1066 4724 περὶ
1087 4647 1190 4702 τῶν
1213 4643 1385 4702 ἄλλων
1404 4646 1642 4722 ἡλικιῶν,
1664 4649 1720 4704 οὐ
1747 4645 1898 4722 μόνον
1924 4645 2043 4728 περὶ

487 4733 590 4788 τῶν
613 4731 846 4802 ἰδιωτῶν,
868 4729 1004 4788 ἀλλὰ
1029 4729 1118 4790 καὶ
1140 4731 1261 4809 περὶ
1279 4735 1380 4790 τῶν
1413 4731 1662 4812 ῥητόρων.
1700 4734 1806 4793 Καὶ
1835 4733 2043 4801 τούτους

488 4815 606 4882 τοὺς
641 4815 827 4894 νόμους
867 4816 1254 4898 ἀναγράψαντες
1298 4822 1417 4893 ὑμῖν
1456 4820 1904 4898 παρακατέθεντο,
1953 4823 2043 4880 καὶ

499 4908 634 4977 ὑμᾶς
659 4905 829 4961 αὐτῶν
853 4903 1145 4976 ἐπέστησαν
1172 4907 1421 4984 φύλακας.
1470 4906 1534 4986 (s)
1563 4906 1829 4983 Βούλομαι
1853 4908 1915 4979 δὴ
1953 4910 2042 4968 καὶ

493 4989 594 5066 ἐγὼ
620 4990 729 5048 νυνὶ
757 4989 884 5068 πρὸς
911 4995 1045 5065 ὑμᾶς
1081 4991 1167 5050 τὸν
1207 4991 1361 5050 αὐτὸν
1399 4993 1587 5072 τρόπον
1627 4993 1925 5074 χρήσασθαι
1967 4998 2043 5076 τῷ

417 5103 450 5142 t
492 5075 630 5156 λόγῳ
666 5077 822 5156 ὅνπερ
854 5079 958 5144 τοῖς
985 5079 1158 5154 νόμοις
1185 5083 1213 5138 ὁ
1247 5079 1554 5157 νομοθέτης·
1585 5084 1787 5161 πρῶτον
1819 5083 1913 5158 μὲν
1940 5083 2040 5162 γὰρ

491 5163 704 5242 διέξειμι
738 5163 862 5244 πρὸς
883 5169 1017 5241 ὑμᾶς
1047 5167 1162 5233 τοὺς
1186 5165 1371 5245 νόμους
1400 5166 1450 5227 οἳ
1475 5168 1674 5228 κεῖνται
1695 5168 1815 5249 περὶ
1839 5173 1931 5241 τῆς
1956 5171 2041 5228 εὖ·

3438 421 3662 494 (ατ-ω)

2114 555 2224 604 laedi
2237 593 2252 617 ,
2270 557 2437 604 contra
2459 556 2585 616 leges
2602 554 2806 602 habente
2824 551 3101 612 conciones,
3122 551 3333 600 viderem
3348 587 3362 609 ,
3380 553 3431 599 et
3450 549 3671 612 privatim

2114 643 2247 691 abeo
2268 643 2521 692 calumniis
2542 643 2745 702 agitarer
2782 641 2799 702 (
2822 653 2920 701 quo
2944 640 3105 687 autem
3140 640 3308 700 pacto,
3354 639 3400 687 in
3446 637 3673 686 orationis

2114 740 2363 790 progressu
2381 725 2647 786 ostendam)
2678 739 2689 772 :
2710 727 2779 786 (2)
2798 725 3125 786 turpissimum
3150 725 3333 774 facinus
3352 725 3455 773 sore
3472 724 3611 782 duxi,
3634 725 3671 772 si

2116 829 2204 863 nec
2228 814 2461 862 universae
2480 813 2689 872 civitati,
2708 825 2795 860 nec
2810 812 2991 874 legibus
3008 847 3022 872 ,
3046 825 3134 860 nec
3154 811 3289 859 vobis
3304 847 3319 872 ,
3340 823 3432 860 nec
3450 811 3570 859 mihi
3588 811 3673 872 ἱρά

2116 901 2391 962 opitulator.
2409 904 2571 957 Quum
2590 903 2753 947 autem
2772 899 2829 947 iis
2846 911 2956 948 eum
2976 898 3126 947 teneri
3152 897 3333 960 legibus
3350 899 3673 959 scirem,·quae

2118 986 2280 1050 paullo
2297 989 2409 1035 ante
2426 987 2579 1035 scriba
2598 987 2827 1034 recitante
2847 985 3109 1042 audivistis,
3126 985 3217 1033 hoc
3230 998 3341 1033 eum
3365 984 3585 1034 censorio
3598 983 3675 1044 ju-

2115 1075 2239 1123 dicio
2268 1087 2401 1123 reum
2424 1073 2529 1123 feci.
2553 1073 2764 1123 Omnino
2780 1072 2909 1122 enim
2924 1109 2938 1133 ‚
2968 1073 3290 1133 Athenienses,
3310 1085 3367 1121 ea
3384 1085 3497 1134 quae
3517 1071 3565 1120 in
3584 1083 3673 1133 pu-

2118 1161 2251 1211 blicis
2264 1161 2417 1210 causis
2431 1161 2524 1209 dici
2543 1161 2697 1209 solent
2710 1160 2773 1209 de
2783 1160 2979 1223 privatis
2990 1159 3265 1220 inimicitiis,
3284 1173 3381 1208 non
3394 1171 3523 1207 vana
3541 1161 3671 1218 sunt;

2118 1263 2229 1298 nam
2268 1262 2349 1310 per
2392 1261 2473 1297 eas
2504 1249 2657 1298 multa
2702 1246 2977 1310 reipublicae
3010 1245 3312 1295 incommoda
3343 1244 3671 1307 depelluntur.

2119 1337 2184 1397 (3)
2212 1339 2374 1396 Neque
2401 1348 2517 1384 vero
2548 1335 2697 1384 totius
2723 1333 2865 1396 hujus
2893 1332 3093 1382 actionis
3126 1333 3317 1394 culpam
3350 1331 3427 1379 vel
3464 1331 3674 1389 civitati,

2120 1422 2195 1470 vel
2236 1421 2418 1483 legibus
2434 1459 2448 1479 ,
2486 1423 2563 1470 vel
2612 1421 2748 1470 vobis
2763 1457 2777 1481 ,
2818 1421 2895 1469 vel
2936 1419 3055 1469 mihi
3091 1417 3373 1468 Timarchus
3442 1417 3677 1467 ascribere

2120 1511 2314 1570 potest,
2346 1507 2429 1556 sed
2466 1507 2657 1557 sibimet
2682 1508 2771 1570 ipsi
2792 1509 2997 1556 tannim.
3088 1509 3231 1566 Leges
3252 1505 3377 1554 enim
3404 1505 3447 1554 ei
3487 1504 3676 1553 denun—

2120 1605 2309 1653 ciarunt
2327 1640 2341 1664 ,
2356 1615 2505 1664 quum
2526 1602 2756 1664 flagitiose
2797 1602 3023 1662 vixisset,
3067 1613 3127 1649 ne
3163 1600 3414 1648 conciones
3454 1599 3675 1660 baberet3

2122 1695 2269 1754 atque
2298 1691 2345 1741 id
2372 1693 2417 1740 ei
2442 1691 2695 1741 edixerunt
2719 1691 2847 1754 quod
2879 1705 2988 1740 meo
3005 1690 3187 1751 judicio
3208 1691 3331 1738 serre
3352 1689 3562 1751 graviter
3584 1702 3677 1737 non

2124 1789 2306 1848 potest,
2326 1786 2407 1835 sed
2432 1785 2477 1834 id
2501 1786 2629 1848 quod
2648 1785 2873 1835 omnibus
2894 1786 3031 1834 facile
3056 1786 3128 1834 est
3153 1799 3164 1832 :
3192 1783 3325 1833 licuit
3346 1785 3491 1832 etiam
3514 1783 3559 1832 ei
3584 1797 3678 1832 non

2124 1877 2354 1926 lacessere
2384 1891 2461 1926 me
2490 1890 2575 1940 per
2602 1877 2916 1938 calumniam,
2945 1878 2984 1926 si
3016 1877 3263 1939 sapuisset.
3302 1882 3371 1926 Ac
3388 1876 3449 1926 de
3470 1877 3546 1926 bis
3570 1877 3679 1925 satis

2126 1977 2205 2014 me
2226 1966 2479 2026 praefatum
2501 1979 2603 2014 esso
2619 1965 2841 2014 arbitror.

2192 2055 2236 2102 4.
2272 2056 2377 2102 Non
2396 2055 2556 2101 autem
2576 2054 2743 2114 ignoro
2757 2089 2771 2113 ,
2800 2053 3108 2102 Athenienses
3120 2090 3134 2115 ,
3154 2067 3210 2102 ea
3237 2065 3345 2115 qnae
3364 2053 3598 2116 principio
3614 2051 3681 2101 di-

2125 2149 2292 2195 cturus
2314 2159 2419 2195 sum
2436 2183 2453 2208 ,
2472 2160 2535 2195 ex
2556 2147 2661 2196 aliis
2680 2147 2824 2196 etiam
2848 2149 2959 2195 ante
2982 2161 3069 2195 vos
3086 2146 3273 2196 audisse
3294 2166 3306 2196 ε
3327 2145 3407 2196 sed
3424 2148 3593 2196 tamen
3610 2159 3682 2195 res

2129 2239 2365 2300 postulare
2389 2238 2598 2300 videtur,
2616 2243 2669 2288 ut
2687 2239 2854 2289 eadem
2872 2243 2921 2288 et
2940 2241 3037 2302 ipse
3054 2241 3162 2288 utar
3179 2239 3411 2288 oratione.
3480 2241 3683 2289 Constat

2127 2331 2250 2380 inter
2270 2345 2460 2393 omnes,
2485 2334 2579 2382 tres
2600 2345 2700 2382 esse
2725 2333 2901 2382 formas
2923 2333 3384 2396 rerumpublicarum
3402 2369 3419 2394 ,
3440 2333 3680 2394 principa-

2126 2428 2231 2473 tum
2263 2426 2406 2474 unius
2420 2461 2433 2482 ,
2450 2427 2735 2487 potestatem
2758 2438 3021 2487 paucorum
3040 2462 3055 2486 ,
3080 2427 3132 2474 et
3152 2425 3379 2487 populare
3406 2424 3679 2486 imperium.

2128 2527 2197 2572 Ac
2222 2523 2319 2572 duo
2335 2523 2495 2584 priora
2512 2535 2681 2584 genera
2700 2501 2867 2572 eorum
2888 2523 3119 2572 arbitratu
3146 2523 3392 2585 reguntur,
3412 2522 3495 2583 qui
3522 2536 3683 2571 rerum

2129 2616 2380 2678 potiuntur
2400 2635 2411 2664 ε
2434 2615 2597 2664 liberm
2615 2618 2775 2664 autem
2794 2615 3030 2678 civitates,
3050 2615 3237 2666 usitatis
3256 2615 3453 2678 legibus,
3504 2615 3577 2678 (5)
3602 2619 3683 2666 Sa·

2126 2715 2189 2764 tis
2218 2717 2379 2764 autem
2410 2714 2566 2775 scitis,
2602 2715 2939 2776 Athenienses,
2962 2715 3125 2777 popuii
3150 2714 3299 2764 vitam
3330 2715 3381 2764 et
3412 2713 3683 2764 libertatem

2129 2809 2399 2858 conservari
2424 2807 2634 2870 legibus,
2666 2809 2932 2870 principum
2956 2811 3005 2858 et
3029 2821 3319 2871 paucorum,
3344 2807 3610 2858 diffidentia
3636 2811 3685 2857 et

2128 2918 2373 2954 armorum
2396 2905 2641 2968 praesidiis.
2709 2905 2877 2956 Paucis
2896 2906 3061 2968 igitur,
3088 2909 3235 2968 atque
3256 2907 3316 2957 iis
3336 2906 3421 2968 qui
3440 2906 3685 2968 republica

2128 2999 2349 3061 inoequaii
2372 3002 2593 3057 utuntur,
2614 3000 2647 3048 ii
2668 3002 2781 3049 sunt
2802 2999 3027 3062 cavendi,
3050 3001 3135 3062 qui
3156 3013 3299 3049 manu
3314 3003 3363 3050 et
3380 3001 3427 3050 vi
3446 3001 3683 3064 respubli-

2128 3105 2207 3140 cas
2230 3095 2452 3143 evertunt
2485 3107 2604 3142 :vos
2628 3096 2789 3143 antem
2813 3093 2981 3156 decet,
3023 3095 3106 3156 qui
3153 3095 3391 3156 aequalem
3419 3099 3470 3145 et
3504 3097 3686 3158 legibus

2130 3189 2375 3240 fundatam
2400 3192 2741 3253 rempublicam
2775 3191 2987 3254 habetis,
3026 3191 3075 3242 in
3113 3205 3195 3242 eos
3223 3192 3307 3254 qui
3342 3195 3508 3242 contra
3536 3207 3683 3256 quam

2128 3283 2253 3345 leges
2280 3283 2475 3344 jubent,
2514 3287 2599 3332 aut
2644 3284 2852 3333 dixerint
2898 3287 2982 3333 aut
3012 3285 3251 3347 vixerint,
3281 3285 3681 3336 animadvertere.

2128 3377 2247 3424 Nam
2269 3375 2392 3423 vires
2411 3377 2459 3424 in
2492 3389 2547 3424 ro
2572 3379 2743 3426 vestrm
2763 3379 2902 3439 sunt,
2922 3378 2959 3427 si
2984 3377 3109 3440 legoe
3136 3379 3400 3443 tueamini,
3426 3394 3583 3442 neque
3627 3382 3683 3430 ii-

2130 3475 2595 3537 bertatispericulum
2606 3476 2785 3526 adeatis
2802 3489 2830 3524 a
2842 3477 3001 3539 legum
3019 3477 3331 3528 violatoribus
3344 3480 3555 3540 etturpis
3572 3481 3688 3528 vitaz

2129 3573 2417 3622 hominihus.
2445 3573 2511 3636 (6)
2530 3575 2763 3636 Equidem
2782 3575 2901 3624 illud
2920 3575 3141 3625 existimo
3158 3576 3208 3625 in
3223 3576 3490 3628 sanciendis
3506 3575 3689 3638 legibus

2134 3671 2447 3734 spectandum
2475 3686 2576 3722 esse
2593 3673 2731 3724 uobis
2743 3711 2757 3735 ,
2778 3676 2833 3725 ut
2849 3689 2919 3726 eae
2930 3677 3071 3738 iuste
3090 3679 3235 3738 atque
3252 3690 3281 3726 e
3296 3677 3537 3740 republica
3554 3678 3651 3727 sint
3668 3698 3685 3726 e

2130 3765 2211 3814 ubi
2238 3766 2399 3814 autem
2426 3779 2506 3814 eas
2528 3766 2834 3828 sciverimus,
2858 3767 3041 3829 legibus
3058 3769 3251 3818 sancitis
3265 3771 3319 3818 ut
3331 3782 3613 3832 pareamus,
3636 3773 3689 3818 et

2130 3861 2435 3908 contumaces
2470 3859 2749 3921 puniamus,
2772 3859 2811 3908 si
2844 3859 2988 3912 modo
3020 3859 3361 3922 rempublicam
3395 3861 3689 3912 incolumem

2131 3955 2179 4003 et
2196 3953 2442 4002 florentem
2462 3965 2562 4002 esse
2578 3953 2816 4003 volumus.
2840 3952 3167 4012 considerate,
3191 3953 3521 4014 Athenienses,
3536 3967 3689 4016 quan·

2129 4049 2229 4097 tam
2272 4047 2518 4097 modoetiae
2556 4049 2786 4096 rationem
2818 4047 3040 4097 habuerit
3076 4049 3189 4098 Solo
3228 4049 3457 4111 antiquus
3488 4049 3602 4110 iiie,
3638 4057 3691 4101 et

2133 4147 2317 4205 Draco,
2347 4145 2587 4206 ceterique
2609 4146 2738 4195 illius
2760 4145 2919 4196 oetatis
2950 4145 3303 4208 legumlatores.
3375 4145 3443 4208 (7)
3472 4147 3689 4196 Primum

2130 4239 2259 4288 enim
2298 4239 2423 4301 leges
2452 4239 2514 4288 de
2552 4240 2813 4290 liberorum
2848 4243 3121 4289 nostrorum
3156 4239 3403 4302 disciplina
3438 4241 3687 4303 tulerunt,

2133 4333 2368 4395 planeque
2398 4332 2813 4395 demonstrarunt,
2846 4347 2955 4397 quoe
2968 4347 3087 4396 puer
3100 4334 3332 4396 ingenuus
3357 4333 3514 4383 studia
3549 4337 3691 4398 sequi

2130 4421 2326 4484 debeat,
2352 4425 2501 4486 utque
2527 4425 2588 4473 sit
2612 4425 2889 4474 educandus
2914 4446 2926 4474 :
2948 4425 3157 4476 secundo
3177 4427 3284 4476 loco
3315 4427 3376 4476 de
3406 4427 3687 4478 adolescen-

2136 4524 2295 4584 tibus,
2338 4537 2397 4572 ac
2424 4523 2649 4586 deinceps
2679 4525 2741 4574 de
2774 4524 2971 4588 reliquis
2993 4520 3240 4590 aetatibus;
3278 4539 3437 4588 neque
3469 4541 3587 4576 vero
3628 4528 3691 4577 ad

2134 4621 2339 4685 plebeios
2368 4621 2607 4671 duntaxat
2646 4623 2891 4684 homines,
2931 4623 3014 4672 sed
3050 4624 3192 4673 etiam
3228 4623 3289 4672 ad
3335 4627 3551 4674 oratores
3584 4626 3691 4674 baec

2132 4716 2371 4778 pertinere
2389 4717 2661 4765 voluerunt.
2728 4719 2788 4766 Et
2811 4717 2896 4766 has
2926 4717 3053 4778 leges
3076 4716 3124 4765 in
3152 4717 3333 4766 litteras
3358 4716 3531 4765 relatas
3560 4716 3693 4778 apud

2132 4819 2219 4856 vos
2256 4807 2607 4868 deposuerunt,
2647 4821 2911 4870 earumque
2948 4807 3179 4856 custodia}
3221 4820 3309 4855 vos
3348 4807 3689 4870 praefecerunt.

2130 4900 2198 4960 (8)
2225 4903 2381 4958 Quem
2400 4900 2714 4962 igiturlegum
2734 4899 2949 4950 ordinem
2970 4903 3040 4950 est
3061 4903 3254 4949 secutus
3285 4900 3547 4962 legislator,
3566 4913 3690 4951 eun—

2132 4990 2243 5040 dem
2263 4994 2310 5040 et
2338 4991 2435 5053 ipse
2462 4993 2765 5053 praescribam
2788 4992 2989 5042 orationi
3022 5006 3161 5042 meze.
3230 4992 3441 5042 Primum
3464 4993 3594 5042 enim
3613 5007 3693 5042 eas

2131 5084 2257 5147 leges
2278 5097 2515 5147 exponam
2532 5085 2693 5146 vobis,
2712 5099 2822 5148 quae
2852 5085 2913 5135 de
2932 5099 3189 5148 puerorum
3206 5087 3495 5144 vestrorum,
3518 5083 3691 5134 demde

2131 5190 2215 5229 eas
2230 5191 2339 5240 quoe
2356 5178 2417 5230 de
2433 5179 2809 5243 adolescentum,
2830 5181 3070 5243 postremo
3088 5192 3168 5230 eas
3186 5191 3296 5242 quae
3310 5177 3372 5229 de
3390 5178 3690 5242 reliquarum
