3825 5834
574 487 595 531 1
616 483 681 532 72

492 616 542 654 10
570 591 704 652 ἀλλὰ
726 593 973 672 περιεῖδες
1010 592 1160 650 αὐτὸν
1196 589 1245 648 ὲν
1290 593 1354 671 τῇ
1386 593 1551 671 ἀγορᾷ
1590 594 1819 672 χαλκοῦν
1857 591 2110 651 σταθέντα

565 681 774 748 καὶτῆς
817 681 867 736 ἐν
918 677 1224 758 Πρυτανείῳ
1270 679 1521 752 σιτήσεως
1567 680 1979 751 κεκοινωνηκότα
2016 687 2119 747 τοῖς

567 765 839 846 Ἁρμοδίου
867 767 957 825 καὶ
985 765 1411 844 Ἀριστογείτονος
1434 766 1718 844 ἀπογόνοις.
1738 767 1861 846 (102)
1882 765 2112 826 Ἔπειτα

569 857 667 910 ποῦ
687 856 779 924 τῆς
806 852 1005 920 εὖνοίας
1038 856 1131 922 τῆς
1166 856 1260 924 σῆς
1287 857 1316 912 ὁ
1338 855 1499 929 δῆμος
1527 853 1685 912 ἔλαὸε
1710 861 1897 934 πεῖραν
1914 899 1930 926 ,
1951 853 1986 924 ἢ
2021 857 2118 911 ποῧ

566 939 661 1010 τὴν
704 945 794 998 τοῦ
823 940 1037 1022 ῥήτορος
1078 939 1319 1018 βοήθειαν
1360 940 1450 999 καὶ
1484 939 1703 1018 δύναμιν
1751 940 2118 1018 ἐξεταζομένην

568 1027 807 1104 είδομενς
834 1027 869 1100 ἢ
900 1030 1118 1086 ἐνταῦθα
1153 1027 1333 1108 φήσετ’
1360 1019 1490 1087 εἶναι
1520 1029 1702 1102 δεινοί,
1738 1033 1784 1088 εἰ
1822 1027 2122 1108 παρακρού·

569 1138 687 1174 σετε
715 1117 922 1182 τούτους
949 1117 1031 1174 ἀεὶ
1058 1117 1293 1194 λέγοντες
1320 1119 1389 1181 ὡς
1414 1119 1507 1176 οὐκ
1528 1115 1667 1176 ἔστιν
1696 1117 1795 1186 ἔξω
1819 1121 1911 1188 τῆς
1933 1115 2094 1196 πατρί
2103 1150 2120 1160 -

569 1205 653 1271 δος
674 1206 796 1282 ὑμῖν
820 1204 1035 1272 ἐξελθεῖν
1054 1246 1072 1276 ,
1100 1205 1192 1262 οὐκ
1220 1203 1357 1262 ἔστιν
1379 1201 1514 1275 άλλη
1539 1202 1812 1284 καταφυγὴ
1840 1203 2000 1284 χωρὶς
2031 1207 2122 1275 τῆς

492 1316 541 1354 15
568 1291 826 1370 ἡμετέρας
853 1291 1085 1363 εὗνοίας;
1119 1288 1365 1370 φανεροὺς
1394 1293 1554 1370 ἐχρῆν
1581 1291 1952 1370 γεγενημένους
1980 1292 2122 1349 ἀντι-

574 1377 893 1457 πράττοντας
929 1377 1019 1436 καὶ
1048 1376 1185 1455 λόγῳ
1224 1376 1315 1433 καὶ
1344 1374 1481 1456 ἔργῳ
1505 1384 1612 1443 τοῖς
1649 1377 1785 1435 κατὰ
1830 1381 1920 1435 τοῦ
1953 1375 2124 1452 δήμου

576 1464 911 1545 γραφομένοις
937 1463 1290 1543 ψηφίσμασιν,
1326 1462 1463 1522 οὕτω
1490 1465 1681 1523 πείθειν
1708 1464 1920 1530 τούτους
1943 1465 2124 1542 λέγον-

572 1576 665 1620 τας
692 1555 761 1618 ὡς
784 1553 877 1610 οὐκ
895 1551 1033 1610 ἔστιν
1054 1551 1173 1626 ὑμῖν
1188 1549 1402 1626 οὐδεμία
1432 1553 1663 1630 σωτηρία
1680 1551 1839 1632 χωρὶς
1866 1555 1961 1623 τῆς
1981 1551 2124 1630 παρὰ

577 1644 664 1698 τοῦ
704 1638 871 1716 δήμου
919 1639 1179 1719 βοηθείας.
1226 1641 1347 1714 (103)
1378 1637 1559 1716 Ὑμεῖς
1595 1640 1639 1697 δ’
1674 1641 1727 1697 ἐν
1770 1640 1874 1704 τοῖς
1907 1640 2006 1708 ἔξω
2033 1639 2125 1705 τὰς

575 1727 788 1792 ἐλπίδας
817 1727 963 1806 ἔχετε
982 1772 998 1799 ,
1016 1725 1371 1802 ἁμιλλώμενοι
1396 1728 1508 1792 ταῖς
1526 1725 1821 1794 κολακείαις
1852 1727 1982 1808 πρὸς
2009 1724 2125 1792 τοὺς

577 1814 954 1891 ὁμολογοῦντας
1006 1812 1136 1890 ὑπὲρ
1178 1811 1510 1923 Ἀλεξάνδρου
1549 1812 1797 1892 πράττειν
1844 1813 1936 1872 καὶ
1986 1815 2126 1891 δῶρα

492 1913 547 1952 20
574 1899 839 1981 εἰληφέναι
874 1899 1023 1978 παρὰ
1059 1905 1162 1958 τῶν
1200 1901 1370 1958 αὐτῶν
1409 1921 1581 1977 ωνπερ
1628 1905 1714 1958 νῦν
1756 1900 2126 1980 ἀποπέφαγκεν

577 1991 709 2063 ὑμᾶς
730 1993 763 2060 ἡ
793 1987 975 2066 βουλή.
1062 1987 1167 2046 Kal
1193 1985 1255 2044 σὺ
1287 1986 1496 2046 πάντων
1525 1989 1628 2044 τῶν
1671 1986 1942 2060 Ἑλλήνων
1975 1992 2127 2046 ἐναν-

574 2073 681 2132 τίον
737 2074 1079 2154 διειλεγμένος
1130 2072 1415 2150 Νικάνορι,
1483 2073 1572 2132 καὶ
1622 2075 2025 2154 κεχρηματικὼς
2075 2077 2128 2133 ἐν

573 2159 843 2240 Ὀλυμπία
892 2162 1013 2240 περὶ
1054 2151 1125 2220 ὧν
1176 2159 1488 2231 ἐΰουλήθης,
1520 2161 1740 2218 ἐλεεινὸν
1786 2166 1876 2219 νῦν
1910 2161 2126 2219 σεαυτὸν

572 2249 973 2318 κατασκευάζεις
996 2247 1251 2329 προδότης
1277 2245 1348 2306 ὢν
1376 2247 1471 2307 καὶ
1498 2248 1807 2325 δωροδόκος,
1842 2253 1911 2314 ὥς
1939 2251 2128 2326 ἐπιμε-

574 2336 893 2412 λησομένους
917 2336 1130 2403 τούτους
1156 2338 1249 2407 τῆς
1275 2338 1373 2406 σ’ἥς
1415 2335 1663 2414 πονηρίας
1681 2380 1697 2407 ,
1746 2336 1836 2393 καὶ
1864 2337 1922 2393 οὔ
1947 2334 2128 2394 δώσων

576 2422 725 2493 δίκην
750 2423 880 2502 ὑπὲρ
904 2413 976 2480 ὧν
1006 2421 1223 2500 εἴληψαι
1250 2420 1552 2492 πεποιηκώς
1570 2467 1585 2494 ,
1614 2421 1843 2500 τοσούτῳ
1875 2420 2131 2501 τολμηρά·

494 2525 546 2564 25
580 2531 723 2588 τερον
745 2511 996 2584 Δημάδου
1016 2553 1033 2580 ,
1062 2507 1186 2566 ὥσθ’
1230 2514 1258 2568 ὁ
1288 2506 1381 2584 μὲν
1422 2507 1745 2586 προειρηκὼς
1788 2511 1839 2567 ἐν
1869 2513 1944 2588 τῷ
1975 2509 2130 2588 δήμῳ

574 2597 661 2654 τὸν
706 2601 861 2657 αὑτοῦ
895 2598 1083 2677 τρόπον
1127 2596 1217 2655 καὶ
1264 2593 1356 2666 τὴν
1400 2595 1645 2654 ἀπόνοιαν
1666 2642 1684 2673 ,
1727 2595 1819 2653 καὶ
1865 2597 2129 2672 ὁμολογῶν

575 2684 863 2758 λαμὸάνειν
892 2683 981 2742 καὶ
1018 2684 1309 2763 λήψεσθαι,
1349 2680 1490 2759 ὅμως
1521 2685 1578 2740 οὗ
1612 2682 1901 2758 τετόλμηκε
1931 2681 2130 2748 τούτοις

578 2769 738 2838 δεῖξαι
759 2769 819 2828 τὸ
842 2769 1120 2848 πρόσωπον
1136 2815 1153 2842 ,
1184 2769 1291 2827 οὐδ’
1322 2767 1530 2828 ἐναντία
1556 2774 1621 2848 τῇ
1650 2774 1745 2839 τῆς
1779 2772 1968 2847 βουλῆς
1995 2773 2131 2830 ἀπο-

576 2857 729 2934 φάσει
756 2854 924 2935 λέγειν
945 2857 1155 2928 ἠξίωσε.
1204 2853 1323 2934 (ιοε)
1356 2855 1544 2914 Καίτοι
1564 2857 1662 2914 οὐκ
1691 2854 1914 2936 ἔγραψεν
1943 2857 2134 2922 ἐκεῖνος

576 2943 701 3024 περὶ
738 2948 897 3003 αὑτοῦ
948 2942 1130 3025 κυρίαν
1173 2933 1306 3001 εἶναι
1343 2939 1435 3013 τὴν
1484 2943 1705 3020 βουλήν,
1749 2945 1865 3001 οὐδὲ
1912 2943 2131 3003 θάνατον

577 3033 839 3110 ὡρίσατο,
894 3031 983 3090 ἐὰν
1031 3032 1305 3109 ἀποφανθῇ
1349 3029 1604 3108 χρήματα
1654 3030 1904 3110 εἰληφώς·
1957 3029 2020 3090 σὺ
2077 3030 2132 3090 δὲ

576 3120 711 3178 οὕτω
739 3119 937 3197 σφόδρα
959 3117 1307 3183 πεπίστευκας
1331 3125 1437 3183 τοῖς
1459 3123 1675 3176 σεαυτοῦ
1717 3117 1888 3195 λόγοις
1915 3119 2004 3176 καὶ
2034 3142 2134 3177 κα-

500 3227 555 3266 ³0
579 3203 973 3284 ταπεφρόνηκας
1000 3208 1093 3276 τῆς
1120 3203 1315 3264 τούτων
1344 3204 1609 3283 εὐηθείας,
1638 3203 1774 3264 ὥστε
1802 3205 2000 3266 πείσειν
2035 3205 2132 3264 οἴει

576 3289 695 3360 τοὺς
716 3291 961 3359 δικαστὰς
984 3295 1052 3358 ὥς
1082 3290 1238 3368 μόνου
1273 3296 1363 3350 σοῦ
1402 3291 1753 3373 κατέψευσται
1782 3292 1841 3351 τὸ
1871 3294 2130 3372 συνέδριον

575 3382 665 3438 καὶ
696 3380 849 3458 μόνον
886 3381 980 3440 οὐκ
1006 3379 1252 3460 εἰληφότα
1285 3378 1343 3437 σὲ
1383 3380 1441 3438 τὸ
1481 3380 1692 3460 χρυσίον
1734 3380 2128 3460 ἀποπέφαγκεν.

579 3467 685 3526 Καὶ
711 3467 787 3534 τίς
808 3466 870 3526 ἃν
890 3475 1053 3528 ταῦτα
1073 3465 1340 3546 πεισθείης

658 3577 753 3618 105.
799 3555 1023 3637 <Ορᾶτε,
1050 3545 1093 3614 ὦ
1122 3557 1396 3628 Ἀθηναῖοι,
1421 3555 1472 3612 τί
1501 3553 1718 3632 μέλλετε
1760 3557 1950 3614 ποιεῖν.
1985 3555 2132 3634 Παρ·

575 3642 819 3724 ειλήφατε
849 3641 994 3722 παρὰ
1038 3646 1132 3701 τοῦ
1168 3642 1337 3719 δήμου
1364 3641 1425 3700 τὸ
1449 3650 1671 3720 πρᾶγμα
1696 3641 1755 3700 τὸ
1778 3642 2122 3720 γεγενημένον

574 3729 797 3807 ὄνειδος,
819 3726 1071 3808 τιμωρίας
1098 3728 1144 3786 δ’
1164 3727 1315 3810 ἕνεκα
1339 3733 1430 3800 τῆς
1466 3729 1601 3787 κατὰ
1622 3731 1723 3787 τῶν
1750 3729 1952 3808 ἐνόχων,
1972 3729 2132 3788 ὄντων

576 3825 687 3882 ταῖς
711 3817 1004 3896 ἀποφάσεσι
1032 3818 1367 3892 Δημοσθένης
1384 3817 1646 3896 εἰσάγεται
1670 3821 1892 3897 πρῶτος.
1931 3820 2132 3889 Κατη-

581 3902 873 3983 γορήκαμεν
912 3907 1063 3980 ἡμεῖς
1092 3904 1259 3962 οὐδενὶ
1296 3907 1780 3984 καταχαρισάμενοι
1812 3911 1915 3964 τῶν
1949 3909 2133 3964 κοινῶν

579 3989 810 4052 δικαίων.
848 3991 965 4068 (ios)
1003 3989 1195 4068 Πότερ’
1227 3992 1583 4070 ἀμελήσαντες
1627 3997 1730 4051 τῶν
1773 3993 2132 4073 γεγενημένων

498 4097 551 4137 3⁵
580 4077 822 4136 ἁπάντων
857 4077 1088 4157 ἀφήσετε
1104 4077 1189 4136 τὸν
1210 4083 1418 4159 πρῶτον
1442 4081 1815 4153 εἰσεληλυθότα
1840 4081 1968 4160 πρὸς
1997 4085 2134 4158 ὑμᾶς

578 4165 668 4224 καὶ
690 4163 755 4223 τὰ
788 4166 965 4224 δίκαια
992 4165 1058 4222 τὰ
1086 4165 1231 4247 παρὰ
1268 4170 1343 4246 τῷ
1372 4167 1525 4246 δήμῳ
1563 4169 1655 4228 καὶ
1696 4172 1761 4248 τῇ
1800 4171 1963 4247 βουλῇ
1991 4174 2056 4249 τῇ
2083 4169 2134 4237 ἐξ

581 4252 771 4332 Ἀρείου
813 4253 984 4332 πάγου
1026 4252 1225 4322 δόξαντ’
1248 4244 1379 4314 εἶναι
1424 4257 1514 4315 καὶ
1556 4257 1663 4323 τοῖς
1712 4257 1889 4324 ἄλλοις
1936 4257 2132 4318 ἅπασιν

582 4339 891 4421 ἀνθρώποις,
918 4343 1065 4400 ταῦθ’
1096 4345 1243 4419 ὖμεῖς
1270 4347 1317 4402 οἳ
1352 4343 1518 4424 κύριοι
1550 4345 1760 4404 πάντων
1797 4343 2016 4418 λύσετε,
2047 4347 2136 4405 καὶ

588 4429 674 4502 τὴν
708 4427 955 4508 πονηρίαν
992 4429 1137 4487 αὐτοὶ
1172 4429 1267 4501 τὴν
1319 4428 1514 4490 τούτων
1564 4431 1906 4506 ἆναδέξεσθες
1952 4431 2132 4512 (107)ἢ

578 4527 737 4576 πᾶσιν
760 4515 1045 4594 ἀνθρώποις
1070 4519 1409 4596 παράδειγμα
1437 4519 1661 4586 ἐξοίσετε
1688 4519 1855 4580 κοινὸν
1886 4520 2014 4601 ὑπὲρ
2041 4525 2134 4595 τῆς

578 4605 809 4682 πόλεως’,
831 4605 909 4664 ὅτι
929 4604 1128 4680 μισεῖτε
1154 4604 1272 4672 τοὺς
1298 4607 1556 4683 προδότας
1580 4606 1671 4664 καὶ
1700 4606 1819 4673 τοὺς
1842 4608 2134 4685 χρημάτων

581 4693 731 4752 ἕνεκα
758 4691 1092 4771 προϊεμένους
1126 4692 1193 4750 τὰ
1228 4697 1319 4750 τοῦ
1347 4691 1515 4767 δήμου
1546 4693 1907 4773 συμφέροντας
1947 4697 2135 4756 Ταῦτα

499 4795 555 4834 ao
582 4781 681 4859 γὰρ
716 4779 923 4838 ἅπαντά
953 4782 1091 4837 ἐστιν
1125 4779 1206 4858 ἐφ’
1224 4783 1348 4857 ὑμῖν
1384 4785 1471 4838 νῦν
1488 4826 1504 4854 ,
1551 4780 1643 4839 καὶ
1678 4783 2014 4841 πεντακόσιοι
2043 4784 2134 4842 καὶ

580 4869 740 4948 χίλιοι
762 4867 902 4934 ὄντες
927 4865 1022 4938 τὴν
1050 4869 1260 4940 ἁπάσης
1287 4873 1380 4940 τῆς
1412 4869 1614 4937 πόλεως
1642 4871 1905 4948 σωτηρίαν
1931 4873 1984 4930 ἐν
2023 4876 2137 4939 ταῖς

580 4955 759 5034 χερσὶν
801 4955 977 5034 ἔχετε,
1016 4957 1105 5014 καὶ
1144 4961 1177 5025 ἣ
1212 4956 1437 5034 τήμερον
1465 4955 1641 5038 ἡμέρα
1692 4959 1781 5015 καὶ
1826 4962 1861 5028 ἡ
1908 4958 2136 5038 ὑμετέρα

582 5047 749 5121 ψῆφος
775 5042 975 5115 πολλὴν
1002 5043 1289 5123 ἀσφάλειαν
1326 5047 1391 5122 τῇ
1422 5043 1571 5103 πόλει
1602 5045 1924 5115 καταστήσει
1951 5045 2018 5104 τὰ
2056 5046 2134 5103 δί-

583 5152 707 5187 καια
745 5132 891 5206 ὑμῶν
930 5131 1205 5191 ἐθελόντων
1254 5133 1444 5211 κρίνειν
1463 5179 1477 5204 ,
1522 5131 1557 5204 ἢ
1608 5134 1875 5212 μοχθηρὰς
1921 5133 2138 5201 ἐλπίδας

578 5217 823 5289 ποιήσετε
862 5216 1062 5282 πάντας
1090 5217 1225 5296 ἔχειν
1247 5223 1439 5278 τοιαῦθ’
1463 5222 1606 5297 ὑμῶν
1629 5221 1717 5292 ἔθη
1751 5220 2132 5282 κατιστάντων.

1526 471 1965 532 ΔΕΙΝΑΡΧΟΥ
2002 471 2053 527 Ο
2097 471 2300 532 ΚΑΤΑ
2342 471 2936 534 ΔΗΜΟΣΘΕΝΟΥΣ.

3557 475 3710 552 (σε-π)

2204 604 2522 666 perpetravit?
2549 606 2804 666 Nunquam
2836 617 3026 666 prorsus
3043 621 3058 666 ;
3077 604 3163 654 sed
3191 617 3364 654 aeream
3397 605 3440 656 ei
3467 610 3652 657 statuam
3673 612 3710 660 in

2205 695 2306 744 foro
2325 696 2440 755 erigi
2475 707 2648 757 passus
2687 709 2744 747 es
2765 700 2814 747 et
2850 699 2948 760 pari
3001 697 3182 747 honore
3207 697 3363 750 victua
3393 699 3442 747 in
3473 701 3594 749 curia
3621 713 3712 749 cum

2206 789 2454 838 Hemodii
2485 793 2536 839 et
2559 790 2888 852 Aristogitonis
2919 792 3121 853 posteris
3153 790 3261 840 l'rui.
3287 791 3443 854 (102)
3471 793 3636 842 Deinde
3655 793 3720 840 ubi

2206 882 2410 945 populus
2429 881 2777 932 benevolentiae
2801 885 2900 933 tuae
2931 883 3198 946 periculum
3227 884 3354 946 t'ecit,
3379 885 3430 933 et
3453 885 3530 932 ubi
3555 885 3722 935 oratoris

2207 974 2439 1022 auxilium
2468 979 2516 1024 et
2541 973 2638 1024 vim
2671 974 2957 1024 declaratam
2987 975 3229 1025 vidimus?
3253 979 3326 1025 An
3351 976 3416 1024 ibi
3451 988 3535 1026 vos
3558 977 3724 1029 disertos

2207 1077 2308 1115 esse
2337 1065 2542 1128 dicetis,
2574 1065 2656 1115 ubi
2703 1067 2792 1116 hos
2828 1065 3134 1130 deceperitis‚
3166 1081 3318 1130 quum
3361 1068 3560 1118 subinde
3583 1069 3726 1120 dioetis

2207 1169 2304 1206 non
2333 1155 2474 1206 licere
2498 1157 2634 1206 vobis
2663 1157 2820 1220 egredi
2845 1159 3026 1221 petria,
3051 1171 3145 1208 non
3172 1159 3311 1208 vobis
3339 1160 3488 1209 ullum
3514 1173 3612 1210 esse
3631 1175 3724 1210 con-

2209 1249 2390 1310 iugium
2443 1249 2534 1300 nisi
2579 1249 2638 1298 ad
2683 1249 2856 1300 horum
2907 1251 3317 1302 benevolentiam?
3365 1254 3612 1315 Oportebat
3655 1266 3724 1302 vos

2209 1346 2372 1403 aperte
2393 1341 2536 1392 dictis
2555 1347 2603 1392 et
2632 1342 2767 1391 factis
2790 1341 3071 1393 adversatos
3087 1343 3294 1395 decretis
3327 1350 3492 1394 contra
3526 1348 3724 1408 populum

2209 1433 2426 1496 scriptia,
2457 1435 2528 1484 sic
2553 1434 2750 1484 demum
2783 1436 3023 1497 postulare
3053 1437 3194 1487 vobis
3221 1437 3366 1487 tidem
3395 1438 3554 1487 haberi
3574 1439 3628 1488 ab
3657 1440 3726 1496 liis,

2211 1539 2360 1588 quum
2401 1526 2558 1576 dicitis
2601 1527 2738 1577 vobis
2775 1529 2958 1578 nullam
2999 1529 3173 1580 salutis
3218 1542 3355 1593 spem
3384 1543 3490 1580 esse
3534 1531 3726 1593 reliquam

2212 1621 2347 1668 extra
2371 1621 2532 1682 populi
2553 1620 2804 1670 auxilium.
2833 1621 2963 1682 (103)
2987 1625 3050 1671 At
3072 1634 3160 1672 vos
3187 1622 3236 1672 in
3261 1624 3443 1673 exteris
3465 1636 3590 1684 spem
3611 1623 3729 1672 liabe-

2213 1712 2302 1774 tis,
2335 1725 2446 1761 eum
2472 1713 2778 1764 contentione
2811 1713 3022 1776 quadam
3058 1715 3398 1766 assentationis
3429 1715 3646 1766 adversus
3665 1728 3730 1764 eos

2213 1803 2296 1865 qui
2321 1816 2374 1852 se
2395 1804 2648 1855 Alexandri
2685 1807 2926 1868 negotium
2957 1819 3096 1867 agere
3135 1807 3447 1869 confitentur,
3475 1811 3526 1858 et
3552 1807 3660 1856 dona
3683 1805 3730 1856 ab

2215 1893 2382 1944 iisdem
2401 1895 2642 1958 accepisse
2669 1909 2698 1944 a
2732 1896 2908 1958 quibus
2951 1909 3037 1946 vos
3075 1909 3272 1958 quoqne
3299 1897 3540 1960 accepisse
3571 1899 3731 1945 senatus

2218 1985 2465 2037 indicavit.
2500 1991 2655 2051 Atque
2694 1991 2748 2038 tu
2795 2001 2950 2051 quum
2993 2002 3157 2038 coram
3187 1989 3418 2040 omnibus
3451 1991 3621 2040 Graecis
3643 2001 3730 2038 cum

2216 2079 2443 2130 Nicanore
2477 2081 2542 2130 sis
2569 2080 2856 2141 collocutus,
2889 2082 2940 2130 et
2961 2080 3202 2143 Olympiae
3225 2080 3407 2144 quibus
3438 2082 3500 2131 de
3523 2081 3650 2131 rebus
3671 2093 3729 2128 vo

2215 2165 2350 2216 luisti
2373 2181 2596 2230 responsa
2612 2167 2869 2231 acceperis,
2899 2181 3028 2217 nunc
3049 2168 3379 2218 miserabilem
3400 2172 3450 2218 te
3475 2170 3600 2227 iacis,
3618 2169 3731 2217 homo

2217 2254 2430 2314 proditor
2455 2257 2506 2306 et
2546 2257 2825 2319 corruptus,
2860 2255 2998 2318 quasi
3033 2255 3112 2305 isti
3153 2255 3397 2306 rationem
3435 2255 3631 2306 habituri
3657 2255 3731 2304 sint

2220 2350 2320 2395 tuae
2339 2342 2686 2405 improbitatis,
2714 2346 2862 2405 tuque
2883 2355 3049 2406 poenas
3069 2355 3164 2393 non
3189 2343 3403 2394 daturus
3425 2344 3493 2394 sis
3514 2356 3661 2394 eorum
3679 2343 3730 2391 s-

2217 2430 2436 2479 cinorum
2461 2431 2510 2480 in
2531 2431 2708 2492 quibus
2745 2443 2797 2481 es
2835 2429 3159 2493 deprehensns
3177 2469 3192 2494 ,
3216 2433 3358 2482 tanto
3382 2431 3584 2483 Demade
3610 2431 3731 2480 auda-

2218 2517 2334 2578 cior,
2366 2519 2496 2580 quod
2525 2519 2605 2568 ille
2629 2531 2782 2581 quum
2812 2519 2912 2580 iam
2939 2519 3222 2581 explicasset
3259 2533 3348 2582 pro
3375 2523 3594 2571 concione
3613 2532 3734 2568 mores

2219 2620 2334 2656 snos
2384 2611 2530 2670 atque
2567 2609 2883 2670 dementiam,
2911 2621 2967 2658 ac
2995 2610 3291 2672 profiteretur
3329 2625 3385 2663 se
3412 2618 3462 2662 et
3483 2613 3672 2675 accipere
3695 2615 3732 2658 et

2217 2698 2525 2758 accepturum
2551 2707 2669 2757 esse,
2691 2701 2850 2745 tamen
2868 2697 3038 2746 taciem
3061 2695 3122 2748 iis
3139 2711 3276 2747 suam
3299 2699 3550 2750 ostendere
3569 2711 3731 2747 non-au·

2219 2796 2304 2831 sus
2331 2783 2436 2844 l'uit,
2465 2797 2621 2845 neque
2645 2787 2837 2834 senatus
2859 2783 3082 2835 delationi
3113 2784 3537 2837 contradicendum
3553 2799 3645 2836 esse
3665 2798 3736 2847 pn-

2221 2869 2355 2917 tevit.
2383 2869 2512 2930 (104)
2537 2870 2841 2931 Quamquam
2865 2869 2946 2919 ille
2973 2883 3024 2920 se
3047 2873 3324 2924 auctoritati
3359 2877 3552 2924 senatus
3579 2887 3652 2936 per
3665 2872 3730 2921 de-

2220 2960 2404 3004 cretum
2431 2968 2526 3004 non
2556 2955 2820 3018 commisit,
2847 2969 3004 3020 neque
3029 2971 3220 3020 poenam
3243 2962 3420 3023 capitis
3440 2963 3487 3012 in
3511 2975 3560 3012 se
3585 2959 3734 3016 statuit,

2219 3041 2261 3090 si
2307 3045 2360 3092 ut
2388 3043 2472 3104 qui
2501 3043 2750 3104 pecuniam
2795 3045 3060 3108 accepisset
3099 3059 3128 3096 a
3163 3051 3334 3097 senatu
3379 3049 3630 3100 deterretur
3663 3051 3734 3094 :tu

2223 3142 2336 3180 vero
2367 3143 2521 3192 usque
2559 3130 2678 3181 adeo
2727 3131 2876 3182 [retus
2921 3133 3052 3182 fuisti
3091 3135 3367 3197 eloquentia
3412 3139 3496 3188 tue
3517 3140 3565 3186 et
3602 3137 3737 3184 borum

2222 3217 2484 3268 bonitatem
2529 3219 2887 3282 contempsisti,
2919 3223 2976 3271 ut
3014 3222 3066 3271 te
3103 3233 3453 3284 persuasurum
3485 3229 3662 3288 putares
3682 3221 3742 3282 ju·

2221 3305 2432 3367 dicibus,
2456 3307 2710 3356 concilium
2747 3313 2911 3356 contra
2935 3311 2982 3358 te
3011 3309 3166 3358 solum
3201 3310 3388 3362 dixisse
3422 3312 3587 3362 falsum
3629 3322 3676 3358 ac
3703 3311 3740 3356 te
3784 3305 3785 3308 ’

2220 3394 2374 3443 solum
2416 3395 2602 3458 accepti
2641 3395 2747 3446 auri
2769 3395 2914 3458 culpa
2951 3409 3159 3448 vacuum
3185 3398 3436 3449 detulisse.
3475 3402 3532 3448 Et
3555 3398 3652 3462 quis
3673 3396 3740 3445 isu

2221 3478 2422 3529 credat?

2289 3572 2394 3616 105.
2424 3567 2624 3628 videte,
2652 3568 2993 3631 Athenienses,
3027 3561 3146 3632 quid
3183 3571 3356 3621 facturi
3379 3571 3502 3622 citis.
3529 3567 3744 3630 accepistis

2221 3679 2248 3715 a
2275 3667 2453 3730 populo
2476 3681 2578 3720 rem
2597 3670 2938 3729 ‚commissum
2973 3671 3100 3722 istud
3139 3671 3407 3735 flagitium3
3444 3671 3745 3724 Demosthenes

2223 3766 2442 3829 supplicii
2484 3781 2629 3818 cause
2659 3769 2708 3818 in
2737 3781 2822 3820 eos
2864 3769 2947 3831 qui
2984 3769 3226 3822 delatione
3271 3776 3498 3822 tenentur
3537 3765 3746 3821 constituti

2223 3866 2403 3927 primus
2428 3867 2477 3916 in
2493 3866 2726 3928 iudicium
2751 3867 3026 3918 adducitur.
3053 3871 3149 3920 litos
3169 3871 3508 3921 accusavimus
3526 3905 3540 3932 ,
3559 3869 3658 3931 iure
3681 3879 3744 3928 l‘u‘
3784 3889 3785 3930 ὲ

2223 3965 2348 4015 blico
2381 3969 2560 4018 nemini
2592 3969 2880 4020 condonato.
2929 3971 3060 4035 (106)
3101 3974 3277 4022 Utrum
3305 3973 3540 4036 neglectis
3579 3972 3633 4022 iis
3659 3981 3746 4031 quit·

2223 4069 2330 4114 acta
2365 4069 2480 4115 sunt
2512 4066 2759 4128 omnibus,
2804 4066 3070 4119 demittetis
3109 4081 3219 4119 eum
3265 4070 3349 4132 qui
3389 4071 3566 4132 primus
3599 4067 3655 4117 ad
3684 4076 3748 4112 vos

2223 4163 2462 4224 ingressus
2491 4170 2593 4226 est,
2620 4165 2670 4214 et
2700 4178 2812 4228 quoe
2830 4168 2936 4215 tum
2961 4167 3140 4229 populo
3162 4169 3270 4218 tum
3293 4168 3616 4230 Areopagitica
3637 4175 3746 4214 sena·
3783 4179 3786 4186 ’

2223 4261 2296 4308 tui
2321 4266 2423 4310 tum
2452 4260 2677 4312 omnibus
2701 4263 2978 4313 bominibus
3004 4277 3146 4327 oequa
3165 4265 3271 4314 visa
3294 4270 3446 4326 sunt,
3473 4278 3528 4316 ea
3557 4276 3635 4314 vos
3652 4273 3748 4324 quo·
3784 4293 3785 4298 =

2225 4375 2330 4412 rum
2354 4363 2514 4414 omnis
2537 4364 2615 4413 est
2631 4363 2894 4412 auctoritas
2915 4361 3124 4426 tolletis,
3149 4366 3302 4426 atque
3321 4363 3412 4427 ipsi
3437 4361 3748 4426 improbitatem

2227 4465 2428 4515 istorum
2475 4466 2523 4514 in
2581 4478 2667 4515 vos
2713 4465 2980 4529 recipietis?
3029 4465 3161 4529 (t07)
3209 4469 3282 4516 An
3333 4479 3451 4516 vero
3507 4460 3750 4514 mortalibus
3784 4523 3785 4548 3

2225 4561 2448 4612 omnibus
2469 4575 2728 4614 commune
2751 4562 3030 4626 exemplum
3065 4565 3344 4626 proponetis
3367 4562 3518 4612 vestri
3547 4561 3592 4610 in
3615 4554 3748 4621 prodi·

2227 4659 2353 4706 tores
2383 4655 2479 4704 odii
2503 4659 2652 4718 atque
2675 4656 2725 4705 in
2747 4669 2829 4706 eos
2856 4657 2940 4718 qui
2977 4659 3195 4718 pecuniae
3224 4669 3370 4706 causa
3416 4655 3661 4705 utilitatem
3687 4661 3752 4711 po-

2226 4749 2325 4810 puli
2349 4749 2696 4811 neglexerunt?
2727 4751 2842 4800 Hoec
2865 4749 2996 4800 enim
3023 4751 3186 4800 omnia
3208 4761 3337 4803 nunc
3356 4763 3504 4812 penes
3535 4762 3618 4799 vos
3636 4747 3752 4802 sunu

2225 4855 2312 4891 vos
2334 4841 2464 4891 mille
2486 4843 2734 4905 quingenti
2759 4855 2959 4892 numero
2985 4843 3140 4893 totius
3159 4837 3366 4893 civitatis
3383 4843 3589 4929 Qlutem
3609 4841 3652 4891 in
3669 4849 3752 4887 ma·

2225 4935 2366 4985 nibus
2407 4935 2618 4996 habetis,
2665 4936 2771 4985 lioec
2806 4935 2910 4986 dies
2943 4938 3267 5000 vestrumque
3311 4925 3591 4999 sussfagium
3621 4931 3751 4981 autin

2225 5045 2396 5095 magna
2417 5033 2671 5082 securitate
2699 5032 3046 5094 rempublicam
3065 5031 3345 5090 collocabit,
3363 5031 3406 5080 si
3427 5032 3493 5080 ita
3514 5035 3568 5078 ut
3587 5037 3752 5088 aequum

2225 5133 2299 5178 est
2338 5127 2650 5190 pronuntiare
2687 5125 2966 5187 volueritiS,
3003 5130 3086 5177 aut
3111 5127 3326 5178 efficietis
3363 5131 3418 5212 ut
3457 5137 3588 5188 spem
3615 5128 3754 5170 omnes

2229 5230 2402 5279 malam
2428 5229 2725 5292 concipiant,
2757 5229 2795 5278 si
2825 5228 2948 5280 tales
2977 5241 3134 5280 mores
3167 5227 3537 5280 introduxeritis.

3783 447 3785 456 A
