3825 5834
1480 413 1973 473 FRAGMENTA.

3208 428 3315 478 321

153 572 270 627 ραι
246 546 309 605 τὰ
335 548 480 605 κῶλα
507 544 684 605 καὶτὰ
707 544 984 621 κόμματα,
1010 544 1150 613 ὅπως
1173 544 1226 602 δὲ
1251 543 1408 603 πάλιν
1440 542 1681 621 Ἰσοκρά-
1709 545 1722 615 Ι
1767 556 1849 600 tas
1890 564 2003 601 esse
2033 544 2197 600 tradit
2240 554 2437 599 auctor
2466 546 2591 600 vitae
2636 542 2731 621 (p.
2784 546 2895 617 257
2944 549 3001 603 in
3031 548 3175 624 Βιογ.
3222 552 3311 605 ed.

150 658 260 705 της,
297 634 372 710 τῶ
414 630 640 709 Λαχάρη
669 631 882 698 δεόντως
929 633 981 689 ἐν
1025 636 1101 709 τῶ
1130 631 1249 709 περὶ
1273 632 1440 688 αὐτῶν
1481 628 1681 705 εἴρηται
1769 634 2070 689 Westerm.
2086 630 2131 704 )‚
2155 650 2325 704 quam
2347 634 2413 689 A.
2438 634 2799 707 Mustoxydes
2824 636 3041 707 primus
3069 636 3321 698 edidit*

150 723 302 799 λόγῳ·
329 718 554 789 πολλους
579 723 680 800 γὰρ
704 721 944 799 ὁρισμους
965 725 1066 779 τῶν
1091 721 1322 800 ἀρχαίων
1341 720 1680 799 παρατίθησι·

73 860 79 865 4
147 810 274 884 λέγει
315 810 422 888 γὰρ
463 808 561 868 καὶ
611 808 938 888 Ἰσοκράτους
981 809 1214 889 ὁρισμόν,
1249 808 1304 867 ὃν
1345 810 1403 877 οὗ
1448 807 1682 885 παραδέ-

149 918 304 973 letan.

871 1002 960 1039 ια.

223 1074 502 1128 Maximus
525 1072 858 1128 Planndest.
888 1074 953 1138 V,
981 1087 1040 1142 p.
1075 1074 1183 1141 497
1215 1070 1390 1124 Walz.
1431 1089 1444 1123 :
1473 1069 1544 1125 Οἱ
1569 1067 1679 1125 ’Ar-

149 1158 362 1217 τικισταὶ
389 1159 662 1222 παντελῶς
682 1154 1032 1233 ἀποτρέπουσι
1061 1160 1152 1214 τοῦ
1177 1157 1566 1231 ὄνοματοποιεῐν
1597 1155 1685 1213 καὶ

151 1247 308 1323 μόνοις
333 1245 724 1323 προστάττουσι
751 1247 1038 1321 κεχρῆσθαι
1065 1250 1180 1309 ταῖς
1205 1242 1498 1321 εἰρημέναις
1515 1242 1685 1309 λέξεσι

149 1332 356 1397 καὶτοῖς
395 1330 732 1408 τεταγμένοις
771 1330 1038 1406 ὀνόμασιν,
1062 1330 1130 1395 ὥς
1175 1352 1330 1409 φησιν
1360 1328 1682 1409 Ἰσοκράτης.

151 1421 224 1478 Cf.
253 1422 322 1477 st.
375 1440 400 1474 ι
417 1440 472 1477 ο.

219 1506 622 1580 subjungimus
647 1506 718 1561 de
757 1507 1074 1560 orationum
1110 1506 1490 1559 voluminibus
1511 1546 1526 1573 ,
1565 1524 1688 1578 quae

150 1597 240 1651 sub
275 1596 547 1649 Isocratis
608 1595 836 1649 nomine
877 1593 1069 1664 paullo
1116 1605 1245 1665 post
1280 1604 1524 1649 mortem
1567 1592 1690 1664 ejus

151 1681 704 1749 circumferebantur,
745 1680 1122 1734 testimonium
1189 1681 1450 1751 Dionysii
1505 1679 1582 1753 (t.
1617 1682 1684 1752 V,

147 1790 203 1843 p.
231 1769 342 1839 576
385 1770 504 1841 R.)
539 1785 554 1824 2
587 1764 785 1835 Μηδεὶς
821 1766 866 1822 δ’
895 1768 1093 1841 ἀγνοεῖν
1125 1766 1361 1845 ὕπολάὸῃ
1405 1766 1518 1843 [με]
1565 1768 1687 1841 μήθ’

145 1856 218 1913 ὅτι
245 1854 500 1933 Ἀφαρεύς
518 1900 534 1926 ,
561 1858 588 1911 ὁ
617 1851 861 1932 πρόγονός
888 1877 942 1911 τε
972 1854 1061 1910 καὶ
1091 1854 1381 1925 εἰσποίητος
1405 1853 1689 1932 Ἰσοκράτει

147 1940 414 2017 γενόμενος
431 1984 448 2012 ,
479 1945 534 2000 ἐν
561 1945 638 2021 τῷ
665 1940 791 2019 πρὸς
833 1943 1198 2017 Μεγακλείδην
1225 1944 1344 2020 περὶ
1367 1946 1461 2012 τῆς
1490 1942 1690 2001 ἀντιδό-

145 2053 262 2095 σεως
287 2030 438 2107 λόγῳ
461 2030 738 2107 διορίζεται
762 2030 1023 2107 μηδεμίαν
1051 2030 1151 2089 ὑπὸ
1172 2035 1262 2089 τοῦ
1285 2031 1479 2109 πατρὸς
1507 2031 1688 2089 ὑπόθε-

145 2140 218 2175 σιν
247 2118 316 2182 εἷς
339 2117 680 2193 δικαστήριον
709 2116 1028 2193 γεγράφθαι,
1059 2118 1182 2193 μήθ’
1225 2116 1304 2176 ὅτι
1334 2116 1528 2193 δέσμας
1554 2117 1690 2175 πάνυ

147 2204 329 2269 πολὶὰς
383 2206 661 2262 δικανικῶν
699 2202 865 2281 λόγων
920 2203 1286 2283 Ἰσοκρατείων
1325 2204 1692 2285 περιφέρεσθαί

147 2312 288 2368 φησιν
320 2291 432 2347 ὑπο
455 2293 558 2347 τῶν
590 2290 953 2368 βιὸλιοπωλῶν
985 2291 1372 2391 Ἀριστοτέλης·
1403 2293 1692 2370 ἐπίσταμαι

141 2368 234 2445 γὰρ
254 2392 430 2425 ταυτα
453 2369 552 2427 ὑπὸ
578 2372 680 2427 τῶν
705 2368 902 2446 ἀνδρῶν
931 2370 1136 2427 ἐκείνων
1165 2368 1446 2447 λεγόμενα·
1472 2373 1561 2431 καὶ
1586 2372 1690 2431 οὔτ’

148 2459 490 2537 Ἀριστοτέλει
517 2459 761 2535 πείθομαι
793 2460 1053 2540 ῥυπαίνειν
1089 2460 1175 2520 τὸν
1195 2462 1356 2541 ἄνδρα
1396 2466 1690 2545 βουλομένῳ

147 2546 248 2604 οὔτ’
276 2548 506 2627 ἐΑι-ραρ
486 2572 501 2605 ι
536 2546 719 2607 τούτου
755 2551 805 2625 γ’
835 2548 988 2607 ἕνεκα
1017 2548 1168 2624 λόγον
1197 2554 1428 2659 εὖπρεπη
1463 2556 1690 2611 πλαττο-

147 2635 280 2713 μένῳ
316 2636 663 2711 συντίθεμαι·
685 2634 858 2693 ἱκανὸν
882 2634 934 2693 δὲ
953 2628 1352 2713 ἡγησάμενοςῗ
1305 2662 1434 2697 ειναι
1451 2642 1541 2710 τῆς
1563 2642 1690 2711 ἄλη·

146 2722 275 2788 θείας
311 2721 616 2800 βεὸαιωτὴν
657 2722 743 2779 τὸν
773 2722 1041 2793 Ἀθηναῖον
1088 2725 1476 2805 Κηφισόδωρον,
1520 2729 1574 2795 ὃς
1603 2730 1690 2787 καὶ

148 2808 456 2867 cuvesstwcev
469 2807 760 2887 Ἰσοκράτει
770 2832 858 2866 και
870 2810 1220 2885 γνησιώτατος
1231 2816 1485 2883 ἀκουστὴς
1498 2815 1694 2891 ἐγένετο

145 2896 229 2951 καὶ
263 2894 364 2963 τὴν
393 2894 675 2971 ἀπολογίαν
719 2894 813 2963 τὴν
849 2894 984 2955 πάνυ
1013 2896 1316 2974 θαυμαστὴν
1350 2902 1402 2957 ἐν
1428 2910 1544 2967 ταῖς
1569 2902 1694 2979 πρὸς

143 2979 526 3056 Ἀριστοτέλη’
497 2982 832 3059 αντιγραφαῖς
849 2984 1150 3057 ἐποιήσατο,
1167 2985 1398 3044 πιστεύω
1409 2987 1694 3068 γεγράφθαι

145 3068 320 3145 λόγους
347 3092 494 3135 τινας
527 3072 628 3127 υπο
645 3090 736 3127 του
773 3070 955 3149 ἀνδρὸς
981 3073 1050 3134 εἰς
1081 3072 1411 3151 δικαστήρια,
1437 3076 1496 3133 οὐ
1523 3075 1696 3149 μέντοι

141 3156 384 3221 πολλους.
405 3159 664 3215 «Deinde
679 3161 986 3217 Isocratem
1003 3164 1392 3219 Atheniensem
1410 3166 1558 3221 inter
1575 3187 1642 3221 οι·
1643 3186 1697 3223 a-

147 3254 292 3300 tores
313 3244 506 3313 fuisse,
527 3247 626 3318 qui
647 3265 699 3304 a.
727 3246 838 3301 352
866 3250 940 3303 ab
972 3250 1264 3307 Artemisia
1283 3254 1500 3307 invitati
1520 3256 1696 3326 epita-

145 3332 359 3403 phiisin
371 3332 652 3387 honorem
663 3336 896 3389 Mausoli
909 3338 1315 3412 componendis
1326 3339 1694 3411 decertarent,

145 3418 354 3473 Gellius
392 3437 485 3488 ιο,
532 3418 638 3487 ι8,
673 3418 1028 3495 Biographus
1064 3424 1259 3479 decem
1293 3438 1432 3481 orat.
1470 3447 1527 3501 p.
1559 3428 1694 3483 838.

145 3504 222 3572 Β,
263 3507 672 3581 Theopompus
719 3508 874 3581 apud
925 3510 1226 3565 Eusebium
1270 3514 1446 3587 Praep.
1501 3534 1692 3589 evang.

153 3610 237 3644 ιο.
269 3592 302 3645 3
333 3612 398 3667 p.
442 3593 574 3658 464.
604 3592 648 3649 C
689 3594 1046 3651 tradiderunt
1075 3614 1384 3671 eorumque
1420 3600 1698 3670 judicium

145 3696 274 3733 cum
325 3682 424 3735 alii
465 3691 588 3735 tum
635 3685 708 3739 D.
767 3682 1137 3739 Ruhnkenius
1189 3685 1316 3739 hist.
1363 3697 1535 3744 oratt.
1595 3700 1696 3745 att.

145 3784 199 3837 p.
232 3765 306 3820 85
336 3786 464 3840 sqq.
497 3770 674 3823 secuti
711 3781 842 3823 sunt
881 3769 990 3843 (cf.
1022 3772 1266 3829 Clinton.
1294 3774 1358 3830 F.
1391 3776 1460 3828 11.
1490 3793 1549 3847 p.
1585 3794 1699 3849 299

150 3854 328 3927 Kriig.
351 3852 400 3929 ).
443 3852 554 3911 Sed
585 3856 724 3911 illud
751 3867 1036 3912 certamen
1057 3856 1290 3914 Suidam
1313 3858 1437 3931 jure
1476 3862 1550 3917 ad
1573 3864 1694 3917 Iso-

145 3952 360 3995 cratem
388 3944 842 4016 Apolloniensem
873 3946 1124 4001 retulisse
1143 3958 1198 4001 et
1231 3949 1281 4005 1.
1315 3947 1604 4022 Pflugkius
1629 3951 1700 4006 de

147 4028 366 4102 Theop.
397 4032 514 4085 vita
535 4049 598 4104 p.
629 4030 702 4087 26
733 4050 820 4104 sq.
855 4031 1050 4087 docuit
1079 4044 1133 4087 et
1155 4050 1264 4109 ego
1293 4036 1352 4087 in
1375 4036 1696 4095 Zimmenm.

153 4114 358 4172 Dium.
399 4116 545 4173 1835
573 4138 634 4192 p.
673 4126 777 4185 4ιι
815 4120 1068 4192 exposui.
1101 4116 1188 4175 Cf.
1217 4122 1279 4178 C.
1311 4122 1602 4179 Maercker.
1630 4124 1702 4179 de

152 4202 492 4259 Tbeodectis
535 4207 653 4260 vita
685 4224 708 4259 ι
741 4226 802 4281 p.
835 4205 906 4260 23
932 4224 1056 4277 sqq.
1090 4238 1168 4249 ——
1191 4203 1496 4283 Ἰσοκράτης
1523 4210 1575 4265 ἐν
1601 4212 1702 4274 τοῖς

153 4286 278 4363 πρὸς
311 4288 557 4348 Εἷδοθέαν
599 4294 1154 4349 commemorabatur
1189 4296 1344 4368 apud
1386 4296 1614 4353 Suidam
1653 4317 1698 4355 s.

154 4394 210 4429 ν.
250 4373 474 4451 χιάζειν,
510 4377 610 4433 sed
657 4376 944 4455 Σωκράτης
982 4378 1034 4434 ἐν
1070 4380 1146 4455 τῷ
1186 4377 1312 4454 πρὸς
1352 4379 1590 4438 Εἷδόθεον
1622 4372 1703 4438 le:

154 4463 398 4533 gendum
434 4482 550 4519 esse
591 4465 660 4521 G.
699 4467 1048 4522 Hermannus
1074 4466 1265 4522 docuit
1305 4468 1378 4523 ad
1408 4470 1696 4544 Aristoph.

159 4547 306 4605 Nub.
353 4569 470 4623 97⁰
513 4550 630 4627 (cf.
663 4554 891 4626 Fragm.
938 4554 1081 4609 Hist.
1131 4564 1175 4609 t.
1225 4552 1317 4625 IV,
1364 4575 1420 4629 p.
1463 4557 1698 4627 49631,

157 4652 219 4706 p.
249 4637 474 4695 LXVII.
497 4636 543 4713 ).
589 4662 613 4687 υ

237 4745 260 4770 ι
289 4724 463 4779 Porro
485 4737 689 4799 praeter
707 4745 798 4781 eas
819 4729 1102 4782 orationes
1130 4747 1252 4800 quae
1270 4746 1420 4783 nunc
1447 4731 1706 4785 Isocratis

161 4826 278 4864 esse
300 4822 572 4883 putantur
599 4814 908 4886 permultas
943 4815 1250 4888 aliquando
1276 4816 1414 4870 {also
1443 4818 1496 4871 ei
1523 4818 1703 4871 tribu-

155 4974 236 5019 ¹oe
259 4972 578 5036 definiverint,
609 4978 842 5027 Laenates
866 4978 913 5025 in
937 4991 1024 5027 suo
1049 4978 1107 5027 dc.-
1125 4978 1218 5027 iilis
1233 4982 1436 5029 tractatu
1455 4980 1704 5042 diligenter

157 5044 397 5106 exposuit3
419 5048 594 5095 multas
612 5048 744 5098 enim
757 5046 1080 5108 antiquiorum
1105 5048 1389 5110 scriptorum
1409 5049 1704 5099 definitiones

1775 720 1843 776 Ei
1873 716 1929 775 δέ
1956 740 2088 782 τινες
2110 717 2469 794 ἐπεισάγουσιν
2496 720 2680 785 ἄλλους
2698 718 2839 787 τινὰς
2860 720 3107 797 λόγους,“
3080 744 3149 787 ως
3167 722 3323 789 ὄντας

1772 805 1960 874 αὐτου,
1990 807 2047 863 οὐ
2077 806 2418 883 προσδεκτέον
2443 808 2663 875 ἐκείνους
2683 808 2831 885 παρὰ
2857 808 2973 876 τους
2992 810 3321 888 φερομένους.

1772 890 1896 952 Εἰσι
1915 894 1969 951 δὲ
1990 895 2037 953 οἱ
2062 894 2481 973 ἐπεισφερόμενα
2508 886 2671 953 οὗτοι·
2696 895 3125 969 συμὸουλευτικοὶ
3148 900 3319 971 ἐννέα,

1771 978 1891 1057 περὶ
1920 986 2253 1059 παρασκευῆς
2282 984 2606 1082 ἱππομεδῶν,
2632 982 2751 1061 περὶ
2780 984 3121 1059 αὐτονομίας,
3147 989 3324 1047 Σινω-

1771 1065 1945 1138 πικός,
1977 1069 2308 1140 νησιωτικός,
2350 1068 2637 1144 σύμμικτοι
2670 1078 2826 1147 τρεῖς,
2872 1072 3321 1151 Ἀμφικτυονικός,

1771 1152 1888 1232 περὶ
1915 1158 2005 1212 τοῦ
2036 1177 2371 1231 κατοικισμου
2404 1156 2699 1227 Μιλησίοις.
2736 1158 3111 1218 Ἔπιδεικτικοὶ
3160 1162 3321 1233 ἑπτά,

1778 1243 2246 1321 Κλυταιμνήστρας
2278 1244 2561 1319 ἐγκώμιον,
2595 1246 2900 1317 Πηνελόπης
2918 1290 2933 1317 ,
2956 1248 3322 1326 Μενεκράτης,

1778 1327 2047 1404 ἐπιτάφιος
2088 1332 2195 1395 τοῖς
2222 1332 2277 1387 ἐν
2314 1329 2523 1409 Θυραία
2545 1374 2561 1401 ,
2590 1333 2981 1409 Νεοπτόλεμος,
3018 1336 3289 1413 Παριακός
3307 1380 3321 1408 ,

1773 1414 1799 1440 “
1825 1414 1890 1437 *¹*
1924 1416 2203 1492 (septimae
2240 1418 2689 1475 demonstrativae
2730 1423 2923 1477 titulus
2950 1435 3006 1478 et
3042 1443 3137 1481 vv,
3170 1424 3317 1481 δικα·

1775 1500 1908 1560 νικοὶ
1932 1502 2175 1581 τέσσαρες
2202 1506 2591 1579 exciderunt),
2619 1508 2897 1585 συνηγορία
2926 1508 3053 1584 πρὸς
3082 1508 3177 1578 τὴν
3208 1512 3321 1567 ἐπι-

1777 1589 1965 1661 στολὴν
1990 1596 2079 1647 τοῦ
2111 1590 2389 1649 ἐπιστάτου
2405 1636 2420 1662 ,
2450 1591 2571 1671 περὶ
2596 1598 2685 1651 τοῦ
2705 1592 2917 1672 ὄρτυγας
2935 1640 2951 1667 ,
2985 1594 3116 1673 ὑπὲρ
3144 1600 3323 1670 Τιμο-

1776 1677 1892 1735 θέου
1924 1676 2282 1757 ἐπιτροπικός,
2307 1678 2425 1756 περὶ
2444 1682 2537 1749 τῆς
2564 1679 2755 1757 ὑδρίας.
2820 1680 3121 1758 Σύμμικτοι
3148 1685 3323 1753 πέντε,

1775 1764 1896 1842 περὶ
1924 1764 2254 1845 φιλοσοφίας,
2295 1764 2415 1843 περὶ
2455 1764 2761 1837 Πλάτωνος,
2804 1769 2921 1845 περὶ
2950 1769 3144 1847 ἔριδος,
3186 1794 3322 1849 προ-

1775 1850 2045 1927 τρεπτικός
2062 1893 2079 1921 ,
2103 1852 2405 1927 καταδρομὴ
2430 1858 2711 1933 σοφιστῶν.
2747 1860 2829 1913 Ex
2855 1860 2943 1915 his
2968 1862 3321 1917 orationibus

1777 1942 2303 2015 Amphictyonicam
2331 1952 2387 1995 et
2410 1940 2783 2021 προτρεπτικόν
2804 1946 3063 2001 Isocratis
3088 1949 3326 2019 Apollo·

1775 2030 1981 2084 niensis
2028 2028 2211 2084 videri
2266 2029 2429 2084 fuisse
2476 2030 2545 2087 G.
2590 2032 2921 2105 Bernhardy
2970 2034 3043 2087 ad
3088 2032 3326 2090 Suidam

1781 2115 1937 2189 (vol.
1972 2135 2020 2184 1,
2052 2135 2084 2170 a
2120 2134 2177 2189 p.
2224 2115 2405 2191 1078)
2446 2120 2665 2172 monuit
2706 2138 2720 2174 ε
2760 2121 3145 2192 Apolloniensi
3174 2122 3327 2177 enim

1778 2201 1977 2258 Suidas
2021 2204 2305 2256 orationes
2339 2202 2539 2258 eodem
2584 2204 2761 2259 modo
2811 2207 3102 2280 inscriptas
3148 2209 3325 2264 tribui

1780 2300 2027 2345 testatur.
2064 2292 2247 2362 Atque
2284 2306 2454 2361 quam
2492 2288 2692 2347 suidas
2727 2289 2969 2363 ejusdeni
3012 2297 3327 2351 orationem

1780 2376 1898 2455 περὶ
1926 2382 2015 2435 τοῦ
2044 2379 2433 2449 μετοικισθῆναι
2464 2377 2593 2433 ferri
2630 2378 2799 2448 dicit,
2830 2381 3063 2437 fortasse
3099 2401 3167 2438 ea
3204 2396 3285 2439 est
3308 2428 3325 2454 ,

1781 2486 1951 2541 quam
1994 2466 2335 2539 biographus
2378 2462 2495 2541 περὶ
2534 2468 2625 2521 τοῦ
2664 2471 3005 2541 κατοικισμοῦ
3054 2469 3330 2538 Μιλησίοις

1780 2558 2103 2629 inscriptam
2156 2554 2317 2608 fuisse
2369 2553 2621 2617 tradidit.
2656 2554 3084 2627 Clytaemnestra·
3133 2560 3329 2615 laudes

1782 2642 2135 2714 Polycratem
2161 2638 2441 2710 scripsisse
2463 2656 2630 2709 supra
2660 2640 2917 2717 yidimuS.
2948 2664 2972 2691 ι

1864 2753 1889 2778 ι
1915 2727 2176 2797 Denique
2226 2723 2297 2778 de
2350 2725 2639 2777 sententiis
2687 2726 3023 2798 quibusdam
3071 2727 3331 2784 isocratis

1781 2812 2087 2868 videndum
2118 2820 2201 2865 est
2224 2848 2239 2877 ,
2289 2826 2413 2881 quae
2450 2811 2653 2883 passim
2693 2828 2727 2865 a
2754 2812 3123 2885 scriptoribus
3160 2816 3331 2869 variis

1784 2908 2314 2957 commemorantur.
2342 2898 2529 2969 Atque
2550 2899 2827 2971 permulta
2853 2898 3082 2971 quidem
3108 2919 3327 2968 eorum,

1784 3006 1908 3059 quae
1980 2986 2320 3056 asseruntur,
2378 2983 2635 3039 homines
2696 2984 2855 3039 docti
2893 3002 3013 3038 non
3066 2986 3332 3041 viderunt

1784 3078 2104 3131 etiamnunc
2149 3072 2209 3125 in
2256 3071 2610 3125 orationibus
2646 3072 3039 3145 superstitibus
3086 3084 3323 3129 exstare.

1784 3161 1875 3218 Sic
1903 3166 1971 3215 A.
1997 3162 2454 3215 Westermannus
2479 3158 2622 3213 Hist.
2650 3160 2846 3230 eloqu.
2864 3176 2951 3231 gr.
2975 3177 3035 3230 p.
3062 3158 3173 3232 ²93
3204 3157 3332 3214 Sto·

1785 3252 1890 3305 baei
1919 3246 2087 3303 floril.
2138 3244 2212 3311 48
2234 3286 2251 3313 ,
2293 3244 2466 3311 ati-41
2501 3255 2558 3299 et
2598 3246 2683 3303 10.
2714 3248 3043 3302 Damasceni
3081 3248 3327 3322 append.

1790 3355 1882 3406 αι,
1926 3334 1991 3390 13
2023 3334 2214 3400 affert,
2244 3332 2341 3387 sed
2386 3350 2452 3387 ea
2501 3343 2718 3400 exstant
2758 3334 2817 3386 in
2850 3352 2939 3389 or.
2980 3352 3013 3388 α
3040 3332 3092 3406 §.
3144 3332 3327 3403 27-35

1787 3434 1842 3477 et
1896 3422 1933 3496 S
1992 3440 2088 3476 αα.
2154 3420 2295 3477 ltem
2360 3420 2641 3493 permulta
2702 3436 2931 3485 eorum,
3010 3438 3133 3493 quae
3195 3422 3330 3475 We-

1787 3522 2139 3565 stermannus
2171 3508 2211 3565 l.
2240 3506 2299 3561 d.
2346 3525 2378 3563 e
2409 3508 2635 3562 Maximi
2676 3508 3022 3563 Confessoris
3048 3508 3327 3581 capitibus

1790 3596 2123 3669 theologicis
2164 3594 2411 3666 collegit.
2456 3593 2625 3665 Quod
2662 3594 2935 3648 Maximus
2983 3593 3256 3649 Planudes
3296 3592 3330 3648 5

1791 3704 1848 3757 p.
1884 3682 2019 3751 254,
2052 3682 2119 3737 18
2148 3692 2207 3735 et
2231 3699 2548 3752 anonymus
2578 3699 2607 3749 7
2638 3698 2697 3751 p.
2735 3699 2838 3749 177
2858 3681 3039 3736 Walz.
3063 3678 3332 3749 afferunt,

1791 3774 1996 3846 legitur
2029 3772 2089 3823 in
2117 3786 2201 3824 or.
2238 3786 2257 3821 1
2294 3768 2460 3841 §343
2495 3768 2653 3840 quod
2693 3768 2929 3841 Sopater
2966 3775 2997 3835 4
3023 3787 3083 3843 p.
3124 3766 3260 3836 346,
3302 3790 3325 3824 1

1789 3873 1844 3915 et
1871 3858 2125 3915 Stobaeus
2154 3856 2323 3911 floril.
2354 3857 2451 3929 93,
2481 3863 2551 3921 al.
2585 3866 2642 3910 et
2678 3855 2911 3912 loannes
2944 3855 3135 3928 Lydus
3161 3876 3221 3931 p.
3257 3865 3323 3924 41

1789 3947 1987 4018 Bekk„
2018 3947 2077 4000 iu
2108 3964 2197 4002 or.
2237 3965 2259 4001 1
2300 3944 2355 4018 S.
2386 3944 2453 4012 6;
2491 3942 2649 4015 quod
2672 3944 2913 4015 Sopater
2948 3949 2979 4007 4
3016 3962 3075 4016 p.
3111 3945 3245 4017 679,
3276 3947 3335 3999 in

1789 4054 1871 4089 or.
1905 4054 1927 4089 1
1957 4034 1991 4107 S
2016 4032 2089 4088 25
2116 4053 2133 4101 ;
2165 4033 2324 4108 quod
2360 4030 2627 4105 Syrianus
2651 4032 2889 4085 Venetus
2916 4038 2945 4095 4
2972 4048 3033 4103 p.
3066 4030 3140 4086 30
3159 4072 3173 4099 ‚
3204 4030 3329 4087 Sui-

1790 4122 1888 4175 das
1913 4140 1975 4194 p.
2008 4120 2183 4177 2686.
2212 4121 2255 4176 C
2278 4118 2477 4186 Gaisf.;
2494 4118 2769 4172 Maximus
2791 4117 2831 4173 l.
2856 4116 2913 4172 d.
2936 4134 2997 4190 p.
3034 4115 3137 4181 184
3162 4118 3330 4173 Gesn.

1788 4212 1852 4264 in
1883 4227 1967 4265 or.
2012 4228 2033 4263 1
2062 4208 2095 4282 §
2121 4228 2195 4283 29
2224 4208 2381 4282 (nam
2410 4224 2533 4279 quae
2573 4204 2725 4279 apud
2755 4202 3053 4277 Syrianam
3073 4205 3337 4277 leguntur

1790 4296 2038 4370 ἀλγεινῶν
2070 4292 2279 4369 ῥακίων,
2309 4304 2497 4367 aperte
2524 4303 2785 4366 corrupta
2814 4304 2979 4359 sunt,
3004 4288 3235 4346 fortasse
3257 4292 3337 4345 ita

1790 4380 2129 4455 corrigenda
2152 4377 2277 4456 πρὸς
2301 4376 2593 4454 Δημόνικον
2622 4376 2832 4456 γράφων
2848 4376 2890 4455 );
2914 4398 3035 4453 quae
3059 4380 3336 4434 Maximus

1790 4470 1947 4524 Plan.
1979 4467 2011 4523 5
2036 4488 2093 4541 p.
2119 4469 2153 4523 6
2184 4468 2373 4533 affert,
2412 4469 2473 4521 in
2496 4486 2579 4523 or.
2610 4466 2675 4521 13
2706 4467 2761 4541 S,
2796 4486 2865 4541 19
2895 4478 3146 4537 exstant,
3174 4466 3337 4523 deni-

1791 4574 1902 4629 que
1938 4574 2061 4627 qnae
2092 4556 2151 4609 in
2176 4554 2401 4609 scholiis
2438 4554 2717 4609 homercis
2751 4552 2825 4607 ad
2871 4552 3031 4607 Iliad.
3060 4572 3121 4627 p.
3152 4552 3262 4617 324
3302 4570 3338 4608 a

1795 4642 1866 4707 46
1897 4644 1997 4700 Bk.
2050 4643 2383 4711 afferuntur,
2416 4662 2485 4699 ex
2541 4640 2631 4699 or'.
2678 4648 2711 4707 4
2745 4642 2863 4715 §.1
2910 4641 3161 4695 desumta
3188 4651 3333 4697 sunt.

1793 4731 2009 4786 Eodem
2052 4730 2225 4786 modo
2252 4772 2270 4804 ,
2318 4730 2523 4803 quibus
2566 4728 2885 4785 Aristoteles
2931 4728 2992 4780 in
3045 4726 3207 4780 libris
3265 4725 3337 4780 de

1790 4819 2071 4876 rhetorica
2120 4819 2299 4872 utitur
2324 4812 2593 4889 exemplis
2620 4815 2931 4882 isocrateis,
2986 4812 3177 4867 omnia
3203 4830 3337 4886 pos·

1855 5050 2085 5099 Atticistae
2108 5062 2137 5098 a
2169 5050 2305 5099 novis
2345 4982 2605 5128 pangenldis
2646 5046 2891 5095 vocabulis
2930 5058 3125 5107 prorsus
3162 5045 3338 5095 abhor-

159 5114 383 5176 apponit,
422 5116 471 5165 in
507 5118 667 5179 iisque
710 5118 858 5167 etiam
891 5120 1199 5178 Isocratium,
1237 5132 1381 5180 quam
1424 5125 1580 5169 tamen
1611 5134 1702 5169 non
1793 5124 1927 5179 rent,
1966 5132 2123 5181 neque
2152 5117 2366 5179 usurpari
2390 5118 2560 5177 iubent
2590 5118 2679 5166 nisi
2699 5128 2808 5179 quae
2839 5117 2929 5165 dici
2952 5117 3133 5165 soleant
3154 5118 3202 5165 et
3232 5116 3341 5165 usui

157 5180 339 5241 probat.

363 5278 616 5318 οιετοιια.

1795 5193 1984 5251 τεεοριε
2003 5190 2139 5250 sunt,
2158 5192 2210 5238 ut
2230 5191 2463 5238 Isocrates
2484 5187 2567 5236 ait

3075 5272 3123 5315 aa
