3825 5834
515 435 582 484 18
1451 418 1905 478 ΛΥΚΟΥΡΙῸΥ
1946 421 1995 476 0
2042 418 2249 476 ΚΑΤΑ
2289 417 2819 492 ΛΕΩΚΡΑΪΟΥΣ.

507 575 654 630 μενος
680 550 957 609 κάλλιστον
981 547 1043 606 ἃν
1065 549 1298 627 γενέσθαι
1322 557 1426 614 τοῖς
1453 547 1685 614 πολίταις
1713 547 2047 628 παράδειγμα
2138 568 2275 604 mum
2307 555 2491 604 civibus
2524 555 2797 616 exemplum
2830 565 2931 602 ὤεα
2964 553 3095 600 ratus
3120 551 3354 611 majorum
3393 565 3468 599 res
3501 555 3695 612 gestaS,

505 637 594 704 τὰς
634 637 838 694 ἐκείνων
866 635 1074 713 πράξεις
1091 681 1107 711 2
1138 635 1264 714 πρὸς
1289 634 1346 702 ἃς
1383 634 1771 701 ἀπθὸλέπονῗας
1802 633 1892 691 καὶ
1920 639 2047 692 θεω·
2137 671 2256 718 quas
2274 657 2575 718 respicientes
2600 660 2649 705 et
2671 658 2951 704 contuentoe
2972 653 3287 702 assuefaciant
3302 653 3487 701 animas
3502 665 3617 700 suas
3640 657 3701 700 ut

507 731 718 803 ροῧντας
738 722 1080 790 συνεθίζεσθαι
1100 729 1212 787 ταῖς
1229 725 1418 800 ψυχαῖς
1431 721 1490 779 τὸ
1506 721 1599 792 τὴν
1619 719 1843 798 πατρίδα
1864 721 2047 800 φιλεῖν.

429 831 484 868 2⁰
505 810 672 878 Ἄξιον
697 810 781 885 δέ,
800 798 844 868 ὦ
867 808 1046 887 ἄνδρες
1074 808 1342 880 δικασταί,
1371 809 1460 866 καὶ
1477 813 1579 866 τῶν
1607 806 1858 883 ἶαμὸείων
1887 809 2043 864 ἀκοῦ-

505 919 595 954 σαι
623 897 656 953 ἃ
680 895 934 966 πεποίηκε
963 897 1216 971 λέγουσαν
1243 893 1339 963 τὴν
1369 893 1568 971 μητέρα
1591 897 1681 963 τῆς
1707 891 1904 958 παιδόςὸ
1929 891 2051 970 ὄψε-

505 988 594 1040 σθε
617 982 717 1062 γὰρ
741 986 792 1041 ἐν
818 984 990 1047 αὗτοῖς
1013 981 1408 1060 μεγαλοψυχίαν
1432 981 1522 1039 καὶ
1545 979 1878 1056 γενναιότητα
1901 977 2049 1046 ἀξίαν
2138 974 2266 1022 enlm
2290 974 2338 1022 ¹1¹
2364 973 2477 1034 ipsis
2506 971 2949 1034 magnanimimem
2971 972 3021 1020 et
3042 969 3385 1043 inssequmwm
3420 969 3615 1031 dignm
3650 972 3702 1019 et

503 1069 592 1126 καὶ
613 1074 705 1139 τῆς
727 1069 926 1134 πόλεως
953 1067 1148 1126 καὶτοῦ
1179 1067 1415 1145 γενέσθαι
1443 1071 1680 1148 Κηφισοῦ
1711 1065 1985 1146 θυγατέρα.
2138 1081 2259 1130 urbe
2282 1083 2330 1129 et
2352 1081 2449 1130 mia
2468 1080 2674 1142 Cephisi,

3404 413 3689 490 ‹wa-20⁸)

2138 759 2339 822 patriam
2358 772 2521 808 amore
2534 759 2927 820 complectantur.
2952 759 3041 804 Par
3060 759 3131 803 eat
3144 757 3326 813 autem,
3344 753 3530 814 judices
3540 790 3556 813 ‚
3572 754 3699 802 iam·

2138 864 2225 914 bos
2255 863 2446 924 audire,
2469 875 2592 924 quos
2614 863 2748 924 fingit
2782 865 2986 910 matrem
3024 859 3182 910 dicere
3203 860 3264 910 de
3288 861 3385 908 lilia
3420 880 3432 910 ε
3469 860 3701 909 videbitis

426 1438 478 1474 2³»

409 3159 500 3210 161
629 3146 813 3223 ἄρσην,
841 3143 992 3202 πόλιν
1023 3141 1075 3200 δὲ
1106 3142 1332 3218 πολεμία
1363 3149 1572 3219 κατεῖχε
1605 3139 1765 3217 φλόξ,
2236 3151 2475 3213 mascula,
2500 3155 2547 3200 et
2566 3153 2809 3204 civitatem
2832 3155 3015 3206 hostilis
3032 3160 3289 3219 occuparet
3306 3158 3530 3223 namma,

627 3235 718 3290 οὐκ
746 3231 808 3290 ἄν
832 3255 908 3288 νιν
934 3229 1220 3304 ἐξέπεμπον
1259 3233 1330 3296 εἰς
1359 3229 1534 3307 μάχην
1565 3229 1707 3307 δορός
1721 3273 1737 3300 ,
2235 3253 2295 3288 an
2312 3253 2408 3288 non
2422 3253 2507 3302 ego
2526 3254 2630 3290 eam
2651 3242 2919 3292 emitterem
2936 3242 2997 3291 ad
3018 3243 3133 3292 belli
3150 3245 3402 3294 discrimen
3418 3282 3434 3307 ,

627 3319 846 3376 θάνατον
871 3316 1247 3397 προταρὸοῦσ’;
1278 3317 1394 3374 ἀλλ’
1422 3316 1590 3394 ἔμοιγ’
1617 3315 1750 3373 ἔστω
1772 3314 1958 3386 τέκνα,
2236 3339 2333 3388 prae
2354 3329 2483 3376 metu
2498 3328 2695 3376 mortis?
2712 3331 2881 3378 immo.
2899 3329 3015 3379 Mihi
3026 3330 3154 3378 enim
3164 3331 3271 3380 talis
3283 3333 3515 3396 contingit
3524 3335 3709 3399 proloe,

631 3405 667 3462 ἃ
693 3404 784 3464 καὶ
814 3404 1038 3482 μάχοιτο
1061 3403 1150 3462 καὶ
1176 3403 1288 3479 μετ’
1319 3401 1533 3483 ἀνδράσι
1560 3403 1778 3482 πρέποι,
2236 3425 2346 3474 quoe
2366 3414 2415 3462 et
2438 3413 2561 3462 bella
2574 3415 2710 3475 gerat
2731 3416 2779 3464 et
2798 3415 2920 3464 inter
2936 3416 3173 3466 masculos
3190 3418 3417 3479 excellat,

447 3517 473 3555 ιι
629 3491 704 3569 μὴ
729 3491 962 3572 σχήματ’
989 3491 1160 3557 ἄλλως
1187 3493 1238 3548 ἐν
1267 3489 1418 3549 πόλει
1447 3489 1729 3569 πεφυκότα.
2237 3513 2334 3548 uon
2352 3511 2488 3548 vanoe
2506 3503 2553 3548 in
2574 3500 2691 3550 urbe
2714 3501 2895 3562 tigurae.

631 3578 717 3641 Τὰ
745 3576 982 3658 μητέρων
1008 3577 1062 3635 δὲ
1087 3575 1286 3656 δάκρυ’,
1310 3575 1433 3634 ὅταν
1461 3575 1649 3654 πέμπῃ
1677 3575 1856 3648 τέκνα,
2236 3589 2443 3635 Matrum
2466 3589 2629 3636 autem
2656 3586 2864 3636 lacrimae
2881 3624 2897 3648 ,
2922 3601 3073 3650 quum
3090 3589 3339 3640 dimittunt
3358 3591 3565 3657 liberos,

627 3665 848 3732 πολλοὺς
867 3663 1070 3736 ἐθήλυν’
1093 3667 1163 3730 εἷς
1192 3662 1368 3743 μάχην
1398 3662 1750 3743 ὁρμωμένους.
2238 3673 2417 3720 multos
2438 3673 2777 3722 effeminarunt
2793 3674 2854 3722 ad
2882 3673 3060 3724 bellum
3080 3675 3449 3738 proficiscentes.

633 3755 790 3812 Μισῶ
816 3760 1061 3829 γυναῖκας
1088 3749 1275 3818 αἵτινες
1297 3749 1398 3830 πρὸ
1423 3755 1513 3808 τοῦ
1541 3753 1703 3808 καλοῦ
2237 3759 2331 3809 Odi
2351 3759 2601 3820 mulieres,
2622 3773 2733 3821 quae
2762 3760 2960 3810 honesto
2982 3762 3253 3824 posthabito

633 3843 725 3910 ζῆν
751 3841 940 3904 παῖδας
969 3835 1166 3896 εἵλοντο
1192 3838 1282 3897 καὶ
1309 3837 1608 3917 παρῄνεσαν
1639 3836 1799 3896 κακά.
2240 3846 2414 3895 liberos
2430 3847 2628 3908 cupiunt
2646 3853 2694 3895 et
2719 3847 2877 3909 turpia
2899 3849 3119 3910 probant.

433 3953 491 3992 ιο
625 3925 740 3987 ’Καὶ
769 3925 872 4002 μὴν
903 3923 1137 3989 θανόντες
1159 3927 1208 3998 γ’
1238 3925 1290 3981 ἐν
1314 3923 1464 4001 μάχῃ
1493 3925 1698 3981 πολλῶν
1727 3921 1863 4000 μέτα
2238 3932 2368 3990 Quin
2395 3934 2443 3982 et
2469 3933 2519 3982 in
2546 3933 2671 3982 bello
2689 3935 2913 3984 cadentes
2930 3949 3025 3984 una
3040 3950 3156 3986 cum
3182 3939 3345 3988 multis

631 4011 830 4087 τύμὸον
859 4033 914 4069 τε
943 4009 1109 4068 κοινὸν
1133 4009 1321 4086 ἔλαχον
1349 4008 1585 4068 εὔκλειάν
1612 4012 1660 4067 τ’
1691 4007 1833 4082 ἴσην·
2241 4033 2497 4069 commune
2518 4021 2791 4082 sepulcrum
2812 4022 3031 4071 obtinent
3044 4023 3332 4088 laudemque
3350 4039 3517 4088 parem
3546 4048 3559 4080 ι

630 4103 694 4178 τῇ
739 4099 834 4176 ’μῇ
865 4097 918 4155 δὲ
947 4097 1095 4154 παιδὶ
1121 4097 1369 4176 στέφανος
1395 4087 1462 4162 εἷς
1492 4105 1587 4176 μιᾷ
1616 4095 1747 4174 μόνῃ
2240 4105 2322 4154 sed
2340 4119 2461 4155 meoe
2478 4106 2590 4156 filiae
2616 4120 2792 4158 corona
2809 4121 2903 4156 una
2926 4109 3010 4157 nni
3034 4111 3123 4158 soli
3233 4104 3275 4137 θ

631 4185 827 4251 πόλεως
847 4183 1070 4262 θανούσῃ
1091 4183 1241 4254 τῆσδ’
1267 4181 1397 4261 ὕπερ
1417 4181 1706 4252 δοθήσεται.
2242 4192 2436 4255 probae
2458 4193 2575 4242 urbe
2600 4197 2803 4244 mortuae
2824 4194 3034 4257 dabitur,

627 4271 744 4333 Καὶ
768 4271 864 4342 τὴν
891 4275 1137 4328 τεκοῦσαν
1163 4269 1254 4326 καὶ
1281 4267 1341 4327 σὲ
1367 4267 1457 4326 δύο
1479 4273 1524 4328 θ’
1548 4270 1826 4350 ὁμοσπόρω
2241 4291 2393 4340 eaque
2414 4281 2463 4327 et
2482 4281 2685 4329 matrem
2706 4282 2756 4330 et
2776 4283 2825 4331 te
2850 4283 3163 4344 (Erechthea)
3181 4283 3395 4346 duaeque
3418 4299 3613 4340 aomres

435 4383 488 4424 ιι
635 4356 815 4417 σώσει·
844 4357 897 4414 τί
923 4356 1118 4414 τούτων
1145 4355 1264 4435 οὐχὶ
1294 4353 1536 4424 δέξασθαι
1563 4355 1764 4434 καλόν;
2241 4366 2449 4415 servabit
2490 4369 2673 4427 Ecquid
2692 4367 2866 4417 horum
2888 4369 3113 4430 amplecti
3130 4383 3226 4420 non
3250 4373 3508 4434 pulchrum
3526 4378 3589 4426 sit
3606 4381 3631 4426 ?

633 4443 746 4516 Τὴν
769 4446 861 4503 οὐκ
889 4443 1018 4520 ἐμὴν
1042 4443 1177 4511 πλὴν
1192 4445 1221 4473 ⁴⁸
1249 4443 1398 4525 φύσει
1427 4442 1576 4502 δώσω
1604 4443 1762 4521 κόρην
2244 4453 2412 4502 Filiam
2430 4467 2527 4502 non
2549 4454 2637 4504 nisi
2662 4455 2899 4504 natalibus
2916 4468 3073 4506 meam
3100 4451 3225 4506 dabo

633 4539 783 4591 θῦσαι
803 4530 904 4609 πρὸ
926 4530 1094 4607 γαίας.
1125 4534 1171 4589 εἰ
1196 4536 1294 4611 γὰρ
1324 4531 1650 4610 αἱρεθήσεται
2242 4539 2583 4588 immolandam
2602 4553 2689 4601 pro
2715 4540 2883 4602 patria.
2904 4544 3023 4592 Nam
3044 4543 3081 4592 si
3100 4547 3237 4606 capta
3252 4546 3395 4596 fuerit

635 4619 812 4692 πόλις,
840 4617 892 4677 τί
913 4617 1114 4676 παίδων
1141 4621 1244 4676 τῶν
1273 4619 1412 4693 ἐμῶν
1439 4616 1650 4694 μέτεστί
1674 4641 1787 4695 μοις
2244 4627 2358 4676 urbs
2374 4641 2661 4689 ‚quemnam
2676 4628 2935 4678 liberorum
2950 4643 3167 4680 meorum
3187 4633 3395 4683 fructum
3412 4639 3719 4702 percipiam?

637 4709 842 4768 Οὐκοῦν
872 4703 1078 4762 ἅπαντα
1101 4703 1221 4762 τοῦν
1248 4708 1297 4781 γ’
1329 4705 1442 4780 ἐμοὶ
1471 4704 1761 4774 σωθήσεται
1775 4728 1787 4739 ·
2244 4715 2415 4764 Omnia
2428 4714 2588 4776 igitur,
2602 4718 2836 4778 quantum
2856 4717 3050 4779 quidem
3071 4718 3117 4766 in
3138 4733 3215 4768 me
3233 4724 3330 4783 oet,
3354 4724 3715 4781 servabuntur:

441 4817 493 4856 ου
637 4790 874 4870 ἄρξουσιν
905 4791 1051 4850 ἄλλοι
1067 4835 1083 4863 ,
1113 4790 1257 4862 τήνδ’
1293 4789 1395 4866 ἐγὼ
1421 4791 1574 4849 σώσω
1599 4791 1772 4852 πόλιν.
2243 4803 2405 4862 regent
2420 4801 2498 4849 alii
2517 4837 2531 4862 ,
2553 4801 2733 4850 hancce
2749 4815 2835 4864 ego
2853 4804 3054 4853 servabo
3078 4805 3337 4856 civitatem.

619 1243 670 1301 T
673 1243 733 1310 ὰς
759 1243 975 1322 χάριτας
1001 1241 1137 1308 ὅστις
1160 1243 1372 1318 εὐγενῶς
1398 1241 1692 1319 χαρίζεται,

619 1331 763 1402 ἥδιον
796 1333 848 1388 ἐν
881 1334 1166 1408 βροτοῖσιν·
1193 1327 1242 1386 οἳ
1269 1327 1322 1386 δὲ
1357 1331 1514 1406 δρῶσι
1538 1327 1654 1405 μέν,

618 1417 790 1497 χρόνῳ
815 1413 867 1474 δὲ
895 1417 1086 1494 δρῶσι,
1121 1416 1325 1495 [δρῶσι]
1353 1413 1766 1494 δυσγενέστερον.

621 1501 768 1581 Ἐγὼ
797 1503 850 1560 δὲ
879 1501 1030 1561 δώσω
1053 1501 1147 1573 τὴν
1173 1501 1301 1579 ἐμὴν
1332 1504 1495 1558 παῖδα
1523 1502 1726 1559 κτανεῖν
1747 1525 1758 1536 ·

621 1588 889 1664 λογίζομαι
910 1587 963 1644 δὲ
985 1587 1154 1644 πολλά
1170 1632 1188 1663 ‚
1217 1590 1398 1665 πρῶτα
1426 1584 1518 1662 μὲν
1543 1587 1691 1644 πόλιν

621 1677 716 1732 οὐκ
743 1673 806 1731 ἄν
832 1674 928 1731 τιν’
951 1673 1114 1746 ἄλλην
1143 1676 1300 1745 τῆσδε
1328 1672 1514 1752 βελτίω
1541 1673 1749 1730 λαὸεῖν·

621 1753 658 1837 ᾗ
685 1763 868 1840 πρῶτα
895 1759 989 1834 μὲν
1015 1757 1144 1827 λεὼς
1171 1763 1263 1819 οὐκ
1293 1758 1514 1826 ἐπακτὸς
1541 1757 1773 1832 ἄλλοθεν,

621 1848 926 1926 αὐτόχθονες
947 1847 994 1904 δ’
1018 1845 1208 1927 ἔφυμεν
1225 1870 1238 1884 ·
1263 1849 1317 1904 αἱ
1346 1847 1394 1904 δ’
1419 1844 1574 1904 ἄλλαι
1604 1845 1776 1912 πόλεις
1794 1890 1810 1920 ,

619 1937 828 1992 πεσσῶν
852 1931 1050 2009 ὁμοίαις
1079 1933 1343 2011 διαφοραῖς
1371 1931 1695 2008 ἐκτισμέναι,

623 2021 781 2078 ἄλλαι
800 2023 926 2098 παρ’
951 2020 1122 2077 ἄλλων
1147 2019 1272 2077 εἰσὶν
1297 2018 1654 2096 εἰσαγώγιμοι·

621 2107 758 2173 ὅστις
786 2109 831 2165 δ’
861 2107 950 2164 ἀπ’
981 2107 1142 2176 ἄλλης
1167 2101 1349 2172 πόλεος
1377 2104 1554 2174 οἰκίζει
1581 2105 1751 2177 πόλιν,

621 2193 786 2273 ἁρμὸς
812 2192 1030 2271 πονηρὸς
1055 2191 1234 2271 ὥσπερ
1263 2195 1314 2250 ἐν
1348 2190 1482 2271 ξύλῳ
1510 2191 1726 2268 παγείς,

620 2281 759 2360 λόγῳ
784 2279 996 2349 πολίτης
1026 2278 1168 2354 ἐστί,
1201 2287 1306 2346 τοῖς
1333 2280 1379 2336 δ’
1409 2279 1632 2358 ἔργοισιν
1661 2277 1736 2336 οὔ.

622 2365 848 2426 Ἔπειτα
871 2368 1026 2424 τέκνα
1055 2367 1192 2424 τοῦδ’
1223 2365 1368 2424 ἕκατι
1395 2366 1656 2441 τίκτομεν,

624 2456 694 2519 ὥς
724 2456 851 2512 θεῶν
879 2476 936 2511 τε
963 2451 1168 2530 βωμοὺς
1193 2451 1420 2531 πατρίδα
1449 2474 1506 2510 τε
1529 2451 1794 2530 ῥυώμεθα.

629 2539 839 2605 Πόλεως
862 2539 906 2596 δ’
935 2538 1141 2609 ἁπάσης
1175 2537 1375 2614 τοῦνομ’
1404 2537 1475 2610 ἕν,
1503 2537 1684 2598 πολλοὶ
1701 2537 1757 2596 δέ
1780 2561 1853 2594 νιν

624 2625 823 2683 ναίουσι
839 2646 852 2661 ·
881 2623 1089 2690 τούτους
1114 2627 1224 2690 πῶς
1251 2623 1543 2704 διαφθεῖραί
1571 2646 1638 2700 με
1659 2621 1797 2702 χρή,

626 2711 735 2778 ἐξὸν
763 2709 864 2792 πρὸ
890 2710 1096 2768 πάντων
1129 2709 1252 2786 μίαν
1281 2709 1411 2788 ὑπὲρ
1437 2711 1610 2769 δοῦναι
1633 2713 1833 2780 θανεῑν;

630 2797 704 2857 Εἴ
728 2820 827 2876 περ
854 2797 954 2875 γὰρ
977 2795 1192 2876 ἀριθμὸν
1207 2787 1320 2854 οἶδα
1349 2795 1440 2853 καὶ
1469 2795 1806 2861 τούλάσσονος

624 2885 684 2944 τὸ
710 2891 898 2962 μεῖζον,
931 2883 1086 2960 οὑμὸς
1117 2873 1252 2949 οἶκος
1280 2886 1336 2942 οὗ
1370 2885 1547 2941 πλεῖον
1575 2881 1739 2941 σθένει

625 2972 848 3038 πταίσας
877 2972 1084 3042 ἁπάσης
1111 2970 1292 3036 πόλεος
1319 2971 1426 3028 οὐδ’
1449 2971 1558 3029 ἴσον
1589 2969 1749 3050 φέρει.

629 3059 696 3118 Εἰ
727 3059 772 3116 δ’
798 3049 860 3128 ἦν
883 3059 934 3115 έν
962 3055 1119 3124 οἴκοις
1149 3057 1262 3114 ἀντὶ
1281 3055 1480 3128 θηλέων
1509 3055 1703 3132 στάχυς

637 4878 842 4938 Ἐκεῖνο
870 4878 914 4936 δ’
937 4870 994 4936 οὗ
1016 4877 1075 4936 τὸ
1097 4879 1337 4936 πλεῖστον
1365 4879 1416 4935 ἐν
1443 4881 1597 4957 κοινῷ
1625 4876 1802 4957 μέρος,

640 4965 733 5022 οὐκ
757 4963 864 5024 ἔσθ’
893 4962 1109 5034 ἑκούσης
1130 4967 1222 5036 τῆς
1249 4965 1378 5038 ἐμῆς
1401 4966 1602 5040 ψυχῆς,
1626 4963 1748 5041 ἄνερ
1767 5008 1784 5039 ,

643 5050 904 5130 προγόνων
929 5047 1130 5108 παλαιὰ
1159 5048 1326 5125 θέσμι’
1349 5048 1486 5115 ὅστις
1509 5047 1745 5108 ἐκὸαλεῖ·

641 5138 746 5196 οὐδ’
783 5139 890 5196 ἀντ’
921 5138 1076 5203 ἐλάας
1102 5135 1325 5216 χρυσέας
1346 5157 1401 5194 τε
1431 5134 1676 5215 Γοργόνος

2232 1244 2522 1294 Beneficium
2540 1244 2706 1307 siquis
2731 1256 2957 1305 generose
2978 1247 3195 1305 praestat,

2230 1332 2280 1380 id
2306 1332 2626 1393 gratissimum
2650 1334 2723 1380 est
2744 1330 3024 1379 mortalibus
3046 1349 3059 1378 :
3080 1330 3162 1394 qui
3185 1343 3297 1378 vero
3316 1334 3569 1393 praestant,

2230 1418 2315 1468 sed
2339 1417 2476 1467 tarde
2495 1419 2750 1480 praestant,
2772 1416 3036 1480 [praestant]
3062 1417 3222 1466 minus
3242 1431 3488 1479 generose.

2232 1508 2333 1566 Ego
2350 1507 2511 1554 autem
2530 1503 2655 1552 dabo
2672 1517 2827 1552 meam
2851 1503 2994 1553 tiliam
3022 1503 3359 1554 immolandam
3376 1519 3391 1563 ς

2230 1591 2383 1640 multa
2404 1594 2567 1640 autem
2586 1593 2635 1640 in
2658 1591 2821 1640 animo
2845 1591 3015 1651 reputo
3043 1608 3055 1639 ι
3084 1590 3293 1651 primum
3341 1590 3587 1641 civitatem

2230 1691 2317 1728 nos
2333 1691 2431 1727 non
2452 1691 2589 1740 posse
2605 1677 2747 1726 aliam
2768 1678 2859 1726 hac
2882 1676 3262 1740 praestantiorem
3285 1677 3479 1738 habere,

2230 1765 2309 1814 cui
2328 1767 2535 1827 primum
2553 1765 2755 1828 populus
2776 1777 2873 1814 non
2894 1764 3085 1814 aliunde
3102 1764 3326 1814 inductus
3342 1767 3415 1814 est
3432 1801 3449 1826 ,

2229 1852 2313 1902 sed
2332 1851 2561 1914 indigenae
2576 1864 2741 1900 sumus
2763 1870 2775 1900 ε
2802 1853 2973 1900 ceteroe
2992 1853 3151 1900 autem
3170 1851 3415 1912 civitates,

2228 1939 2364 1989 velut
2381 1938 2673 1988 calculorum
2702 1938 2847 1987 variis
2865 1937 3315 1998 transpositionibus
3336 1939 3573 1998 conditae,

2232 2027 2339 2076 alite
2354 2025 2415 2075 ab
2432 2025 2537 2074 aliis
2552 2027 2666 2074 sunt
2690 2023 2997 2074 introductae.

2233 2113 2535 2175 Quicumque
2548 2114 2709 2162 autem
2727 2111 2787 2161 ab
2804 2111 2898 2160 alia
2915 2111 3109 2161 civitate
3123 2113 3330 2174 migrans
3343 2112 3491 2162 aliam
3508 2113 3703 2177 incolit,

2232 2200 2311 2250 ille
2326 2235 2341 2260 ‚
2364 2202 2593 2261 tanquam
2606 2198 2833 2260 iunctura
2854 2198 2903 2247 in
2924 2198 3049 2260 ligno
3068 2199 3193 2248 mala
3208 2233 3223 2259 ,

2230 2285 2389 2336 verbis
2410 2285 2605 2348 quidem
2626 2287 2698 2334 est
2715 2286 2858 2345 civia,
2880 2299 2933 2335 re
2950 2297 3047 2334 non
3066 2285 3199 2334 item.

2232 2371 2411 2423 Deinde
2435 2371 2607 2420 liberos
2622 2369 2797 2419 idcirco
2816 2371 3049 2432 parimus,

2232 2463 2289 2508 nt
2309 2458 2511 2507 deorum
2533 2469 2639 2506 aras
2656 2461 2707 2506 et
2724 2458 2929 2518 patriam
2946 2459 3179 2508 tutemur.
3412 2458 3569 2522 [multi
3590 2475 3705 2512 eam

2234 2545 2455 2595 Civitatis
2478 2547 2639 2593 autem
2677 2545 2827 2594 totius
2858 2557 3031 2594 nomen
3064 2544 3261 2607 quidem
3286 2557 3441 2596 unum
3472 2551 3576 2608 eat,
3619 2549 3709 2600 aed

2232 2631 2450 2681 habitant
2482 2649 2493 2680 ε
2521 2631 2607 2680 lios
2627 2629 2823 2691 perdere
2842 2630 3086 2692 quomodo
3109 2632 3181 2680 faa
3196 2632 3285 2694 sit,

2234 2731 2383 2781 quum
2403 2717 2580 2779 possim
2596 2729 2743 2766 unam
2761 2717 3054 2766 moriendam
3081 2731 3169 2780 pro
3186 2719 3409 2770 omnibus
3424 2720 3573 2771 dare?

2232 2805 2419 2856 sienim
2438 2817 2692 2853 numerum
2704 2803 2817 2852 novi
2828 2805 2878 2853 et
2892 2816 2921 2852 a
2932 2805 3115 2855 minore
3128 2807 3466 2866 (internoscere
3484 2811 3707 2873 possum)

2232 2891 2385 2952 majus
2399 2927 2414 2951 ,
2435 2890 2577 2940 unius
2590 2903 2711 2940 mem
2726 2890 2918 2940 familiae
2938 2891 3183 2942 calamitas
3205 2905 3301 2942 non
3316 2895 3466 2956 magis
3476 2897 3613 2946 valet

2235 2991 2380 3041 quam
2399 2976 2645 3026 calauutas
2664 2976 2813 3026 totius
2828 2975 3036 3025 civitatis
3050 3013 3065 3038 ‚
3080 2978 3179 3027 imo
3202 2992 3291 3028 nee
3308 2983 3487 3042 aequat.

2234 3063 2416 3123 Quodsi
2441 3063 2607 3113 fuisset
2627 3064 2677 3114 in
2698 3063 2883 3113 aedibua
2897 3063 3005 3112 loco
3022 3065 3270 3115 muliebris
3290 3067 3435 3129 stirps

2245 4886 2365 4936 lllud
2391 4887 2518 4948 quod
2538 4887 2600 4936 ad
2626 4901 2930 4939 communem
2948 4890 3152 4940 salutem
3176 4895 3383 4945 maxime
3409 4901 3651 4966 pertinet,

2244 4986 2341 5022 non
2369 4975 2453 5023 suet
2476 4987 2553 5024 me
2578 4977 2931 5038 consentiente,
2951 4979 3147 5040 marite,
3176 4983 3232 5029 ut

2242 5061 2476 5122 maiorum
2492 5063 2688 5124 antiqua
2705 5064 2920 5116 instituta
2938 5068 3109 5130 aliquis
3122 5074 3329 5132 evertat3

2246 5161 2399 5212 neque
2420 5149 2717 5200 committam
2736 5155 2793 5201 ut
2814 5166 2901 5214 pro
2916 5155 3021 5206 olea
3038 5169 3277 5220 aureoque
3300 5162 3537 5222 Gorgonis
3554 5168 3717 5229 capite
