3825 5834
1436 501 1946 563 FRAGMENTA.

91 638 175 694 τὸν
201 636 299 713 γὰρ
328 633 588 695 Διόνυσον
612 630 833 695 Θίοινον
866 630 1045 709 ἔλεγον
1062 677 1079 706 ,
1106 635 1178 699 ὡς
1208 634 1363 702 δηλοῖ
1398 634 1663 712 Αἰσχύλος

98 725 183 781 καὶ
210 722 415 802 Ἴστρος
436 726 491 783 ἐν
513 723 569 780 α’
598 725 955 799 Συναγωγῶν.
980 723 1064 780 Cf.
1100 722 1352 781 photius.

173 934 329 988 ldem
358 950 375 991 :
414 928 755 1006 Κοιρωνίδ
772 952 805 987 α
826 954 867 988 ι.
892 926 1051 987 Ἔστι
1079 927 1363 1007 Λυκούργῳ
1388 927 1537 1005 λόγος
1565 926 1652 984 οὔ·

96 1042 189 1083 τως
216 1016 655 1098 ἐπιγραφόμενος·
678 1017 1023 1095 Κροκωνιδῶν
1046 1014 1345 1077 διαδικασία
1370 1016 1497 1094 πρὸς
1522 1016 1655 1075 Κοι-

100 1106 327 1184 ρωνίδας,
345 1105 403 1163 ὃν
430 1105 556 1165 ἔνιοι
584 1104 806 1163 Φιλίνου
827 1104 1143 1181 νομίζουσιν.
1174 1100 1335 1165 Ἐστι
1357 1104 1411 1162 δὲ
1437 1102 1581 1180 γένος
1608 1106 1657 1161 οἱ

106 1194 447 1273 Κοιρωνίδαι,
508 1192 634 1271 περὶ
680 1183 755 1251 ὧν
794 1190 1001 1271 Ἴστρος
1034 1196 1089 1251 ἐν
1142 1196 1211 1270 τῇ
1242 1196 1521 1269 συναγωγῇ
1562 1194 1658 1261 τῆς

98 1282 313 1347 Ἀτθίδος
340 1278 520 1362 φησίν.
545 1279 949 1356 Ὦνομασμὲνον
976 1280 1023 1338 δ’
1046 1278 1109 1337 ἂν
1137 1276 1219 1351 εἴη
1238 1278 1343 1338 ἀπὸ
1368 1280 1656 1358 Κοίρωνος,

100 1369 151 1427 ὃν
174 1368 321 1428 νόθον
338 1367 565 1447 ἀδελφὸν
592 1356 727 1427 εἶναί
750 1390 879 1447 φασι
904 1372 995 1427 τοῦ
1025 1366 1301 1446 Κρόκωνος
1316 1410 1333 1439 ,
1362 1366 1488 1443 παρ’
1512 1364 1541 1424 ὃ
1568 1364 1658 1423 καὶ

99 1457 447 1535 ἐντιμοτέρους
490 1446 625 1513 εἶναι
658 1455 779 1521 τοὺς
804 1455 1161 1535 Κροκωνίδας.
1187 1453 1259 1515 ‘O
1284 1453 1339 1513 δὲ
1384 1452 1472 1512 τὸν
1500 1454 1651 1532 λόγον

96 1543 393 1625 γεγραφώς,
425 1542 565 1609 ὅστις
594 1542 711 1601 ποτ’
739 1544 907 1615 ἐστίν,
936 1543 1104 1624 τρισὶν
1134 1542 1354 1617 ὀνόμασί
1378 1566 1533 1623 φησιν
1563 1544 1658 1600 αὐ-

98 1634 205 1700 τοὺς
232 1636 707 1711 προσηγορεῦσθαι·
740 1632 831 1689 καὶ
859 1630 961 1711 γὰρ
994 1628 1321 1713 Κοιρωνίδας
1358 1629 1451 1689 καὶ
1497 1633 1657 1693 Φιλι-

104 1728 169 1785 ιῑς
194 1720 283 1778 καὶ
330 1718 658 1799 Περιθοίδας.
687 1720 771 1778 Cf.
812 1720 1043 1777 Photius
1068 1731 1128 1777 et
1160 1720 1359 1777 Suidas
1386 1731 1447 1777 et
1474 1721 1651 1779 Bekk.

103 1816 203 1865 An.
242 1830 303 1885 p.
336 1808 478 1879 ²73·

840 1910 937 1969 58.

176 2019 335 2073 Idem
374 2014 776 2076 ιΚυννίδαι·
815 2018 1117 2091 Λυκοῦργος
1154 2016 1208 2072 ἒν
1236 2018 1303 2092 τῇ
1356 2014 1659 2093 διαδικασία

104 2105 439 2183 Κροκωνιδῶν
466 2102 595 2181 πρὸς
628 2102 965 2181 Κοιρωνίδας·
990 2101 1135 2180 γένος
1174 2101 1287 2161 ἐστὶ
1320 2102 1449 2182 παρ’
1497 2104 1661 2173 Ἀθη-

98 2193 247 2257 ναίοις
264 2196 317 2251 οἱ
354 2190 625 2253 Κυννίδαι.

792 2278 868 2337 58
890 2281 949 2339 b.

111 2390 124 2403 ⁸
174 2385 480 2443 Athenaeus
508 2382 579 2455 X,
608 2404 671 2459 p.
715 2384 851 2455 425,
893 2387 937 2440 B
970 2402 985 2441 t
1040 2384 1111 2442 Oi
1160 2380 1217 2440 δὲ
1246 2381 1487 2441 οἰνόπται
1518 2372 1659 2441 οὗτοι

102 2472 329 2551 ἐφεώρων
358 2471 429 2529 τὰ
458 2473 513 2529 ἐν
541 2479 648 2537 τοῖς
671 2471 925 2541 δείπνοις,
954 2472 999 2529 εἰ
1038 2472 1157 2527 κατ’
1186 2469 1301 2529 ἴσον
1344 2469 1584 2527 πίνουσιν
1614 2471 1659 2525 οἱ

100 2562 345 2626 συνόντες.
392 2558 497 2619 Καὶ
526 2550 589 2631 ἦν
632 2562 667 2630 ἡ
698 2557 841 2637 ἀρχὴ
886 2558 1128 2633 εὐτελής,
1155 2560 1226 2623 ὥς
1272 2560 1301 2617 δ
1332 2556 1507 2637 ῥήτωρ
1532 2556 1661 2634 φησὶ

101 2650 301 2715 Φιλῖνος
326 2652 387 2707 ὲν
428 2651 497 2727 τῇ
526 2647 871 2726 Κροκωνιδῶν
921 2645 1247 2723 διαδικασία·
1280 2647 1369 2703 καὶ
1410 2643 1493 2702 δτι
1522 2649 1661 2723 τρεῖς

102 2728 223 2805 ἦσαν
252 2740 301 2797 ot
328 2734 573 2795 οἰνόπται
586 2780 603 2807 ,
632 2732 816 2801 οἵτινες
840 2737 929 2794 καὶ
956 2742 1213 2813 παρεῖχον
1252 2736 1366 2801 τοῖς
1391 2735 1657 2793 δειπνοῦσι

106 2824 309 2903 λύχνους
328 2824 427 2883 καὶ
454 2824 784 2903 θρυαλλίδας.

828 2928 861 2983 5
910 2970 924 2985 .

174 3034 325 3088 Idem
365 3053 379 3087 :
419 3032 606 3107 Σκαμ
628 2946 943 3087 emitta-
983 3030 1283 3109 Λυκοῦργος
1310 3030 1363 3087 ἓν
1393 3032 1456 3107 τῇ
1487 3028 1661 3087 διαδι-

108 3120 253 3197 καοῖα
277 3118 648 3198 Κροκω·.ιδῶν.
676 3114 840 3176 Ἔστι
864 3114 919 3173 δὲ
944 3116 1108 3195 δῆμος
1137 3118 1229 3187 τῆς
1258 3116 1546 3183 Λεοντίδος.

814 3222 915 3282 60.

174 3328 329 3385 Idem
364 3347 383 3383 z
438 3323 1100 3405 Προσχαιρητήρια·
1144 3328 1444 3405 Λυκοῦργος
1484 3329 1537 3384 ἐν
1586 3328 1653 3405 τῇ

106 3413 437 3489 Κροκωνιδῶν
481 3409 803 3491 διαδικασία·
844 3410 997 3489 ἑορτὴ
1026 3410 1154 3490 παρ’
1194 3410 1481 3483 Ἀθηναίοις
1530 3415 1658 3493 ἀγο-

105 3500 245 3571 μένη,
268 3500 357 3557 ὅτε
386 3500 531 3557 δοκεῖ
554 3497 764 3557 ἀπιέναι
782 3502 817 3569 ἡ
856 3498 1022 3579 Κόρη.

106 3646 189 3704 xi.
212 3648 333 3706 xu.
362 3644 574 3705 RATA
618 3644 1143 3703 ΛΥΚΟΦΡΟΝΟΣ
1186 3644 1653 3707 ΕῙΣΑΓΓΕΛΙΑ.

706 3768 905 3839 Λόγοι
951 3762 1033 3841 β’.

174 3872 521 3947 Lycophron
565 3888 599 3926 a
641 3874 905 3945 Lycurgo
961 3880 1255 3925 accusatus
1303 3868 1559 3926 defendit
1600 3888 1660 3925 se

108 3960 347 4015 oratione
376 3958 453 4014 ab
474 3958 768 4033 Hyperide
785 3958 993 4031 scripta
1011 4000 1027 4025 ,
1048 3960 1206 4029 cujus
1226 3976 1357 4030 pars
1378 3960 1661 4030 posterior

110 4044 171 4097 ab
196 4048 389 4121 Anglis
408 4062 593 4119 nuper
620 4048 679 4101 in
708 4046 891 4101 lucem
912 4055 1203 4119 protracta
1226 4057 1327 4101 est.
1354 4047 1423 4099 ln
1450 4064 1515 4102 ea
1546 4050 1663 4120 Ly-

111 4135 349 4205 cophron
368 4133 515 4189 dicit
536 4134 697 4207 equis
722 4133 932 4188 alendis
950 4150 1007 4187 se
1034 4150 1141 4206 per
1164 4152 1331 4188 omne
1352 4134 1479 4188 vitae
1510 4145 1656 4191 tem-

112 4238 199 4289 pus
224 4221 391 4277 fuisse
430 4239 789 4295 summopere
836 4220 1114 4278 deditum.
1149 4217 1557 4298 Ἐστεφάνωμαι
1578 4220 1652 4298 δ’,

112 4383 401 4447 τήῆοοὴαιιις
427 4386 667 4436 Bacchum
688 4386 864 4449 quippe
885 4386 1077 4435 Θεοίνιον
1096 4385 1351 4445 vocabant,
1368 4388 1423 4437 ut
1445 4386 1647 4450 AEnchy-

114 4454 177 4504 lns
200 4456 421 4519 declarat,
446 4462 499 4509 et
520 4460 643 4509 Ister
672 4459 722 4508 in
750 4460 905 4521 primo
933 4459 1367 4508 collectaneorum.

175 4596 462 4647 Coeronidae.
498 4600 747 4660 Lycurgus
780 4599 973 4660 scripsit
1010 4598 1302 4660 orationem,
1336 4599 1414 4648 cui
1449 4599 1651 4649 titulus:

116 4664 468 4716 Croconidarum
503 4668 832 4717 controversia
860 4682 971 4717 cum
1000 4668 1298 4730 Cceronidis,
1342 4682 1487 4731 quam
1532 4683 1654 4719 non·

120 4734 218 4782 nulli
240 4736 422 4787 Philino
446 4737 685 4787 u’ibuunt.
708 4740 794 4787 Eat
828 4752 943 4787 vero
964 4738 1145 4788 familia
1166 4740 1530 4789 Coeronidarum
1548 4776 1565 4802 ,
1596 4740 1655 4789 dc

118 4802 271 4859 quibus
316 4808 443 4855 Ister
501 4806 551 4855 in
588 4806 869 4857 collectione
917 4822 1078 4857 rerum
1132 4808 1403 4858 Atticarum
1439 4812 1653 4871 exponit.

118 4874 377 4937 Nuncupata
399 4875 589 4926 videtur
612 4892 641 4926 a
658 4878 863 4927 Coerone
877 4914 895 4939 ,
919 4892 1065 4941 quem
1084 4881 1289 4927 nothum
1318 4880 1549 4929 Croconis
1570 4880 1655 4929 fra·

118 4944 221 4991 trem
252 4948 395 4997 fuisse
421 4947 592 4998 dicunt
606 4964 625 5009 ;
644 4961 795 5009 quare
822 4948 965 4998 etiam
992 4950 1277 4999 Croconidae
1302 4964 1401 5011 proe
1430 4951 1646 5001 σαι-νοοῖ·

120 5010 183 5061 dis
202 5014 245 5063 in
272 5017 451 5067 honore
479 5017 593 5067 sint.
622 5020 801 5069 Auctor
834 5018 967 5067 illius
1000 5019 1231 5067 orationis
1250 5054 1265 5080 ,
1292 5021 1509 5081 quisquis
1550 5026 1653 5070 tan·

118 5082 213 5130 dem
229 5086 311 5147 sit,
336 5087 492 5136 tribus
512 5100 599 5136 eos
618 5086 893 5137 nominibus
916 5088 1141 5151 appellari
1160 5090 1353 5151 scribit,
1378 5090 1655 5141 Coemnidas

120 5164 267 5215 nempe
282 5192 297 5215 ‚
322 5156 584 5208 Philienses
612 5163 660 5209 et
685 5158 997 5209 Peritlioedas.

176 5296 428 5354 synnidae.
458 5298 703 5360 Lycurgus
738 5298 787 5348 in
821 5300 1145 5351 controversia
1182 5300 1560 5351 Croconidamm
1606 5304 1655 5351 et

3199 506 3314 560 ⁸63

1751 636 1968 709 inquit,
1999 629 2099 689 ὑπό
2127 652 2184 688 τε
2209 632 2314 687 τῶν
2339 628 2542 687 ἱππίων
2559 628 2770 687 πάντων
2793 626 3140 707 ἀνδραγαθίας
3159 627 3312 688 ἕνεκα

1750 719 1839 777 καὶ
1866 719 1970 777 ὑπὸ
1996 721 2096 777 τῶν
2154 717 2552 798 συναρχόντων·
2588 719 2734 793 ὑμεῖς
2765 716 2866 795 γάρ
2898 738 2964 791 με
2986 762 3004 793 ,
3049 704 3096 773 ὦ
3133 716 3314 796 ἄνδρες

1749 806 2028 879 δικασταί,
2079 810 2288 887 πρῶτον
2352 803 2448 883 μὲν
2504 803 2772 885 φύλαρχον
2844 802 3272 884 ἐχειροτονήσατε
3293 846 3310 874 ,

1748 895 1930 955 ἔπειτα
1955 900 2027 963 εἰς
2057 898 2274 970 Λῆμνον
2301 892 2602 973 ἵππαρχον,
2629 892 2720 951 καὶ
2737 883 2870 971 ἦρξα
2894 891 2992 968 μὲν
3021 892 3198 951 αὐτόθι
3229 894 3309 950 δύ’

1747 986 1837 1055 ἔτι]
1863 988 1969 1042 τῶν
1990 982 2196 1041 πώποθ’
2214 980 2632 1060 ἱππαρχηκότων
2665 978 2854 1057 μόνος,
2885 979 3312 1059 προσκατέμεινα

1748 1070 1802 1128 δὲ
1836 1070 2014 1129 αὐτόθι
2048 1070 2136 1129 τὸν
2181 1068 2351 1150 τρίτον
2389 1066 2622 1127 ἐνιαυτὸν
2653 1069 2711 1129 οὗ
2753 1066 3066 1146 βουλόμενος
3096 1068 3314 1133 πολίτας

1748 1156 1938 1236 ἄνδρας
1959 1156 2046 1217 ἰπὶ
2063 1156 2296 1239 κεφαλὴν
2323 1154 2655 1235 εἰσπράττειν
2683 1155 2770 1214 τὸν
2801 1154 2984 1232 μισθὸν
3003 1164 3110 1223 τοῖς
3127 1158 3308 1213 ἱππεῦ·

1748 1260 1830 1295 σιν
1850 1236 2061 1316 ἀπόροις
2079 1235 2451 1312 διακειμένους.
2464 1280 2501 1297 ..
2523 1237 2806 1315 Στεφάνοις
2831 1234 2884 1295 δὲ
2907 1234 3078 1313 τρισὶν
3099 1236 3319 1312 ἔστεψα·

1747 1322 1919 1395 νώθην
1942 1324 2044 1383 ὑπὸ
2063 1330 2151 1383 τοῦ
2177 1322 2346 1400 δήμου
2376 1328 2466 1382 τοῦ
2487 1324 2540 1381 ἐν
2561 1320 2855 1403 Ἡφαιστία
2883 1322 2974 1381 καὶ
3002 1321 3192 1400 ἑτέροις
3213 1324 3318 1381 ὑπὸ

1747 1414 1839 1469 τοῦ
1868 1412 1920 1469 ἐν
1961 1410 2197 1491 Μυρίνῃ.
2224 1414 2282 1471 Is
2307 1416 2502 1489 igitur,
2530 1413 2668 1469 dum
2693 1413 2784 1467 vel
2819 1414 2879 1467 in
2907 1411 3096 1469 Lesbo
3125 1412 3314 1468 adhuc

1748 1500 2077 1557 versabatur
2115 1503 2204 1557 vel
2259 1502 2494 1557 Athenis
2537 1500 2746 1575 procul
2789 1498 2926 1555 alibi
2975 1500 3250 1573 degebat,
3281 1510 3314 1549 a

1748 1592 2015 1663 Lycurgo
2051 1586 2380 1665 εἰσαγγελίας
2411 1591 2640 1645 actione
2665 1586 2742 1643 ad
2787 1588 3064 1662 populum
3095 1587 3316 1643 delatus

1748 1688 1837 1733 est
1863 1678 1934 1741 ὥς
1965 1674 2242 1733 καταλύων
2269 1675 2358 1733 τὸν
2385 1674 2556 1751 δῆμον
2583 1672 2932 1752 παραὸαίνων
2953 1672 3069 1740 τοὺς
3095 1672 3312 1749 νόμους,

1748 1775 1813 1819 ιιι
1842 1767 1962 1838 ipse
1989 1766 2338 1839 Lycophron
2377 1768 2490 1839 ait3
2517 1784 2647 1821 cum
2689 1764 2852 1837 cujus
2894 1764 3081 1819 verbis
3121 1766 3316 1821 confe-

1749 1854 1926 1909 renda
1955 1872 2080 1927 quae
2103 1852 2178 1910 fr.
2211 1873 2286 1924 70
2313 1856 2612 1927 Lycurgus
2631 1851 2778 1908 dicit
2807 1868 2822 1909 ε
2855 1850 2916 1908 οὗ
2937 1851 3039 1929 γὰρ
3063 1846 3206 1908 ὅσιον
3227 1851 3316 1909 τὸν

1748 1938 1868 2005 τοὺς
1902 1938 2298 2019 γεγραμμένους
2323 1938 2543 2014 νόμους,
2572 1939 2637 1996 δι’
2659 1928 2732 1997 ὧν
2767 1943 2802 2011 ἡ
2839 1938 3170 2016 δημοκρατία
3203 1938 3315 1997 σώ-

1751 2028 1925 2100 ζεται,
1966 2026 2388 2105 παραόαίνοντα,
2419 2027 2608 2105 ἑτέρων
2655 2026 2710 2085 δὲ
2744 2029 3026 2107 μοχθηρῶν
3055 2024 3314 2103 ἐξηγητὴν

1749 2116 1877 2173 ἐθῶν
1898 2116 1988 2172 καὶ
2008 2113 2290 2191 νομοθέτην
2311 2112 2588 2192 γινόμενον
2611 2114 2947 2191 ἀτιμώρητον
2969 2116 3195 2193 ἀφεῖναι.
3221 2118 3318 2172 Ce-

1754 2216 1937 2259 terum
1985 2206 2280 2278 Lycurgus
2323 2200 2652 2281 εἰσαγγελίαν
2690 2204 2988 2259 instituens
3043 2203 3102 2258 in
3139 2203 3317 2274 majus

1752 2311 1871 2346 rem
1900 2294 2120 2347 auxisse
2148 2306 2206 2347 et
2231 2290 2307 2368 τῷ
2345 2290 2722 2367 εἰσαγγελτικῷ
2746 2286 2891 2368 νόμῳ
2931 2289 3012 2347 ita
3041 2306 3174 2345 usus
3201 2310 3317 2347 esse

1750 2379 2001 2448 videtur,
2033 2390 2097 2433 ut
2125 2380 2368 2435 civitatis
2395 2380 2650 2434 instituta
2676 2378 2855 2432 everti
2881 2378 3052 2431 etiam
3081 2377 3318 2432 crimine

1752 2464 1970 2521 diceret
2015 2466 2176 2539 quod
2209 2486 2312 2541 per
2355 2485 2412 2522 se
2439 2475 2753 2539 spectatum
2781 2465 3012 2521 nonnisi
3039 2467 3214 2541 γραφῇ
3243 2466 3317 2520 ad

1752 2554 2153 2610 thesmothetas
2219 2555 2532 2630 pertinenti
2588 2552 2780 2607 locum
2835 2552 2970 2607 dare
3025 2553 3314 2626 potuisset.

1750 2638 1918 2696 Certe
1937 2643 2272 2716 primarium
2293 2627 2511 2697 crimen
2538 2640 2698 2715 quod
2719 2658 2818 2694 reo
2855 2638 3122 2707 dabatur,
3153 2641 3317 2714 posi-

1754 2738 1871 2783 tum
1900 2732 2026 2787 erat
2049 2732 2108 2783 in
2135 2731 2478 2785 contumelia
2502 2738 2559 2785 et
2585 2728 2888 2786 adulterio.
2931 2728 3158 2783 Scilicet
3185 2746 3315 2783 mu·-

1751 2815 1857 2870 lier
1904 2814 2264 2873 Atheniensis
2305 2834 2341 2872 a
2381 2818 2674 2891 Dioxippo
2733 2816 2904 2871 tratre
2925 2856 2940 2883 ‚
2991 2814 3173 2869 nobili
3215 2815 3315 2869 illo

1755 2906 2130 2976 pancratiasta
2147 2946 2164 2975 ,
2219 2906 2320 2979 qui
2359 2915 2492 2979 post
2537 2905 2684 2959 hanc
2731 2922 2952 2960 causam
3010 2902 3316 2958 Alexandri

1752 3002 1938 3045 castra
1959 2992 2022 3045 in
2049 2994 2182 3048 Asia
2203 3003 2432 3047 secutus
2459 3001 2559 3060 est,
2587 3000 2719 3065 post
2744 2990 2956 3065 prioris
2979 2990 3168 3045 mariti
3189 2990 3313 3045 obi-

1755 3089 1874 3133 tum
1912 3081 1974 3134 in
2005 3080 2430 3135 matrimonium
2461 3079 2596 3135 data
2627 3090 2711 3135 est
2739 3078 3049 3153 Charippo.
3102 3080 3226 3133 Jam
3257 3081 3316 3133 in

1752 3168 1872 3241 ipsa
1896 3188 2110 3243 pompa
2131 3171 2372 3243 nuptiali
2399 3169 2748 3243 Lycophron
2771 3167 2845 3223 ad
2868 3166 3136 3222 seminam
3157 3184 3317 3223 acce-

1752 3256 1889 3311 dens
1937 3258 2266 3313 exhortatus
2291 3276 2416 3313 eam
2445 3274 2558 3313 esse
2598 3256 2776 3312 fertur
2803 3274 2874 3310 ne
2919 3274 3038 3310 rem
3085 3254 3318 3311 haberet

1754 3360 1882 3399 cum
1925 3345 2240 3421 Charippo,
2263 3346 2362 3402 sed
2401 3346 2502 3420 ipsi
2551 3363 2611 3399 se
2648 3352 2959 3399 reservaret
3006 3342 3312 3417 integram}

1756 3432 1960 3487 Praeter
1973 3434 2121 3488 hanc
2145 3434 2544 3488 contumeliam
2568 3432 2789 3487 seminae
2809 3432 3065 3503 ingenuae
3085 3430 3317 3503 publice

1752 3522 1972 3577 illatam
1997 3534 2168 3595 atque
2197 3522 2562 3591 adulterium,
2588 3522 2696 3576 alia
2724 3520 2901 3575 multa
2919 3536 3119 3592 parum
3149 3517 3317 3573 nobis

1750 3621 2042 3683 perspecta
2080 3610 2370 3683 Lycurgus
2405 3616 2842 3663 coacervaverat
2860 3648 2877 3673 ,
2903 3605 3114 3677 quibus
3154 3622 3318 3660 reum

1755 3708 2021 3770 tanquam
2051 3708 2267 3772 pestem
2297 3698 2542 3752 civitatis
2582 3696 2913 3769 exagitaret.
2945 3696 3012 3748 Et
3041 3710 3216 3766 quum
3257 3694 3314 3747 in

1750 3785 2016 3840 omnibus
2057 3787 2236 3841 causis
2288 3784 2525 3861 publicis
2583 3784 2775 3838 vicisse
2824 3781 3073 3851 dicatur,
3119 3782 3316 3855 Lyco-

1750 3873 2032 3946 phronem
2063 3872 2321 3947 sequitur
2349 3870 2728 3928 succubuisse.
2763 3868 2964 3942 Itaque
2995 3869 3312 3943 probabili-

1750 3971 1835 4015 ter
1861 3946 2104 4015 Meiems
2135 3962 2261 4035 (ne
2289 3962 2538 4033 Lycurg.
2563 3978 2624 4033 p.
2661 3958 2968 4033 cxxvn)
3001 3968 3190 4012 censet
3213 3958 3310 4013 ha-

1749 4049 1926 4103 bitam
1973 4066 2090 4105 esse
2116 4049 2366 4121 priorem
2396 4048 2646 4123 Lycurgi
2670 4048 2987 4102 orationem
3023 4048 3080 4101 in
3119 4038 3316 4123 priore

1748 4138 1998 4209 actione,
2031 4154 2208 4209 quum
2237 4136 2309 4191 de
2343 4154 2428 4205 re,
2451 4137 2684 4191 alteram
2711 4137 2770 4190 in
2789 4134 3036 4191 secunda
3063 4136 3312 4207 actione,

1752 4242 1930 4297 quum
1957 4225 2029 4279 de
2051 4243 2222 4299 poena
2249 4236 2532 4298 ageretur.

1744 4389 2126 4439 Coerunidarum.
2181 4393 2266 4439 Bt
2307 4390 2484 4439 familia
2530 4391 2660 4453 apud
2717 4390 3036 4440 Athenienses
3074 4388 3144 4438 sic
3163 4389 3308 4437 dicta.

1808 4532 2130 4592 OEnoptarum
2149 4531 2320 4581 horum
2347 4468 2523 4581 ιιιιιιιῗιῖ
2550 4461 2656 4582 ¹grat
2671 4531 2928 4581 observare
2953 4529 3070 4592 qnid
3101 4529 3152 4578 in
3177 4541 3313 4577 coena

1744 4604 1986 4661 ageretur,
2011 4613 2074 4649 an
2091 4614 2156 4649 ex
2175 4614 2318 4663 aequo
2343 4600 2563 4651 biberent
2579 4601 2820 4651 convivae.
2849 4604 2906 4650 Et
2927 4602 3034 4648 erat
3055 4600 3308 4659 magistra·

1746 4672 1825 4719 tus
1854 4671 1932 4719 ille
1953 4670 2126 4732 exigua
2156 4670 2350 4733 quidem
2378 4670 2636 4732 dignitate,
2661 4674 2716 4719 ut
2737 4672 2806 4718 ait
2827 4669 3042 4718 Philinus
3061 4669 3111 4717 in
3131 4670 3308 4717 croco-

1744 4739 1872 4790 nida·
1884 4752 1966 4789 um
1987 4740 2343 4802 disceptatione.
2369 4744 2610 4803 Docetque
2627 4739 2774 4799 idem,
2791 4743 2889 4789 tres
2907 4740 3051 4789 fuisse
3069 4741 3306 4801 (cooptat,

1744 4811 1829 4873 qui
1854 4812 2402 4861 coenantibus-lucernas
2427 4814 2478 4860 et
2509 4810 2750 4875 ellychnia
2771 4808 3150 4871 suppeditarent.

1810 4949 2180 5000 Scambonidae.
2208 4954 2456 5013 Lycurgus
2489 4886 2890 5001 iunonis-eversi·
2911 4948 3306 4999 Croeonidarum.

1748 5025 1833 5073 Est
1858 5022 2064 5083 populus
2081 5023 2330 5073 meotidis
2364 5022 2534 5071 tribua.

1808 5164 2236 5226 Προσχαιρητήρια.
2273 5097 2616 5223 &manto-‘n
2657 5161 2979 5211 controversia
3023 5162 3310 5210 croconida·

1747 5246 1871 5281 rum.
1897 5236 2094 5281 Festum
2129 5234 2198 5282 sic
2223 5233 2399 5282 dicitur
2422 5231 2624 5280 Athenis
2649 5230 2880 5281 celebrari
2915 5231 3116 5281 solitum
3134 5244 3194 5279 eo
3231 5230 3309 5279 die

1747 5317 1847 5365 quo
1875 5303 2152 5365 Proserpina
2179 5302 2422 5353 discedere
2444 5303 2650 5352 videtur.
