3825 5834
509 485 530 534 Ι
546 483 575 535 7
586 484 615 534 -1

494 619 619 668 σης,
645 593 719 671 μὴ
752 593 1071 672 ἀποδέχεσθε
1106 593 1310 666 αὐτῶν,
1350 591 1485 652 ἀλλὰ
1512 589 1747 650 κελεύετε
1776 591 2050 664 ἀπολογεῖ-

1362 467 1798 530 ΔΕΙΝΑΡΧΟΥ
1839 469 1887 524 0
1937 465 2139 525 ΚΑΤΑ
2184 465 2868 528 ΑΡΙΣΤΟΙἘΙἸῸΝΟΣ.

3515 471 3714 544 (π-το)

2139 601 2294 663 capita
2313 599 2496 650 diluere
2509 601 2757 662 iubetote,
2781 611 2938 662 neque
2967 599 3106 649 istius
3135 597 3286 661 ipsius
3307 599 3548 648 insaniam
3565 635 3580 658 ,
3615 603 3706 661 qui

494 690 611 743 σθω
641 681 762 759 “29⁸2
791 685 893 740 τῶν
922 679 1377 760 κατηγορημένων·
1400 678 1533 757 μηδὲ
1561 677 1652 750 τὴν
1682 681 1839 737 αὐτοῦ
1868 677 2051 736 τούτου
2141 709 2412 771 eloquentia
2436 721 2522 759 sua
2541 721 2826 772 magnopere
2857 708 3008 758 fretus
3025 714 3128 768 est;
3151 719 3296 771 quem
3323 707 3405 756 ubi
3431 709 3714 757 constiterit

504 771 717 848 μανίαν,
739 767 793 835 ὃς
834 767 969 846 μέγα
990 775 1166 848 φρονεῖ
1208 765 1293 825 ἐπὶ
1334 770 1409 847 τῷ
1446 766 1691 825 δύνασθαι
1731 763 1927 840 λέγειν·
1963 761 2052 821 καὶ

496 857 704 918 ἐπειδᾶν
738 858 953 937 φανερὸς
980 858 1099 931 ὑμῖν
1126 853 1339 932 γένηται
1370 855 1670 932 δωροδοκῶν
1687 898 1703 928 ,
1745 851 1823 911 ὅτι
1854 853 2054 929 μᾶλλον

496 945 863 1022 ἐξελήλεγκται
918 941 1205 1022 φενακίζων
1259 945 1422 1014 ὑμᾶς,
1492 940 1863 1019 τιμωρήσασθε
1907 943 2054 1014 ὑμῶν

496 1035 667 1092 αὐτῶν
696 1033 897 1104 καὶτῆς
934 1031 1133 1098 πόλεως
1164 1029 1337 1099 ἀξίως·
1362 1033 1408 1089 εἰ
1431 1029 1485 1090 δὲ
1514 1029 1623 1106 μή,
1653 1039 1751 1108 μιᾷ
1779 1029 1939 1108 ψήφῳ
1966 1027 2056 1086 καὶ

494 1119 569 1178 ἐνὶ
596 1124 759 1198 ἀγῶνι
780 1120 979 1184 πάντας
1006 1115 1125 1184 τοὺς
1162 1116 1635 1198 ἀποπεφασμένως
1658 1117 1751 1174 καὶ
1776 1115 1894 1182 τοὺς
1919 1113 2055 1192 μέλ-

414 1222 469 1262 ω
493 1210 677 1274 λοντας
704 1207 916 1287 ἀφέντες
940 1207 1008 1271 εἰς
1030 1209 1167 1281 ὑμᾶς
1191 1203 1374 1271 αὖτοὺς
1408 1204 1498 1264 καὶ
1520 1203 1606 1262 τὸν
1632 1205 1796 1278 δῆμον
1821 1202 1918 1273 τὴν
1947 1202 2060 1262 τού·

493 1320 597 1355 των
628 1295 941 1377 δωροδοκίαν
980 1292 1195 1375 τρέψετε
1212 1337 1229 1364 ,
1274 1293 1365 1351 καὶ
1404 1292 1617 1370 ὕστερον
1660 1293 1927 1370 ἐγκαλεῖτε
1953 1291 2058 1358 τοῖς

494 1384 729 1464 ἀφεῖσιν,
758 1380 843 1440 ὅτε
864 1381 1010 1440 οὐδὲν
1038 1379 1187 1438 ἔσται
1221 1378 1379 1440 πλέον
1412 1382 1557 1454 ὑμῖν.

576 1489 672 1532 ιιι.
720 1465 867 1546 Ἐγὼ
896 1466 992 1540 μὲν
1020 1455 1108 1524 οὗν
1130 1513 1145 1541 ,
1190 1464 1309 1524 ὅσον
1342 1467 1411 1531 εἰς
1445 1465 1505 1523 τὸ
1542 1465 1697 1544 μέρος
1735 1463 1921 1540 τούμὸν
1966 1468 2058 1532 τῆς

494 1555 809 1636 κατηγορίας
836 1554 983 1626 ἥκει,
1024 1552 1357 1633 βεὸοήθηκα,
1407 1541 1578 1611 τᾶλλα
1613 1551 1783 1610 πάντα
1820 1549 2054 1631 παριδὼν

494 1647 633 1716 πλὴν
664 1651 755 1704 τοῦ
798 1642 999 1703 δικαίου
1051 1643 1141 1702 καὶ
1179 1647 1269 1701 τοῦ
1316 1641 1661 1721 συμφέροντος
1705 1643 1852 1716 ὑμῖν.
1940 1641 2058 1698 Οὔκ

496 1732 913 1811 ἐγκαταλέλοιπα
958 1729 1053 1802 τὴν
1101 1731 1283 1802 πόλιν,
1328 1731 1387 1788 οὐ
1424 1730 1579 1809 χάριν
1616 1727 2054 1808 προύργιαιτέραν

494 1828 588 1893 τῆς
628 1827 715 1881 τοῦ
759 1819 927 1896 δήμου
975 1817 1293 1898 χειροτονίας
1348 1817 1700 1896 ἐποιησάμην.
1784 1815 1964 1883 Ἀξιῶν
1999 1815 2053 1874 δέ

496 1913 585 1970 καὶ
634 1913 767 1986 ὑμᾶς
812 1907 905 1979 τὴν
954 1905 1115 1977 αὐτὴν
1162 1905 1377 1984 γνώμην
1414 1904 1553 1985 ἔχειν
1608 1903 1944 1984 παραδίδωμι
1999 1903 2058 1963 τὸ

498 2000 635 2079 ὕδωρ
659 2001 765 2064 τοῖς
786 1997 960 2061 ἄλλοις
987 1993 1316 2074 κατηγόροις.

1110 2131 1437 2158 ψ

746 2225 814 2283 ΙΙ.
865 2222 1070 2281 ΚΑΤΑ
1114 2217 1802 2278 ΑΡΙΣΤΟΓΕῑΤΟΝΟΣ.

398 2368 494 2418 105
579 2343 768 2421 Πάνθ’,
802 2349 871 2411 ὣς
899 2342 1063 2403 ἔοικεν
1082 2389 1098 2416 ,
1132 2332 1177 2400 ὦ
1207 2341 1493 2413 Ἀθηναῖοι,
1536 2337 1903 2418 προσδοκητέα
1947 2337 2059 2398 ἐστὶ

497 2435 585 2495 καὶ
610 2437 831 2494 ἀκοῦσαι
858 2431 947 2490 καὶ
978 2432 1102 2488 ἰδεῖν
1132 2431 1184 2488 ἐν
1210 2437 1327 2494 ταῖς
1356 2427 1726 2506 γεγενημέναις
1746 2428 2057 2507 ἀποφάσεσι·

496 2520 929 2600 θαυμασιώτατον
961 2518 1013 2576 δὲ
1048 2516 1256 2576 πάντων
1275 2559 1291 2589 ,
1323 2519 1391 2582 ὥς
1420 2515 1539 2592 ἐμοὶ
1570 2517 1737 2586 δοκεῖ,
1768 2516 1827 2575 τὸ
1854 2523 1942 2575 νῦν
1972 2539 2057 2590 γι-

496 2611 726 2688 νόμενον.
772 2605 841 2668 ‘O
864 2606 965 2686 γὰρ
986 2603 1335 2682 πονηρότατος
1353 2607 1457 2661 τῶν
1476 2605 1529 2661 ἐν
1552 2605 1619 2679 τῇ
1640 2601 1791 2660 πόλει
1806 2649 1824 2680 ,
1856 2604 2058 2678 μᾶλλον

498 2700 551 2758 δὲ
581 2699 669 2759 καὶ
696 2699 801 2757 τῶν
830 2695 1001 2754 ἄλλων
1044 2691 1357 2771 ἀνθρώπων,
1388 2687 1775 2769 Ἀριστογείτων
1814 2692 2058 2749 διαδικα-

438 2820 465 2856 5.
500 2785 715 2864 σόμενος
740 2783 860 2856 ἥκει
886 2786 953 2859 τῇ
978 2781 1029 2848 ἐξ
1054 2779 1251 2860 Ἀρείου
1270 2778 1441 2855 πάγου
1475 2780 1636 2858 βουλῇ
1668 2778 1788 2856 περὶ
1816 2781 2058 2850 ἀληθείας

496 2876 585 2936 καὶ
616 2870 973 2942 δικαιοσύνης,
1000 2869 1091 2928 καὶ
1117 2868 1227 2926 νυνὶ
1253 2865 1461 2946 μείζονα
1482 2866 1713 2926 κίνδυνον
1734 2871 1769 2938 ἡ
1798 2864 1889 2936 τὴν
1920 2867 2058 2927 ἀπό-

497 2985 653 3040 φασιν
682 2957 1010 3034 πεποιημένη
1046 2955 1210 3035 βουλὴ
1240 2954 1523 3012 κινδυνεύει
1554 2953 1589 3026 ἢ
1614 2959 1643 3014 ὁ
1664 2957 1806 3032 δῶρα
1836 2954 2056 3031 λαμὸά-

498 3075 599 3111 νων
629 3053 747 3109 καθ’
770 3051 919 3126 epi-iv
947 3045 1039 3104 καὶ
1066 3044 1160 3114 τὴν
1193 3042 1325 3122 ὓπὲρ
1362 3047 1466 3102 τῶν
1501 3045 1717 3102 δικαίων
1758 3045 2058 3124 παρρησίαν

498 3139 817 3215 ἀποδόμενος
854 3135 1019 3194 εἴκοσι
1054 3135 1218 3208 μνῶν.
1319 3129 1383 3208 (s)
1423 3130 1610 3208 Τούτῳ
1649 3131 1745 3206 μέν
1775 3154 1831 3209 γε
1876 3133 2058 3191 καινὸν

497 3227 639 3288 οῦδὲν
686 3227 805 3285 οὐδὲ
848 3221 1011 3282 δεινόν
1028 3265 1044 3290 ,
1090 3219 1181 3279 ἐὰν
1226 3219 1339 3296 ἁλῷ
1358 3263 1374 3294 ,
1420 3218 1766 3292 συμὸήσεται·
1818 3219 1908 3277 καὶ
1939 3220 2060 3298 ,γὰρ

499 3314 723 3374 θανάτου
753 3310 876 3379 ἄξια
930 3307 1101 3370 πολλὰ
1148 3305 1401 3386 πρότερον
1444 3304 1596 3384 ἕτερα
1642 3305 2058 3385 διαπέπρακται,

425 3427 474 3465 10
500 3403 588 3461 καὶ
633 3405 685 3459 ἐν
729 3401 805 3480 τῷ
838 3393 1183 3474 δεσμωτηρίῳ
1229 3392 1422 3450 πλείων
1460 3392 1645 3474 χρόνον
1684 3389 1845 3462 ἢέξω
1892 3395 2060 3454 διατέ·

498 3511 680 3568 τριφε,
714 3485 806 3545 καὶ
839 3484 1057 3565 ὀφείλων
1100 3485 1174 3559 τῷ
1216 3477 1453 3558 δημοσίῳ
1498 3477 1636 3538 κατὰ
1664 3483 1768 3538 τῶν
1806 3481 2058 3558 ἐπιτίμων

501 3577 753 3655 γέγραφεν
782 3575 874 3633 οὔκ
912 3571 1020 3638 ἐξὸν
1054 3570 1229 3648 αὐτῷ,
1264 3569 1355 3626 καὶ
1398 3566 1553 3646 ἕτερα
1590 3567 1765 3626 πολλὰ
1798 3568 1889 3626 καὶ
1919 3570 2060 3629 δεινὰ

500 3663 751 3735 πεποίηκε
770 3708 785 3734 ,
829 3659 949 3736 περὶ
992 3648 1066 3715 ὧν
1112 3653 1479 3735 ἀκριὸέστερον
1524 3658 1671 3730 ὑμεῖς
1708 3658 1839 3732 ἐμοῦ
1868 3658 2062 3735 γιγνώ-

502 3772 667 3809 σκετε·
695 3753 759 3826 τῇ
790 3747 845 3807 δὲ
871 3748 1033 3826 βουλῇ
1058 3745 1117 3804 τὸ
1147 3742 1288 3812 δόξαι
1326 3744 1492 3824 ψευδῆ
1522 3744 1658 3802 κατὰ
1691 3741 2062 3823 Ἀριστογείτο·

502 3861 585 3904 νος
620 3836 921 3912 ἀποφαίνειν
944 3835 1032 3893 καὶ
1073 3838 1252 3892 τοῦτον
1280 3833 1480 3902 ἐκείνης
1508 3835 1637 3910 παρ’
1666 3834 1790 3907 ὑμῖν
1820 3835 2060 3912 ὑποληφ-

501 3931 650 3994 θῆναι
688 3923 984 4002 δικαιότερα
1008 3921 1175 3998 λέγειν
1196 3923 1299 3977 τῶν
1328 3919 1613 3999 αἰσχίστων
1644 3921 1733 3978 καὶ
1755 3921 2060 3979 δεινοτάτων

500 4013 665 4074 ἐστίν.
712 4010 777 4091 (³)
804 4011 998 4089 Διόπερ
1016 4055 1031 4084 ,
1060 3999 1104 4068 ὦ
1154 4008 1410 4080 Ἀθηναῖοι
1428 4053 1443 4079 ,
1476 4000 1622 4076 οὗτός
1650 4032 1738 4085 μοι
1766 4011 1932 4082 δοκεῖ,
1976 4011 2061 4067 τὸν

426 4125 473 4162 ιο
504 4105 683 4181 ἀγῶνα
714 4103 855 4180 αὑτῷ
896 4101 1109 4178 ἀσφαλῆ
1146 4086 1278 4156 εἶναι
1310 4097 1566 4172 νομίζων,
1601 4099 2062 4173 διαπειρασόμενος

502 4189 647 4258 ἥκειν
668 4191 761 4257 τῆς
778 4185 1031 4266 ὑμετέρας
1054 4184 1283 4262 γνώμης·
1314 4184 1521 4244 ἅπαντα
1549 4185 1653 4264 γὰρ
1684 4190 1829 4266 αὐτῷ
1864 4187 2062 4244 πολλά-

502 4300 583 4343 κις
612 4275 678 4334 τὰ
707 4275 847 4334 δεινὰ
887 4271 1191 4349 συμὸέὸηκε
1208 4317 1224 4349 ,
1254 4272 1390 4344 πλὴν
1426 4280 1515 4332 τοῦ
1539 4277 1815 4332 ἀποθανεῖν
1840 4297 1855 4310 ·
1904 4281 2062 4334 τοῦτο

504 4363 569 4435 δ’,
597 4361 657 4420 ἂν
686 4361 794 4428 θεὸς
821 4361 943 4440 θέλῃ
972 4359 1062 4418 καὶ
1097 4363 1241 4436 ὑμεῖς
1268 4365 1566 4440 σωφρονῆτε
1590 4403 1608 4430 ,
1655 4363 1706 4418 ἐν
1736 4367 1799 4440 τῇ
1835 4361 2060 4443 τήμερον

502 4449 675 4532 ἡμέρα
699 4449 1047 4528 συμὸήσεται.
1076 4449 1158 4509 Οὖ
1181 4446 1281 4528 γὰρ
1302 4447 1389 4519 δή,
1423 4445 1497 4525 μὲι
1510 4447 1596 4505 τὸν
1623 4444 1919 4526 Ἡρακλέα,
1943 4452 2062 4527 βελ-

502 4538 599 4598 τίω
649 4537 959 4617 γενήσεσθαι
1005 4535 1154 4594 αὐτὸν
1204 4537 1527 4613 προσδοκᾶτε
1590 4535 1901 4612 συγγνώμης
1955 4537 2062 4594 νυνὶ

504 4627 826 4706 τυγχάνοντα
856 4624 980 4704 παρ’
999 4625 1181 4702 ὑμῶν,
1224 4621 1340 4681 οὐδὲ
1368 4622 1429 4680 τὸ
1453 4621 1631 4680 λοιπὸν
1664 4622 1940 4703 ἀφέξεσθαι
1973 4631 2060 4684 τοῦ

426 4730 479 4768 20
504 4716 792 4792 λαμὸάνειν
818 4715 1072 4794 χρήματα
1102 4712 1221 4771 καθ’
1245 4714 1394 4786 ὑμῶν
1414 4755 1431 4787 ,
1457 4710 1545 4768 ἐὰν
1574 4717 1661 4770 νῦν
1692 4713 1857 4789 ἀφῆτε
1882 4714 2056 4775 αὐτόν.

507 4804 769 4883 Πονηρίαν
793 4803 895 4881 γὰρ
921 4801 1217 4883 ἀρχομένην
1248 4798 1343 4876 μὲν
1367 4801 1604 4858 κωλῦσαι
1624 4799 1746 4878 τάχ’
1772 4799 1833 4856 ἄν
1873 4823 1950 4866 τις
1973 4825 2058 4859 κο-

504 4895 675 4960 λάζων
706 4891 983 4964 δυνηθείη,
1014 4893 1565 4966 ἐγκαταγεγηρακυῖαν
1602 4888 1659 4944 δὲ
1687 4887 1777 4944 καὶ
1810 4891 2062 4965 γεγευμέ·

504 5004 595 5050 νην
618 4983 722 5037 τῶν
752 4978 1053 5052 εἰθισμένων
1080 4976 1343 5052 τιμωριῶν
1366 4971 1615 5033 ἀδύνατον
1646 4964 1778 5033 εἶναι
1800 4975 2054 5055 λέγουσιν.

508 5068 571 5144 (ι)
610 5067 673 5125 Εἰ
704 5063 797 5140 μὲν
831 5055 919 5122 οὖν
962 5063 1331 5140 ἐγγενήσεσθαι
1383 5061 1627 5138 βούλεσθε
1676 5065 1974 5122 δευσοποιὸν
2008 5069 2060 5124 ἐν

503 5157 569 5230 τῇ
598 5151 750 5210 πόλει
770 5151 1052 5228 πονηρίαν,
1086 5149 1451 5230 διαφυλάττειν
1482 5151 1617 5225 ὑμᾶς
1649 5149 2059 5228 Ἀριστογείτονα

505 5241 613 5314 δεῖ,
646 5239 733 5298 καὶ
764 5241 855 5318 ἐᾷν
879 5239 909 5297 ὅ
933 5263 981 5296 τι
1010 5241 1070 5296 ἄν
1092 5261 1167 5302 τις
1192 5236 1443 5314 βούληται
1470 5240 1521 5294 ἐν
1552 5243 1614 5314 τῇ
1637 5237 1783 5296 πόλει
1814 5241 2060 5319 διαπράτ.

2141 817 2280 866 vobis
2309 821 2556 879 acceptare
2581 829 2807 876 munera,
2838 829 2935 879 quo
2957 817 3104 879 magis
3127 815 3264 866 vobis
3301 817 3468 866 fucum
3494 816 3627 875 iecit,
3653 831 3720 864 eo

2145 929 2291 987 magis
2308 941 2420 978 eum
2435 941 2521 992 pro
2539 927 2766 990 dignitate
2781 929 2938 978 vestra
2961 929 3010 978 et
3033 926 3168 977 urbis
3190 925 3476 976 ulciscimini
3499 927 3725 989 :alioqui

2146 1045 2242 1080 uno
2257 1031 2480 1094 suffragio
2499 1045 2693 1094 unoque
2711 1031 2896 1094 judicio
2913 1033 3142 1082 omnibus
3167 1031 3223 1081 iis
3247 1033 3332 1094 qui
3365 1031 3442 1081 vel
3461 1033 3614 1084 delati
3631 1035 3720 1081 vet

2145 1141 2389 1192 deferendi
2413 1145 2542 1201 sunt,
2570 1141 2800 1191 absolutis
2817 1177 2833 1198 ,
2861 1141 2910 1191 iu
2938 1142 3254 1204 vosmetipsos
3273 1143 3324 1191 et
3343 1141 3582 1204 populum
3605 1155 3721 1190 cor-

2145 1251 2378 1314 ruptelam
2399 1265 2564 1302 eorum
2601 1252 2921 1311 transfer-etis,
2952 1265 3010 1300 ac
3041 1256 3150 1313 post
3171 1263 3253 1300 eos
3281 1251 3364 1312 qui
3387 1250 3718 1300 absolverunt

2142 1361 2449 1422 accusabitis,
2473 1374 2620 1422 quum
2645 1360 2917 1410 accusando
2939 1360 3058 1410 nihil
3083 1359 3361 1424 proficietis.

2213 1473 2313 1520 ιιι.
2351 1473 2474 1532 Ego,
2498 1477 2734 1532 quaeum
2763 1469 2824 1520 ad
2849 1482 3004 1520 meam
3041 1469 3360 1518 accusationis
3383 1474 3577 1531 perlem
3601 1470 3728 1518 atti-

2147 1581 2257 1636 net,
2285 1591 2425 1639 opem
2462 1579 2574 1638 tuti,
2615 1579 2784 1627 ceteris
2833 1577 2978 1628 nibus
3019 1577 3246 1638 neglectis
3271 1577 3499 1627 omnibus
3541 1581 3730 1640 prater

2141 1681 2223 1743 jus
2245 1685 2292 1732 et
2321 1681 2576 1732 utilitatem
2602 1687 2826 1732 vestram.
2859 1680 3156 1744 Reipublicn
3179 1693 3274 1730 non
3296 1679 3426 1729 demi
3444 1715 3460 1740 ,
3489 1693 3589 1729 non
3615 1683 3732 1742 pius

2145 1791 2306 1850 grati-ve
2323 1789 2468 1840 tribui
2485 1803 2629 1853 quam
2652 1803 2681 1840 a
2705 1789 2884 1852 populo
2905 1788 3098 1838 decreto
3125 1787 3244 1836 mibi
3269 1788 3476 1838 muneri.
3501 1790 3618 1846 Quo
3631 1801 3726 1836 eo-

2145 1893 2254 1944 ἀει-
2281 1894 2441 1944 animo
2467 1895 2524 1944 ut
2550 1896 2601 1944 et
2626 1906 2713 1944 vos
2737 1895 2842 1945 sitis
2863 1894 2974 1957 peto
2991 1929 3006 1953 ,
3035 1895 3184 1956 atque
3201 1892 3309 1942 aliis
3349 1893 3730 1942 amatoribus

2147 2009 2322 2060 aquam
2353 1997 2504 2048 trado.

2773 2129 3096 2153 -ιιοσ--ή

2473 2230 2534 2278 ΙΙ.
2568 2229 2817 2278 CONTRA
2848 2227 3381 2278 Aius‘roelrouffl.

2206 2333 2280 2383 Ad
2297 2334 2478 2397 omnia,
2489 2341 2541 2384 ut
2559 2333 2767 2393 videtur,
2783 2333 3112 2394 Athenienses,
3123 2331 3420 2383 etaudieuda
3441 2331 3725 2382 etvidenda

2145 2432 2195 2481 in
2223 2431 2352 2481 bisce
2373 2431 2666 2481 delationum
2695 2430 2852 2480 causis
2881 2430 3034 2492 parati
3057 2443 3162 2480 esse
3197 2429 3460 2490 debemus3
3488 2433 3720 2480 omnium

2147 2539 2262 2576 vero
2293 2527 2504 2575 maxime
2533 2525 2836 2586 mirandum,
2873 2525 3061 2588 opinor,
3117 2524 3164 2574 id
3205 2527 3284 2574 est
3311 2525 3444 2587 qnod
3469 2539 3610 2576 nunc
3641 2529 3724 2576 fit.

2149 2619 2290 2669 Adest
2307 2620 2436 2668 enim
2452 2618 2524 2666 vir
2551 2619 2598 2667 in
2617 2618 2708 2667 hac
2723 2619 2862 2676 urbe,
2883 2618 3034 2666 immo
3049 2630 3164 2667 vero
3185 2619 3404 2668 omnium
3423 2620 3720 2669 mortalium

2148 2717 2536 2777 scelestissimus,
2582 2717 2872 2777 Aristogiton
2893 2751 2907 2776 ,
2941 2714 3026 2778 qui
3072 2715 3252 2777 jndicio
3287 2715 3551 2765 contendat
3603 2729 3726 2765 cum

2147 2816 2314 2864 senatu
2351 2813 2678 2876 Areopagitico
2716 2813 2776 2862 de
2799 2814 2998 2864 veritate
3036 2816 3086 2863 et
3113 2813 3328 2875 iustitia;
3364 2815 3512 2877 atque
3553 2815 3724 2877 majus
3804 2797 3806 2828 ²

2147 2925 2277 2963 nunc
2301 2911 2566 2974 periculum
2593 2910 2846 2961 delationis
2871 2914 3041 2961 auctor
3075 2915 3272 2962 senatus
3289 2911 3424 2961 subit
3453 2925 3604 2973 quam
3627 2915 3723 2975 qui

2148 3009 2272 3059 dona
2295 3011 2462 3059 contra
2493 3021 2578 3058 vos
2605 3007 2791 3070 accepit
2821 3010 2869 3058 et
2915 3021 3000 3070 pro
3027 3008 3173 3070 iustis
3203 3005 3392 3058 dicendi
3445 3008 3726 3058 libertatem

2149 3105 2312 3168 viginti
2333 3105 2475 3154 minis
2499 3103 2727 3154 vendidit.
2759 3104 2829 3166 (2)
2863 3105 2987 3153 Huic
3015 3103 3210 3165 quidem
3235 3140 3252 3162 ,
3279 3105 3318 3152 si
3345 3104 3720 3166 condemnetur,

2149 3215 2304 3264 neque
2325 3215 2504 3252 novum
2528 3200 2708 3262 aliquid
2739 3212 2896 3262 neque
2922 3212 3066 3262 grave
3089 3199 3302 3260 accidet;
3332 3200 3509 3249 etenim
3547 3201 3730 3250 ultimo

2147 3296 2380 3358 supplicio
2421 3295 2560 3356 digna
2597 3295 2692 3344 alia
2735 3293 2886 3344 multa
2923 3294 3026 3356 ,iam
3055 3294 3170 3344 olim
3213 3295 3532 3358 perpetravit,
3576 3299 3628 3344 et
3663 3299 3718 3344 in

2148 3407 2338 3443 earcere
2359 3393 2466 3455 plus
2495 3393 2722 3455 temporis
2746 3405 2894 3454 quam
2927 3392 3045 3442 ioris
3076 3392 3266 3453 exegit,
3291 3393 3346 3441 et
3367 3405 3520 3454 quum
3549 3395 3730 3440 mario

2151 3490 2339 3554 publico
2363 3490 2583 3550 deberet,
2627 3496 2788 3540 tamen
2806 3526 2820 3550 ,
2845 3491 3014 3538 contra
3043 3501 3190 3551 quam
3219 3489 3394 3538 licebat
3421 3489 3494 3546 ei,
3525 3489 3576 3538 in
3593 3490 3732 3538 cives

2151 3587 2337 3649 integro
2355 3586 2465 3648 jure
2487 3585 2747 3648 gaudentes
2771 3585 2986 3641 actiones
3015 3585 3286 3634 criminales
3313 3584 3541 3644 intendit,
3571 3588 3728 3648 atque

2149 3680 2242 3729 ulia
2277 3681 2428 3728 multa
2463 3679 2720 3741 graviaque
2759 3679 3000 3727 commisit
3039 3689 3151 3740 quie
3197 3689 3284 3727 vos
3319 3689 3398 3728 me
3441 3679 3730 3727 accuratius

2149 3776 2328 3834 nostis;
2350 3775 2534 3825 senatui
2560 3779 2724 3824 autem
2749 3773 2966 3823 accidere
2989 3779 3042 3822 ut
3063 3773 3306 3822 mendacia
3330 3777 3498 3823 contra
3533 3775 3728 3824 Aristo-

2149 3867 2361 3931 gitonem
2381 3865 2612 3915 detulisse
2632 3865 2850 3914 videatur
2871 3867 2920 3915 et
2943 3866 3020 3914 liic
3049 3877 3194 3927 quam
3214 3864 3294 3914 ille
3322 3864 3524 3925 justiora
3558 3865 3727 3916 dicere

2151 3959 2276 4023 apud
2305 3971 2392 4008 vos
2421 3958 2548 4008 credi
2579 3961 2761 4020 possit,
2807 3957 2854 4006 id
2881 3957 3212 4021 turpissimum
3249 3959 3322 4006 est
3355 3958 3730 4018 gravissimum-

2151 4066 2259 4114 que.
2287 4053 2352 4113 (3)
2377 4055 2680 4113 Quapropter
2697 4087 2710 4109 ,
2733 4051 3068 4110 Athenienses,
3095 4050 3219 4109 iste,
3243 4054 3487 4098 certamen
3513 4050 3610 4100 sibi
3641 4065 3728 4113 pe-

2152 4148 2301 4197 riculo
2339 4160 2543 4196 vacuum
2573 4159 2680 4196 esse
2713 4145 3017 4206 existimans,
3059 4159 3117 4194 eo
3155 4144 3354 4194 consilio
3391 4144 3562 4195 adesse
3597 4148 3726 4198 milii

2151 4238 2340 4288 videtur
2361 4239 2416 4287 ut
2439 4243 2646 4286 vestram
2669 4238 2955 4286 senientiam
2993 4237 3229 4298 exploret.
3267 4237 3450 4286 omnia
3473 4237 3608 4286 enim
3625 4251 3722 4287 τε·

2150 4332 2258 4394 pius
2291 4331 2333 4380 ei
2371 4330 2496 4380 mala
2527 4329 2818 4390 ecciderunt,
2853 4331 3026 4390 praeter
3059 4329 3230 4392 capitis
3265 4327 3598 4392 supplicium;
3629 4329 3732 4378 boc

2151 4426 2306 4486 ipsum
2331 4435 2476 4482 vero,
2504 4422 2542 4471 si
2563 4423 2682 4472 deus
2707 4421 2910 4470 voluerit
2931 4424 2982 4470 et
3008 4433 3100 4471 vos
3127 4421 3354 4484 sapiatis,
3381 4420 3620 4470 hodierna
3649 4421 3736 4470 die

2150 4514 2350 4566 accidet.
2394 4514 2528 4564 Haud
2564 4513 2692 4564 euim
2714 4550 2729 4573 ,
2765 4513 2996 4572 Hercule,
3041 4514 3312 4573 exspectate
3353 4525 3499 4571 eum,
3529 4515 3574 4561 si
3597 4525 3734 4561 nune

2148 4623 2177 4657 a
2205 4607 2342 4657 vobis
2386 4606 2570 4656 veniam
2612 4610 2783 4656 nactus
2823 4606 2990 4666 luerit,
3024 4605 3268 4654 meliorem
3293 4604 3549 4662 futurum,
3572 4606 3660 4662 et,
3689 4605 3732 4652 si

2152 4713 2278 4750 nuuc
2319 4699 2615 4759 absolvatur,
2657 4699 2881 4760 deinceps
2921 4701 3178 4746 cnutus-um
3225 4707 3330 4746 esse
3361 4709 3424 4746 ne
3465 4697 3733 4758 pecuniam

2151 4795 2315 4843 contra
2347 4805 2432 4842 vos
2449 4793 2664 4856 accipiat.
2695 4795 2816 4842 Nam
2839 4793 3112 4840 nascentem
3134 4787 3331 4852 quidem
3359 4787 3730 4851 improbitatem

2149 4886 2286 4935 facile
2306 4885 2479 4949 aliquis
2501 4886 2550 4935 in
2569 4895 2674 4936 eam
2695 4885 3080 4934 animadvertens
3105 4884 3324 4932 coerceat
3339 4916 3355 4941 ,
3405 4883 3732 4932 inveteratam

2152 4988 2264 5024 vero
2285 4976 2335 5024 et
2363 4987 2476 5036 quae
2501 4974 2604 5037 jam
2639 4973 2838 5036 gustarit
2864 4973 3029 5023 solitas
3061 4987 3256 5036 poenas,
3281 4973 3494 5023 inhiberi
3528 4973 3734 5022 omnino

2151 5081 2243 5116 non
2271 5079 2405 5128 posse
2429 5071 2715 5117 asseverent.
2735 5067 2803 5128 (4)
2826 5065 3020 5125 Quodsi
3047 5067 3194 5128 igitur
3217 5065 3462 5116 indelebili
3485 5066 3729 5130 pravitate

2151 5161 2318 5209 urbem
2342 5157 2532 5208 iniicere
2561 5159 2736 5220 vultis,
2768 5172 2961 5209 servare
2989 5171 3074 5207 voe
3105 5158 3492 5220 Aristogitonem
3519 5163 3730 5223 oportet,

2151 5250 2198 5298 et
2215 5249 2486 5312 permittere
2508 5248 2830 5310 quodcunque
2863 5247 3036 5310 aliquis
3071 5248 3280 5297 voluerit
3309 5248 3360 5297 in
3391 5249 3595 5298 civitate
3619 5259 3726 5309 per·
