3825 5834
1476 147 1507 174 Q

422 396 537 447 688

419 518 581 586 δήμου
612 514 1065 586 προδουλευσαμένη
1100 511 1137 580 ἡ
1164 507 1317 582 βουλὴ
1342 510 1545 582 πέμπειν
1582 507 1837 580 προσέταξε
1864 507 1976 570 τοὶις

423 596 621 660 ἱππέας,
647 593 789 656 ὀξέως
813 595 998 664 φθάσας
1034 591 1117 644 καὶ
1160 593 1266 652 τοὺς
1302 590 1559 662 προέδρους
1575 629 1590 654 ,
1633 589 1841 642 ἐπέδωκε
1884 585 1976 652 τὴν

422 684 561 718 ναυν.

495 745 618 813 567,
647 747 699 797 6.
730 741 997 814 Παρελθὼν
1034 740 1305 810 ἐπέδωκεν]
1339 738 1452 794 ‘Aah
1484 742 1570 806 τῆς
1604 737 1760 799 αἰτίας
1792 741 1970 791 τοῦτο·

420 823 507 876 ἵνα
542 822 639 894 γὰρ
677 822 807 895 φύγῃ
851 821 937 873 τδν
966 821 1189 872 κίνδυνον
1207 859 1222 884 ,
1252 818 1333 871 διὰ
1359 823 1503 872 τοῦτο
1544 816 1803 872 ἐπέδωκεν.
1874 813 1976 880 Τὴν

422 899 693 972 ὓπερόολὴν
725 899 778 953 δέ
818 899 964 962 ἔδειξε
993 903 1079 953 τοῦ
1126 899 1307 970 φόὸου·
1340 897 1585 968 προῦλαὸε
1621 896 1717 967 γὰρ
1752 894 1839 962 τὴν
1879 901 1978 949 τῶν

422 981 667 1051 προέδρων
712 979 977 1050 παρουσίαν
996 1018 1011 1043 ,
1051 978 1141 1030 ἵνα
1182 975 1248 1048 μὴ
1289 977 1607 1048 προελθόντες
1660 975 1838 1030 ἐκεῖνοι
1870 974 1981 1045 περὶ

423 1059 593 1112 ἄλλων
616 1059 829 1130 προθῶσι
852 1057 941 1124 τὴν
964 1059 1124 1128 σκέψιν
1139 1098 1153 1120 ,
1185 1057 1269 1109 καὶ
1293 1057 1444 1118 οὕτως
1472 1056 1525 1110 ἐκ
1555 1059 1639 1122 τῆς
1668 1055 1926 1116 ἐπιδόσεως
1951 1052 1980 1106 6

422 1139 623 1202 Μειδίας
656 1137 943 1210 ἀναγκασθῇ
971 1137 1327 1208 στρατεύεσθαι.
1400 1135 1463 1188 Oi
1491 1135 1587 1206 γὰρ
1610 1136 1833 1206 πρόεδροι
1856 1131 1980 1200 ἦσαν

424 1217 473 1270 οἱ
493 1216 573 1268 διὰ
598 1221 687 1270 τοῦ
726 1217 930 1286 κήρυκος
956 1215 1181 1286 λέγοντες
1208 1221 1279 1286 τῷ
1320 1214 1499 1284 δήμῳ,
1536 1216 1681 1267 δοκεῖ
1710 1213 1827 1284 ύμῖν
1873 1213 1982 1282 περὶ

424 1295 596 1349 τούτου
616 1293 994 1364 βουλεύσασθαις
1022 1293 1105 1346 καὶ
1126 1293 1277 1363 χωρὶς
1298 1292 1493 1346 ἐκείνων
1512 1293 1621 1362 περὶ
1632 1291 1827 1354 ούδενὸς
1843 1292 1873 1345 6
1896 1293 1982 1359 δῆ-

426 1393 514 1443 μος
543 1371 815 1428 ἐσκέπτετο.

498 1455 623 1522 567,
648 1469 700 1522 7.
728 1451 813 1522 Τῷ
832 1449 1027 1520 δῆλον]
1052 1449 1159 1502 Τίνι
1186 1449 1340 1516 δῆλον
1370 1449 1453 1502 καὶ
1470 1451 1617 1504 πόθεν
1644 1449 1676 1516 ἢ
1704 1455 1880 1520 γνῶσις
1905 1451 1982 1502 ὅτι

425 1531 617 1602 φεύγων
649 1529 739 1595 τὴν
764 1529 1017 1599 στρατείαν
1040 1527 1249 1582 ἐπέδωκε
1269 1527 1354 1581 καὶ
1381 1526 1437 1580 οὖ
1460 1529 1540 1580 διὰ
1572 1529 1853 1599 φιλοτιμίαν
1873 1550 1889 1596 ;

498 1613 619 1679 567,
643 1628 696 1679 9.
722 1609 837 1670 Τοῖς
862 1607 985 1678 μετὰ
1010 1612 1163 1660 ταῦτα
1192 1608 1483 1678 πραχθεῖσι]
1522 1607 1745 1670 Ἐπιδοῦς
1770 1607 1865 1678 γὰρ
1892 1605 1981 1673 τὴν

428 1693 543 1740 ναῦν
576 1687 655 1740 διὰ
680 1687 766 1740 τὸν
790 1687 941 1758 φόὸον
961 1726 977 1751 ,
1004 1687 1069 1747 ὡς
1088 1684 1217 1738 εἶδεν
1244 1688 1321 1738 ὅτι
1348 1688 1465 1748 τέως
1486 1688 1749 1756 προϊούσης
1770 1693 1855 1754 τῆς
1874 1689 1983 1740 σκέ·

425 1767 548 1836 ψεως
574 1765 601 1818 ὁ
627 1767 781 1836 δῆμος
808 1764 939 1835 ἔγνω
962 1762 1027 1835 μὴ
1056 1766 1258 1835 πέμπειν
1286 1764 1397 1825 rob<
1416 1763 1609 1829 ἱππέας,
1638 1764 1753 1817 ἀλλ’
1778 1761 1838 1832 ἦν
1864 1763 1983 1818 ἀνα-

428 1843 553 1910 δολὴ
594 1847 678 1910 τῆς
726 1841 889 1905 ἐξόδου
906 1883 921 1907 ,
957 1843 1045 1896 οὔκ
1087 1841 1223 1909 ἐνέὸη
1253 1841 1333 1897 ἐπὶ
1367 1841 1457 1908 τὴν
1488 1851 1603 1896 ναῦν
1620 1883 1637 1908 ,
1685 1843 1800 1896 ἀλλ’
1841 1844 1986 1916 Αίγύ-

428 1926 565 1979 πτιόν
590 1943 699 1977 τινα
722 1923 981 1993 Πάμφιλον
1010 1921 1161 1993 εὓρὼν
1190 1920 1435 1975 ἐπίστευσε
1458 1920 1547 1988 τὴν
1578 1922 1771 1992 τριήρη.
1846 1921 1986 1976 Μετὰ

430 2002 600 2074 μικρὸν
634 2002 687 2055 δὲ
710 2005 797 2054 τοῦ
821 2004 1095 2072 στρατηγοῦ
1120 2000 1389 2062 Φωκίωνος
1414 2001 1663 2071 κρίναντος
1696 2000 1986 2056 ἀποστεῖλαι

428 2083 552 2138 κατὰ
579 2081 816 2152 διαδοχὰς
844 2081 955 2140 τοὶις
976 2079 1145 2140 ἱππέας
1170 2077 1249 2132 ἐπὶ
1274 2079 1359 2132 τὸν
1397 2078 1616 2150 πόλεμον
1634 2119 1648 2144 ,
1680 2076 1739 2146 ἦν
1772 2079 1824 2132 δὲ
1844 2080 1987 2142 αὗτδς

429 2165 459 2215 6
484 2163 684 2222 Μειδίας
705 2161 817 2214 τότε
841 2159 1010 2230 φυγὼν
1042 2159 1100 2210 τὸ
1134 2156 1256 2227 μετὰ
1291 2162 1388 2209 τῶν
1414 2157 1595 2210 ἱππέων
1618 2156 1829 2219 ἐξελθεῖν
1844 2196 1860 2221 ,
1890 2157 1986 2218 ἐξέ·

430 2243 611 2313 δραμεν
640 2240 719 2294 ἐπὶ
745 2237 833 2304 τὴν
868 2241 985 2291 ναῦν
1008 2237 1091 2290 καὶ
1113 2234 1361 2306 προῦδωκε
1386 2235 1475 2302 τὴν
1500 2236 1629 2298 τάξιν
1651 2276 1667 2301 ,
1694 2237 1775 2288 καὶ
1802 2237 1986 2306 ἵππαρ·

432 2339 471 2391 χ
472 2340 524 2382 ος
544 2317 902 2390 χειροτονηθεὶς
924 2319 1008 2382 τῆς
1028 2315 1183 2386 ἀρχῆς
1207 2315 1571 2386 παρημέλησεν.

504 2400 623 2468 567.
663 2415 743 2467 17.
774 2396 1118 2465 Μετεπέμπετο
1152 2393 1265 2455 τοὺς
1296 2391 1343 2454 ἐξ
1388 2391 1669 2465 Ἀργούρας]
1694 2394 1759 2446 Εἰ
1796 2394 1990 2456 πλείους

430 2475 553 2545 ἦσαν
582 2478 629 2530 οἱ
658 2475 950 2547 στρατηγοὶ,
974 2473 1104 2544 παρὰ
1136 2475 1317 2544 χρόνον
1342 2469 1521 2544 ἦρχον.
1604 2473 1867 2536 Ἔλθόντος
1900 2469 1986 2528 οὗν

431 2561 519 2610 τοῦ
555 2560 721 2626 καιροῦ
751 2555 829 2608 ἐπὶ
855 2553 1103 2605 Φωκίωνα
1131 2555 1257 2605 ὥστε
1285 2553 1453 2623 ἄρχειν
1472 2592 1487 2618 ,
1523 2554 1855 2624 μετεπέμψατο
1876 2553 1990 2615 τοὺς

430 2637 625 2702 ἱππέας,
652 2635 739 2688 ἵνα
760 2633 891 2704 αὖτιῖι
916 2633 1275 2703 παραμένωσιν.
1363 2630 1593 2684 Ἐκείνων
1614 2627 1701 2684 οὖν
1732 2631 1990 2703 ἀναχωρη-

432 2717 624 2769 σάντων
652 2713 835 2774 ἅλλους
860 2707 920 2779 ἦν
950 2709 1482 2788 ὰναγκαῖονέξελθεῖν,
1514 2707 1585 2764 ὧν
1614 2706 1673 2778 ἦν
1692 2711 1940 2782 ἵππαρχος
1961 2712 1990 2764 6

433 2794 652 2856 Μειδίας.

506 2873 626 2941 567,
662 2887 748 2925 20.
781 2869 943 2923 Αιπὼν
971 2865 1061 2932 τὴν
1084 2865 1251 2938 τάξιν]
1279 2866 1471 2934 Ταύτην
1500 2865 1585 2933 τὴν
1617 2867 1897 2940 φιλοτιμίαν
1927 2868 1991 2930 είς

433 2952 715 3015 λιποταξίαν
752 2951 1013 3014 κατέστησε
1030 2986 1047 3012 ,
1094 2945 1177 2998 καὶ
1212 2947 1329 3014 ὅπερ
1356 2945 1501 3006 αὐτὸς
1541 2945 1821 2999 ἐνεκαλεῖτο
1861 2947 1990 3018 παρὰ

434 3032 756 3103 Εὐκτήμονος
772 3067 787 3094 ,
812 3031 959 3080 τοῦτο
982 3024 1237 3078 διαὸάλλει
1271 3025 1355 3078 τὸν
1380 3023 1607 3077 Μειδίαν.

506 3109 627 3177 567,
659 3123 748 3160 Μ.
778 3103 871 3155 Καὶ
894 3099 967 3154 ὧν
989 3102 1252 3172 ἱππαρχεῖν
1274 3099 1484 3171 ἠξίωσε]
1512 3100 1685 3154 Πολλὰ
1722 3101 1784 3154 τὰ
1810 3102 1984 3156 ἄτοπα·

432 3192 622 3258 πρῶτον
653 3184 739 3256 μὲν
790 3185 867 3236 ὅτι
898 3181 1123 3234 κατέλιπε
1162 3181 1275 3242 τοὺς
1305 3179 1473 3242 ἱππέας
1495 3181 1740 3250 ἵππαρχος
1774 3182 1870 3234 ὤν·
1910 3183 1992 3234 καὶ

433 3269 544 3320 τότε
569 3264 826 3335 ὠνόμασεν
846 3259 989 3312 αὗτδν
1007 3259 1259 3330 ἵππαρχον
1277 3297 1292 3323 ,
1310 3259 1391 3310 ὅτε
1410 3258 1545 3328 ὔὸριν
1572 3259 1767 3326 μᾶλλον
1792 3259 1822 3325 ἢ
1844 3258 1988 3330 τιμὴν

432 3345 695 3418 προεξένει·
730 3342 789 3395 τδ
832 3339 886 3394 δέ
922 3340 1153 3412 ὕστερον,
1186 3341 1263 3392 ὅτι
1288 3339 1373 3391 καὶ
1406 3338 1549 3402 αὗτδς
1586 3339 1821 3403 &Est-'³003'
1849 3343 1990 3395 κατέ·

434 3425 546 3480 λιπε
573 3423 795 3486 τούτους,
818 3419 889 3472 ὧν
921 3419 1063 3480 αὖτδς
1087 3418 1315 3489 ἡγεῖσθαι
1337 3417 1681 3488 παρεκάλεσεν.

507 3503 630 3572 567,
662 3517 750 3554 22.
800 3497 861 3550 Et
890 3499 934 3550 δ’
964 3497 1014 3550 ἐν
1057 3499 1119 3568 τῇ
1146 3496 1363 3569 θαλάττῃ
1387 3497 1605 3558 κίνδυνός
1626 3496 1733 3567 τις]
1772 3495 1864 3549 Καὶ
1890 3497 1998 3551 ἐκεῖ

436 3583 603 3638 ἔλιπεν
632 3584 690 3635 ἂν
718 3579 807 3646 τὴν
835 3579 987 3640 τάξιν.
1066 3577 1160 3628 Καὶ
1179 3577 1329 3650 ταύτῃ
1354 3575 1639 3630 διαὸάλλειν
1658 3575 1806 3630 αὐτὸν
1832 3579 1995 3648 πειρᾶ-

434 3680 547 3728 ται,
572 3664 657 3726 τῆς
685 3661 886 3731 γνώμης
911 3656 1057 3709 αὑτοῦ
1080 3658 1459 3726 στοχαζόμενος.

509 3741 630 3808 567,
663 3739 754 3791 23.
778 3735 848 3790 Ού
878 3733 974 3807 μὴν
998 3733 1270 3805 Νικήρατός
1292 3751 1350 3803 γε
1372 3734 1393 3804 ]
1421 3731 1533 3785 Ἵνα
1560 3731 1625 3804 μὴ
1653 3733 1717 3796 εἰς
1760 3729 1877 3801 ’ἦθος
1902 3751 1991 3786 κα-

436 3820 653 3891 ταφύγῃ,
686 3817 883 3887 ἀναιρεῖ
906 3816 1011 3877 τοῖς
1034 3814 1420 3884 παραδείγμασι,
1451 3813 1534 3864 καὶ
1559 3812 1715 3867 πολὺν
1744 3813 1992 3884 κατέμιξεν

439 3895 635 3948 ἔπαινον
656 3935 671 3958 ,
698 3893 847 3948 εἰπὼν
876 3914 899 3942 ιι
927 3892 956 3944 6
980 3891 1261 3962 ἀγαπητὸς,
1298 3914 1318 3940 n
1351 3886 1459 3944 οἷον
1486 3891 1515 3943 6
1543 3893 1711 3962 ὅμοιος
1732 3899 1803 3963 τῷ
1827 3894 1988 3963 πατρί.

510 3975 632 4042 567,
665 3973 752 4026 25.
786 3970 845 4024 Ὅ
875 3972 1015 4032 ἅπαις
1043 3971 1399 4040 (antuman
1430 3968 1488 4021 Ὀ
1516 3971 1618 4032 νέος
1647 3969 1720 4024 ἔτι
1749 3971 1831 4024 καὶ
1857 3974 1988 4034 παῖς.

514 4049 573 4102 ‘0
597 4051 898 4104 παντάπασιν
930 4047 1165 4119 ἀσθενὴς]
1193 4049 1280 4112 Ὃς
1306 4049 1512 4120 ὤφειλεν
1554 4048 1827 4122 ἀπολογίαν
1858 4050 1992 4121 ἔχων

436 4130 580 4201 ἑτέρῳ
602 4130 822 4199 διαδόχῳ
847 4127 927 4180 διὰ
952 4126 1038 4193 τὴν
1072 4127 1317 4182 ἀσθένειαν
1342 4129 1636 4200 χρήσασθαι.

508 4211 629 4272 568,
660 4213 714 4272 Ι..
742 4205 888 4260 Ἀλλὰ
922 4205 1009 4272 τὴν
1038 4207 1091 4260 ἐκ
1115 4213 1211 4260 τῶν
1251 4209 1415 4278 νόμων
1442 4208 1611 4279 τάξιν]
1641 4208 1779 4280 Πόσῃ
1803 4228 1993 4280 περιου·

438 4290 521 4361 σία
550 4291 634 4354 τῆς
656 4289 831 4358 τέχνης
861 4287 1134 4358 ἐχρήσατος
1170 4286 1225 4341 ού
1257 4288 1352 4358 γὰρ
1382 4291 1535 4359 μόνον
1558 4288 1647 4342 ούκ
1688 4289 1817 4351 ἄξιον
1860 4289 1996 4344 ἐπαί-

439 4389 523 4422 νου
556 4369 793 4422 δείκνυσιν
824 4366 901 4421 ἐπὶ
927 4371 989 4439 τῇ
1012 4367 1265 4438 φιλοτιμίᾳ
1283 4408 1297 4432 ,
1321 4366 1453 4420 ἀλλὰ
1478 4369 1559 4422 καὶ
1584 4371 1815 4440 τιμωρίας
1838 4370 1990 4432 ἄξιον.

510 4449 632 4513 568,
664 4466 717 4518 7.
758 4447 973 4517 Πότερον
1012 4446 1276 4500 τελωνείαν
1304 4447 1387 4499 καὶ
1418 4446 1785 4518 πεντηκοστὴν]
1818 4449 1996 4502 Βούλει

437 4519 523 4578 οὖν
548 4531 619 4598 τῷ
648 4523 913 4595 πραχθέντι
934 4524 1061 4594 παρὰ
1091 4529 1178 4576 σοῦ
1206 4525 1369 4596 δῶμεν
1398 4526 1557 4596 ὄνομα
1577 4527 1880 4598 πρόσφορον;
1929 4525 1993 4598 μὴ

436 4603 577 4656 κάλει
604 4602 722 4655 αύτδ
754 4601 1034 4674 φιλοτιμίαν
1052 4641 1067 4667 ,
1099 4601 1230 4656 ἀλλὰ
1270 4601 1551 4664 λιποταξίαν
1581 4605 1663 4656 καὶ
1700 4605 1960 4658 τελωνείαν
1977 4647 1991 4670 ,

438 4681 601 4748 ἐπειδὴ
621 4681 669 4734 οἱ
695 4681 905 4734 τελῶναι
932 4685 1018 4734 τοῦ
1039 4681 1276 4754 πολεμεῖν
1302 4679 1443 4752 εἶχον
1472 4680 1711 4738 ἀτέλειαν.
1788 4684 1877 4735 Διὰ
1900 4684 1997 4756 γὰρ

437 4767 583 4815 τοῦτο
610 4761 778 4831 ἐπάγει
808 4783 828 4810 ιι
856 4761 1024 4828 καινὴν
1050 4761 1205 4834 ἐξεῦρε
1232 4761 1433 4824 Μειδίας
1460 4762 1659 4830 ἱππικήν
1688 4783 1797 4817 τινα
1818 4783 1998 4832 πεντη-

444 4864 467 4890 «ι
509 4841 709 4906 κοστήν.
744 4863 765 4890 n
847 4841 1035 4904 Ὄντως
1053 4841 1149 4913 γὰρ
1178 4841 1313 4909 ξένην
1352 4842 1615 4896 τελωνείαν
1644 4843 1727 4896 καὶ
1754 4839 1861 4897 οἶον
1888 4845 1997 4898 ἀτέ-

439 4917 576 4971 λειαν
610 4921 697 4970 τοῦ
726 4918 929 4980 ξυνιέναι
960 4922 1064 4982 τοῖς
1101 4919 1321 4975 ἱππεῦσιν
1354 4921 1600 4992 ἐξεύρηκε,
1646 4921 1735 4988 τὴν
1784 4919 1997 4976 ἐπίδοσιν

441 5001 527 5062 τῆς
552 4996 791 5066 τριήρους.
874 4995 1073 5063 Ἐπειδὴ
1112 4998 1207 5070 γὰρ
1254 4999 1317 5053 τὰ
1360 5001 1475 5068 τέλη
1504 5001 1690 5054 δίδοται
1724 5004 1997 5073 χρημάτων

442 5076 619 5146 ἕνεκα,
647 5074 763 5145 οὖχὶ
803 5080 889 5130 τοῦ
932 5079 1127 5150 φεύγειν
1173 5079 1257 5142 τὰς
1296 5082 1572 5152 στρατείας,
1604 5081 1803 5143 εἰκότως
1824 5085 1996 5153 προσέ-

438 5155 559 5228 θηκε
610 5174 632 5201 ι
664 5153 834 5221 καινήν
872 5173 981 5211 τινα
1006 5159 1361 5226 πεντηκοστήν.
1391 5183 1414 5211 ι
1494 5159 1665 5232 Ὅμως
1690 5161 1778 5227 δὲ,
1820 5163 1994 5231 φησὶν,

1492 376 1783 438 ΣΧΟΛῙΑ
1824 376 1954 436 ΕΙΣ
1997 372 2542 434 ΔΗΜΟΣΘΕΝΗΝ.

2065 505 2366 578 ἐξετάσωμεν
2391 504 2542 557 αύτοῦ
2563 504 2646 556 καὶ
2673 500 2764 568 τὴν
2793 500 3008 554 ἐπίδοσιν
3033 500 3079 551 τί
3105 497 3234 569 ἡμᾶς
3259 495 3506 567 ὠφέλησε.
3539 495 3622 547 Καὶ

2065 585 2196 640 ἐστιν
2219 579 2362 646 οὗτος
2385 584 2483 638 ἀπὸ
2509 587 2593 650 τῆς
2613 581 2853 642 ἐκὸάσεως
2884 581 2914 631 6
2937 580 3104 649 λόγος.
3178 577 3290 630 Τῶν
3309 574 3484 628 ἄλλων
3509 595 3622 644 πεμ·

2063 665 2256 718 πόντων
2297 666 2444 734 μόνος
2482 658 2622 723 οὗτος
2651 660 2708 714 ού
2738 661 3044 730 παρέπεμπεν
3061 677 3073 687 ·
3101 656 3280 710 οὐκοῦν
3317 651 3625 725 ἄνωφελὴςῆ

2067 741 2302 807 ἐπίδοσις,
2335 741 2467 812 εἴπερ
2495 739 2562 811 μή
2594 741 2838 800 διεδίδαζε
2863 738 2949 792 τὸν
2983 739 3162 808 δῆμον.

2139 824 2261 886 568,
2303 825 2383 885 14.
2423 820 2514 874 Ἐκ
2533 818 2968 890 Στύρων]Χωρίον
2997 820 3086 883 τῆς
3113 815 3344 876 Εύὸοίας.

2135 903 2358 972 Χάρακας
2385 901 2468 954 καὶ
2495 899 2818 970 βοσκήματα]
2841 896 3147 950 ’Δντιπῖπτον
3179 895 3324 948 ἔλυσε
3337 933 3356 959 ,
3382 894 3518 954 τίνος
3547 887 3630 944 οὖν

2069 981 2230 1034 ἶνεκεν
2263 979 2436 1033 λοιπὸν
2483 978 2690 1033 ἐπέδωκε
2729 976 2819 1042 τὴν
2855 980 3007 1041 ναῦν,
3030 969 3136 1048 ἐνῇ
3164 973 3232 1046 μὴ
3271 971 3488 1044 ἔμελλεν
3509 971 3634 1042 ἡμᾶς

2067 1060 2366 1131 διακομίζειν
2381 1081 2398 1124 ;
2433 1057 2462 1111 6
2490 1059 2542 1112 δι’
2569 1078 2714 1130 φησιν
2743 1061 2820 1112 ὅτι
2851 1057 3138 1129 βοσκήματα
3163 1056 3248 1110 καὶ
3269 1055 3395 1116 ξύλα
3429 1053 3518 1106 καὶ
3555 1055 3634 1105 θυ-

2069 1144 2272 1212 ρώματα
2316 1143 2579 1212 διεκόμιζε.
2653 1141 2930 1212 θυρώματα
2993 1139 3064 1204 δὲ,
3119 1137 3315 1197 σανίδας
3363 1131 3636 1199 ἐπιτηδείας

2067 1221 2185 1292 πρὸς
2213 1223 2372 1293 θύρας.
2403 1221 2678 1292 Θυρώματα
2691 1221 2746 1274 δὲ
2771 1219 2908 1274 εἶπεν
2933 1219 3293 1288 ἐνδεικνύμενος
3316 1215 3378 1268 τὸ
3409 1214 3634 1285 μέγεθος,

2067 1301 2194 1353 ὥστε
2217 1301 2418 1354 πολλῶν
2450 1301 2650 1372 χρῄζειν
2673 1301 2990 1370 θυρωμάτων.

2143 1379 2266 1442 568,
2294 1376 2543 1446 17.Είςτὰ
2569 1377 2691 1448 ἔργα
2719 1377 2782 1430 τὰ
2808 1376 3078 1447 ἀργύρεια]
3111 1373 3414 1444 Μεμίσθωτο
3447 1371 3548 1442 γὰρ
3573 1371 3636 1422 τὰ

2071 1457 2293 1529 μέταλλα
2319 1457 2448 1528 παρᾶ
2475 1461 2561 1524 τῆς
2583 1457 2801 1522 πόλεως,
2831 1458 2862 1508 ἃ
2889 1451 2950 1522 ἦν
2975 1459 3062 1507 τοῦ
3081 1452 3333 1524 ἀργυρίου.

2143 1537 2266 1602 568,
2297 1541 2380 1593 18.
2415 1537 2508 1589 Καὶ
2533 1537 2904 1608 χρηματισμὸς,
2929 1534 2988 1586 οὗ
3015 1532 3328 1602 λειτουργία]
3351 1531 3636 1596 Μετέθηκεν

2073 1613 2140 1677 εἰς
2165 1617 2436 1685 περιουσίας
2461 1613 2686 1685 ἀφορμὴν
2703 1613 2732 1665 6
2757 1613 2956 1674 Μειδίας
2987 1610 3078 1676 τὴν
3105 1610 3442 1680 λειτουργίαν,
3479 1609 3568 1660 καὶ
3591 1609 3640 1659 οἱ

2075 1693 2161 1764 μὲν
2195 1693 2344 1746 ἄλλοι
2367 1695 2674 1757 δαπανῶσιν,
2717 1692 2862 1754 αὐτὸς
2894 1691 2946 1744 δὲ
2975 1689 3328 1761 χρηματισμὸν
3363 1689 3450 1740 καὶ
3483 1689 3636 1757 πόρον

2079 1771 2296 1826 ἐντεῦθεν
2319 1773 2659 1843 περιποιεῖται.
2739 1769 3007 1842 Ἐμπορίας
3027 1765 3116 1823 σύν
3143 1769 3306 1822 ένεκεν
3323 1805 3340 1832 ,
3365 1766 3422 1819 ού
3447 1767 3640 1838 φιλοτι·

2076 1853 2218 1921 μίας,
2245 1849 2334 1916 τὴν
2357 1855 2472 1904 ναῦν
2507 1851 2764 1906 ἐπέδωκεν.

2146 1931 2267 1992 568,
2300 1947 2386 1984 21.
2419 1929 2591 2000 Ὅμως
2613 1928 2668 1982 δέ
2689 1929 2772 1982 καὶ
2801 1929 3038 1998 μάρτυρας
3059 1927 3177 1998 ύμῖν
3205 1925 3384 1993 καλῶ]
3410 1923 3532 1976 Ὅτι
3559 1925 3642 1976 καὶ

2073 2009 2290 2078 χάρακας
2315 2008 2398 2060 καὶ
2425 2008 2713 2078 βοσκήματα
2738 2006 2822 2058 καὶ
2848 2005 2908 2057 τὰ
2936 2008 3135 2056 τοιαῦτα
3161 2002 3408 2074 ἐκόμισεν.
3483 2002 3641 2054 Οὖδὲν

2075 2087 2128 2140 δὲ
2157 2087 2340 2140 ἐκώλυε
2369 2088 2453 2140 καὶ
2489 2087 2600 2148 τοὺς
2631 2085 2834 2146 πολίτας
2869 2083 3258 2149 διαὸιὸασθῆναι.
3337 2080 3557 2134 Κάκεῖνο
3591 2083 3646 2134 δέ

2077 2167 2204 2220 ἐστιν
2241 2165 2643 2237 ὁμολογούμενον
2660 2204 2676 2229 ,
2711 2165 2788 2216 ὅτι
2833 2162 2951 2224 ξύλα
2997 2161 3239 2232 ἐκόμισεν.
3323 2159 3416 2214 Ἐκ
3451 2161 3640 2212 τούτου

2077 2239 2273 2307 συνάγει
2301 2239 2376 2290 ὅτι
2405 2242 2502 2288 τῶν
2531 2235 2798 2306 ἀνθρώπων
2823 2231 3087 2303 ἠμέλησεν.

2149 2317 2270 2386 569,
2303 2323 2354 2370 6.
2396 2315 2466 2368 Οὖ
2504 2315 2860 2385 συγκατέστησε
2896 2313 2982 2364 τὸν
3031 2311 3244 2380 στόλον]
3282 2308 3409 2363 Ἀντὶ
3441 2314 3542 2361 τοῦ
3593 2309 3648 2362 οὗ

2077 2396 2480 2465 συγκατεστόλισε
2497 2434 2512 2460 ,
2547 2393 2740 2464 μᾶλλον
2771 2392 2858 2462 [δ’]
2890 2389 2977 2444 οὒκ
3011 2389 3275 2443 ἀπέσωσεν.
3305 2389 3420 2442 ΒΥ.

2149 2476 2272 2542 569,
2299 2477 2352 2527 8.
2379 2473 2436 2524 El
2459 2474 2617 2525 τοίνυν
2637 2473 2704 2534 ὣς
2732 2471 2926 2537 άληθῶς
2947 2509 2962 2532 ,
2987 2465 3032 2522 ὦ
3049 2469 3216 2539 ἄνδρες
3245 2467 3542 2540 Ἀθηναῖοι]
3569 2470 3652 2540 Τῷ

2077 2553 2200 2606 κατὰ
2228 2553 2633 2623 ἂντιπαράστασιν
2649 2553 2882 2620 κέχρηται
2900 2548 3108 2618 νοήματι
3133 2546 3255 2616 μετὰ
3273 2545 3364 2610 τὴν
3387 2547 3646 2601 ἔνστασιν.

2077 2631 2147 2683 Οὖ
2173 2635 2324 2702 μόνον
2353 2631 2450 2701 γὰρ
2469 2631 2534 2692 εἷς
2561 2629 2644 2691 τὰς
2669 2629 2830 2690 λύσεις
2851 2635 2948 2680 τῶν
2977 2626 3262 2680 ἀντιθέσεων
3289 2629 3542 2696 χρώμεθα
3567 2627 3650 2680 αὖ·

2077 2713 2210 2774 ταῖς,
2237 2709 2370 2762 ἀλλὰ
2397 2709 2479 2762 καὶ
2505 2708 2584 2762 ἐπὶ
2602 2709 2774 2779 ἐτέρων
2791 2708 3051 2778 νοημάτων
3067 2747 3083 2770 ,
3107 2708 3222 2760 ὅταν
3245 2725 3288 2758 τι
3316 2706 3652 2778 βουληθῶμεν

2077 2789 2201 2844 κατὰ
2228 2789 2503 2860 περιουσίαν
2529 2787 2811 2859 εἰσαγαγεῖν
2827 2826 2844 2852 ,
2883 2788 2998 2856 ὅπερ
3027 2785 3108 2837 καὶ
3136 2784 3344 2838 ἐνταῦθα
3369 2786 3650 2852 πεποίηκεν

2077 2869 2106 2922 6
2135 2870 2316 2940 ῥήτωρ.
2389 2869 2550 2931 Δείξας
2574 2867 2668 2939 γὰρ
2705 2866 2785 2918 διὰ
2813 2869 2897 2932 τῆς
2919 2865 3186 2926 ἐνστάσεως
3221 2865 3298 2916 ὅτι
3327 2864 3474 2918 οὖδὲν
3519 2865 3652 2918 ἐλει·

2077 2949 2316 3021 τούργησε
2335 2988 2350 3012 ,
2395 2952 2576 3018 χρῆται
2631 2951 2693 3018 τῇ
2741 2945 3176 3015 άντιπαραστάσει,
3215 2946 3294 2997 ὅτι
3337 2943 3383 2997 εί
3420 2943 3564 3008 ἄξιος
3593 2944 3654 3013 ἦν

2077 3031 2373 3099 συγγνώμης
2395 3026 2466 3096 ἐφ’
2491 3023 2566 3087 οἷς
2595 3024 2943 3096 ἐπλημμέλησε
2965 3065 2978 3086 ,
3004 3024 3087 3076 καὶ
3105 3022 3228 3088 ἑξῆς.

2152 3109 2274 3176 569,
2311 3105 2392 3158 15.
2419 3105 2481 3156 Οἱ
2515 3104 2602 3175 μὲν
2624 3103 2932 3174 ναυμαχίας]
2967 3099 3056 3152 Ἐκ
3085 3105 3170 3152 τοῦ
3197 3101 3314 3170 πρός
3345 3119 3396 3154 τι
3419 3099 3654 3172 ἐπιλογί-

2077 3187 2212 3247 ζεται
2230 3225 2245 3250 ,
2267 3185 2348 3237 καὶ
2369 3181 2444 3246 οἷς
2471 3183 2580 3238 ἐκεῖ
2593 3183 2699 3235 κατ’
2726 3182 2888 3251 ὄνομα
2913 3179 3170 3244 ἐπεξῆλθεν
3201 3177 3464 3249 Ἰφικράτει
3495 3199 3554 3234 τε
3573 3183 3656 3234 καὶ

2079 3265 2264 3334 Χαὸρίᾳ
2293 3264 2375 3316 καὶ
2408 3265 2512 3324 τοῖς
2539 3261 2709 3323 ἄλλοις
2726 3301 2741 3323 ,
2764 3261 2962 3320 τούτους
2989 3263 3072 3310 νῦν
3098 3257 3150 3310 ἐν
3167 3264 3237 3330 τῷ
3261 3257 3480 3310 καθόλου
3515 3259 3656 3330 ἀορί-

2079 3362 2204 3405 στως
2224 3341 2498 3414 περιέλαὸε.
2571 3339 2770 3412 Δεῖφὰρ
2803 3339 2888 3392 τὸν
2913 3337 3146 3407 ἐπίλογον
3175 3339 3336 3390 πάντα
3369 3337 3656 3408 ἐπιλογίζε·

2080 3423 2190 3475 σθαι
2215 3421 2277 3475 τὰ
2306 3421 2356 3474 ἐν
2381 3423 2486 3482 τοῖς
2518 3418 2678 3492 ἀγῶσι
2714 3419 2776 3472 τά
2810 3436 2866 3470 τε
2914 3416 2966 3470 ἐν
3003 3416 3274 3486 προοιμίοις
3296 3415 3382 3468 καὶ
3407 3420 3656 3470 καταστά-

2077 3519 2230 3555 σεσιν.

2153 3583 2275 3651 569,
2314 3597 2402 3639 20.
2434 3578 2594 3633 Ὅπου
2637 3579 2698 3630 ἂν
2729 3576 2998 3648 βούληται]
3029 3575 3122 3626 Καὶ
3141 3572 3192 3626 ἐν
3230 3573 3438 3645 ἑταίροις
3467 3575 3560 3628 καὶ
3601 3577 3652 3628 ἐν

2082 3661 2313 3732 θεάτροις.
2394 3659 2487 3712 Ὃν
2516 3659 2561 3710 δ’
2609 3659 2668 3710 ἂν
2711 3658 2911 3724 δύνηται
2937 3656 3150 3726 τρόπον,
3194 3655 3415 3708 τουτέστι
3449 3655 3657 3727 πληγὰς

2081 3737 2305 3794 ἐντείνων
2332 3739 2417 3792 καὶ
2438 3737 2725 3810 διαφθείρων
2751 3736 2836 3788 καὶ
2857 3735 3118 3805 στεφάνως
3143 3731 3410 3804 ὢφανίζων.

2149 3825 2275 3890 569,
2306 3837 2392 3890 27.
2416 3817 2532 3871 Ὅτι
2553 3819 2714 3870 τοίνυν
2737 3816 2824 3868 καὶ
2839 3817 3125 3887 κεκόμισται
3149 3812 3332 3883 χάριν]
3359 3811 3512 3882 Ἀπερ
3537 3814 3598 3864 ἂν
3625 3813 3656 3864 6

2081 3899 2282 3960 Μειδίας
2312 3896 2377 3959 εἰς
2403 3896 2488 3949 τὸν
2512 3900 2598 3962 τῆς
2636 3894 2799 3956 αἰδοῦς
2822 3894 3036 3963 παρέσχε
3061 3893 3246 3953 τόπον,
3283 3913 3304 3938 ιι
3333 3891 3414 3942 ὅτι
3441 3892 3654 3959 τετίμη·

2087 4001 2109 4030 ιι
2154 3997 2240 4049 μαι
2272 3977 2384 4047 παρ’
2418 3975 2590 4046 ὑμῶν,
2623 3977 2698 4028 ὅτι
2719 3977 2806 4040 τῆς
2845 3971 3076 4042 Παράλου
3099 3973 3287 4041 γέγονα
3315 3971 3530 4041 ταμίας,
3575 3973 3656 4024 ὅτι

2087 4079 2109 4108 ιι
2149 4057 2396 4126 ἵππαρχος
2421 4053 2837 4125 ἐχειροτονήθην,
2853 4053 3036 4105 ἄτοπον
3059 4045 3148 4104 οὖν
3175 4053 3262 4102 τοῦ
3301 4051 3534 4102 τοιούτου
3569 4071 3656 4102 κα-

2086 4159 2109 4186 ιι
2151 4135 2506 4206 ταψηφίσασθαι
2527 4133 2608 4186 διὰ
2627 4135 2862 4204 πρόφασιν
2889 4131 3061 4203 μικράν
3079 4169 3095 4194 ,
3123 4151 3146 4179 ι
3173 4133 3328 4184 ταῦτα
3351 4129 3652 4200 προλαμὸά-

2083 4235 2180 4268 νων
2221 4214 2532 4284 Δημοσθένης
2567 4211 2764 4282 ἀναιρεῖ
2789 4213 2988 4282 φάσκων
3021 4211 3100 4262 ὅτι
3123 4207 3207 4260 διὰ
3225 4213 3380 4262 ταῦτα
3407 4208 3534 4260 αὐτὰ
3563 4210 3654 4261 οὔκ

2083 4293 2210 4356 ἄξιος
2237 4291 2420 4353 αἰδοῦς.
2495 4290 2559 4344 Εἰ
2581 4291 2676 4362 γὰρ
2703 4291 2786 4342 διὰ
2803 4290 3108 4361 λειτουργίας
3135 4287 3310 4358 ἔτυχεν
3338 4288 3400 4339 ἂν
3423 4291 3658 4358 συγγνώ-

2087 4393 2207 4445 μης,
2251 4372 2534 4442 κεκόμισται
2561 4368 2614 4423 δὲ
2643 4368 2757 4422 ἀντὶ
2795 4369 2981 4421 τούτων
3023 4367 3185 4438 ἐτέρας
3219 4365 3362 4438 τιμὰς
3383 4406 3400 4430 ,
3427 4367 3656 4436 φαίνεται

2085 4451 2234 4526 μηδὲν
2261 4449 2579 4521 ὀφειλόμενον
2606 4447 2736 4520 παρὰ
2761 4452 2847 4515 τῆς
2869 4447 3078 4509 πόλεως.

2159 4531 2280 4598 570,
2308 4529 2358 4582 3.
2399 4527 2844 4600 Ἐχειροτονήσατε
2869 4531 3044 4580 τοῦτον
3067 4529 3154 4592 τῆς
3179 4523 3412 4596 Παράλου
3435 4526 3656 4594 ταμίαν]

2081 4607 2144 4660 Οἱ
2195 4609 2280 4679 μέν
2311 4626 2455 4678 φασιν
2496 4610 2574 4661 ὅτι
2607 4606 2834 4677 Πάραλος
2865 4605 3048 4674 ἐκλήθη
3085 4605 3184 4658 ἀπὸ
3217 4603 3450 4674 Παράλου
3479 4605 3660 4665 παιδὸς

2085 4691 2172 4740 τοῦ
2197 4687 2482 4758 Περικλέους
2497 4727 2514 4754 ,
2543 4687 2594 4740 οἱ
2619 4686 2672 4740 δὲ
2704 4686 2801 4740 ἀπὸ
2825 4685 3056 4757 Παράλου
3083 4686 3216 4746 τινὸς
3245 4683 3402 4754 ἥρωος
3417 4723 3435 4746 ,
3474 4679 3539 4735 0ss
3573 4684 3660 4736 καὶ

2085 4765 2114 4818 6
2141 4769 2253 4828 παῖς
2277 4762 2336 4834 ἦν
2367 4767 2656 4838 Περικλέους
2685 4766 2975 4837 ὁμώνυμος,
3004 4764 3054 4816 οἱ
3094 4763 3148 4818 δὲ
3189 4765 3270 4816 διὰ
3299 4763 3356 4816 τὸ
3383 4763 3534 4817 πλεῖν
3565 4761 3658 4830 τὴν

2085 4845 2355 4917 παραλίαν,
2393 4847 2642 4911 τουτέστι,
2682 4843 2772 4911 τὴν
2820 4843 2974 4897 Ἀσίαν
3004 4843 3090 4896 καὶ
3123 4844 3212 4897 τὸν
3251 4841 3656 4908 Ἑλλήσποντον.

2088 4926 2214 4993 Αὕτη
2244 4926 2340 4997 γὰρ
2364 4925 2692 4980 ἀπεστέλλετο
2717 4925 2834 4996 πρὸς
2859 4923 2971 4986 τοῖις
3003 4925 3326 4995 συμμάχους,
3365 4921 3416 4976 εἴ
3449 4941 3498 4976 τι
3541 4923 3662 4992 βού-

2086 5005 2256 5058 λοιντο
2284 5006 2539 5077 σημαίνειν
2559 5004 2608 5057 οἳ
2645 5004 2912 5071 Ἀθηναῖοι.
2987 5003 3152 5057 ῚἮσαν
3177 5003 3229 5056 δὲ
3257 5003 3315 5056 τὸ
3341 5001 3430 5072 μὲν
3459 5008 3662 5072 πρῶτον

2087 5083 2213 5154 ίεραὶ
2239 5083 2325 5136 δύο
2347 5085 2582 5154 τριήρεις,
2610 5083 2642 5150 ἥ
2685 5102 2738 5136 τε
2777 5082 3083 5152 Σαλαμινία,
3123 5083 3182 5148 ἢν
3211 5081 3296 5134 καὶ
3321 5081 3510 5148 Δηλίαν
3553 5081 3668 5135 ἐκά-

2089 5164 2209 5217 λουν
2223 5203 2242 5230 ,
2272 5163 2355 5217 καὶ
2399 5162 2430 5229 ἡ
2461 5163 2718 5235 Πάραλος,
2761 5162 2960 5232 ὕστερον
2989 5161 3042 5215 δέ
3069 5161 3154 5215 καὶ
3195 5160 3348 5212 ἄλλαι
3385 5163 3522 5232 τρεῖς
3557 5160 3666 5231 ἐγέ-
