<?xml version="1.0" encoding="UTF-8"?>
<!DOCTYPE html PUBLIC "-//W3C//DTD XHTML 1.0 Transitional//EN"
    "http://www.w3.org/TR/xhtml1/DTD/xhtml1-transitional.dtd">
<html xmlns="http://www.w3.org/1999/xhtml" xml:lang="en" lang="en">
 <head>
  <title>
</title>
<meta http-equiv="Content-Type" content="text/html;charset=utf-8" />
  <meta name='ocr-system' content='tesseract 3.04.00' />
  <meta name='ocr-capabilities' content='ocr_page ocr_carea ocr_par ocr_line ocrx_word'/>
</head>
<body>
  <div class='ocr_page' id='page_1' title='image "./oratoresatticia02unkngoog_0199.png"; bbox 0 0 3825 5834; ppageno 0'>
   <div class='ocr_carea' id='block_1_1' title="bbox 229 410 507 506">
    <p class='ocr_par' dir='ltr' id='par_1_1' title="bbox 229 410 507 506">
     <span class='ocr_line' id='line_1_1' title="bbox 229 410 507 506; baseline -0.014 0"><span class='ocrx_word' id='word_1_1' title='bbox 229 421 443 506; x_wconf 77' lang='lat' dir='ltr'><strong>‹···=o=-›</strong></span> <span class='ocrx_word' id='word_1_2' title='bbox 498 410 507 421; x_wconf 86' lang='lat'>·</span> 
     </span>
    </p>
   </div>
   <div class='ocr_carea' id='block_1_2' title="bbox 1119 419 2536 490">
    <p class='ocr_par' dir='ltr' id='par_1_2' title="bbox 1119 419 2536 490">
     <span class='ocr_line' id='line_1_2' title="bbox 1119 419 2536 490; baseline 0.004 -8"><span class='ocrx_word' id='word_1_3' title='bbox 1119 420 1507 484; x_wconf 77' lang='lat' dir='ltr'><strong>mNAncm</strong></span> <span class='ocrx_word' id='word_1_4' title='bbox 1549 421 1671 484; x_wconf 79' lang='lat' dir='ltr'><strong>OB.</strong></span> <span class='ocrx_word' id='word_1_5' title='bbox 1715 419 2030 486; x_wconf 72' lang='lat' dir='ltr'><strong>CONTRA</strong></span> <span class='ocrx_word' id='word_1_6' title='bbox 2067 425 2536 490; x_wconf 73' lang='lat' dir='ltr'><strong>PmLocmM.</strong></span> 
     </span>
    </p>
   </div>
   <div class='ocr_carea' id='block_1_3' title="bbox 3336 445 3436 496">
    <p class='ocr_par' dir='ltr' id='par_1_3' title="bbox 3336 445 3436 496">
     <span class='ocr_line' id='line_1_3' title="bbox 3336 445 3436 496; baseline 0.02 -2"><span class='ocrx_word' id='word_1_7' title='bbox 3336 445 3436 496; x_wconf 66' lang='lat'><strong>281</strong></span> 
     </span>
    </p>
   </div>
   <div class='ocr_carea' id='block_1_4' title="bbox 228 551 3452 636">
    <p class='ocr_par' dir='ltr' id='par_1_4' title="bbox 228 551 3452 636">
     <span class='ocr_line' id='line_1_4' title="bbox 228 551 3452 636; baseline 0.002 -22"><span class='ocrx_word' id='word_1_8' title='bbox 228 557 327 635; x_wconf 74' lang='grc' dir='ltr'><strong>ρῢν</strong></span> <span class='ocrx_word' id='word_1_9' title='bbox 354 553 567 614; x_wconf 69' lang='grc' dir='ltr'>πάντων</span> <span class='ocrx_word' id='word_1_10' title='bbox 595 552 711 636; x_wconf 82' lang='grc' dir='ltr'>τρίς</span> <span class='ocrx_word' id='word_1_11' title='bbox 728 597 747 629; x_wconf 89' lang='grc'>,</span> <span class='ocrx_word' id='word_1_12' title='bbox 773 555 877 634; x_wconf 72' lang='grc' dir='ltr'><strong>οὐχ</strong></span> <span class='ocrx_word' id='word_1_13' title='bbox 912 551 1092 630; x_wconf 74' lang='grc' dir='ltr'>ἅπαξ,</span> <span class='ocrx_word' id='word_1_14' title='bbox 1124 553 1527 634; x_wconf 66' lang='grc' dir='ltr'>ἀποπέφανται,</span> <span class='ocrx_word' id='word_1_15' title='bbox 1553 553 1644 614; x_wconf 82' lang='grc' dir='ltr'><strong>καὶ</strong></span> <span class='ocrx_word' id='word_1_16' title='bbox 1687 554 1799 635; x_wconf 72' lang='grc' dir='ltr'>τρὶς</span> <span class='ocrx_word' id='word_1_17' title='bbox 1882 567 1986 629; x_wconf 77' lang='lat' dir='ltr'><strong>jam</strong></span> <span class='ocrx_word' id='word_1_18' title='bbox 2033 579 2094 618; x_wconf 72' lang='lat' dir='ltr'><strong>ea</strong></span> <span class='ocrx_word' id='word_1_19' title='bbox 2121 579 2212 618; x_wconf 85' lang='lat' dir='ltr'><strong>suo</strong></span> <span class='ocrx_word' id='word_1_20' title='bbox 2240 567 2389 632; x_wconf 73' lang='lat' dir='ltr'><strong>ipsius</strong></span> <span class='ocrx_word' id='word_1_21' title='bbox 2426 569 2593 620; x_wconf 85' lang='lat' dir='ltr'><strong>contra</strong></span> <span class='ocrx_word' id='word_1_22' title='bbox 2615 582 2669 620; x_wconf 79' lang='lat' dir='ltr'><strong>aa</strong></span> <span class='ocrx_word' id='word_1_23' title='bbox 2709 569 2905 622; x_wconf 72' lang='lat' dir='ltr'><strong>decreto</strong></span> <span class='ocrx_word' id='word_1_24' title='bbox 2943 576 3118 624; x_wconf 78' lang='lat' dir='ltr'><strong>morte·</strong></span> <span class='ocrx_word' id='word_1_25' title='bbox 3143 572 3452 626; x_wconf 69' lang='lat' dir='ltr'><strong>mulctandus</strong></span> 
     </span>
    </p>
   </div>
   <div class='ocr_carea' id='block_1_5' title="bbox 114 641 1799 5203">
    <p class='ocr_par' dir='ltr' id='par_1_5' title="bbox 114 641 1799 5203">
     <span class='ocr_line' id='line_1_5' title="bbox 222 641 1797 724; baseline 0 -22"><span class='ocrx_word' id='word_1_26' title='bbox 222 644 325 716; x_wconf 83' lang='grc' dir='ltr'><strong>ἤδη</strong></span> <span class='ocrx_word' id='word_1_27' title='bbox 349 641 565 710; x_wconf 82' lang='grc' dir='ltr'>δικαίως</span> <span class='ocrx_word' id='word_1_28' title='bbox 592 641 955 720; x_wconf 77' lang='grc' dir='ltr'>ἐζημιωμένος</span> <span class='ocrx_word' id='word_1_29' title='bbox 990 642 1199 700; x_wconf 78' lang='grc' dir='ltr'>θανάτω</span> <span class='ocrx_word' id='word_1_30' title='bbox 1226 642 1361 700; x_wconf 79' lang='grc' dir='ltr'>κατὰ</span> <span class='ocrx_word' id='word_1_31' title='bbox 1406 642 1469 702; x_wconf 80' lang='grc' dir='ltr'><strong>τὸ</strong></span> <span class='ocrx_word' id='word_1_32' title='bbox 1497 645 1657 703; x_wconf 77' lang='grc' dir='ltr'>αὗτοῦ</span> <span class='ocrx_word' id='word_1_33' title='bbox 1690 645 1797 724; x_wconf 81' lang='grc' dir='ltr'><strong>ψή-</strong></span> 
     </span>
     <span class='ocr_line' id='line_1_6' title="bbox 222 701 1797 812; baseline -0.001 -21"><span class='ocrx_word' id='word_1_34' title='bbox 222 753 424 812; x_wconf 86' lang='grc' dir='ltr'>φισμα·</span> <span class='ocrx_word' id='word_1_35' title='bbox 410 777 427 806; x_wconf 95' lang='grc'>,</span> <span class='ocrx_word' id='word_1_36' title='bbox 452 731 545 811; x_wconf 79' lang='lat'>(17)</span> <span class='ocrx_word' id='word_1_37' title='bbox 568 731 645 792; x_wconf 86' lang='grc' dir='ltr'><strong>Τί</strong></span> <span class='ocrx_word' id='word_1_38' title='bbox 666 723 755 790; x_wconf 89' lang='grc' dir='ltr'><strong>ουν</strong></span> <span class='ocrx_word' id='word_1_39' title='bbox 780 733 1114 806; x_wconf 75' lang='grc' dir='ltr'>ἀναμενεῖτε,</span> <span class='ocrx_word' id='word_1_40' title='bbox 1144 701 1189 790; x_wconf 61' lang='lat' dir='ltr'><strong>‹¹ss</strong></span> <span class='ocrx_word' id='word_1_41' title='bbox 1218 729 1507 804; x_wconf 67' lang='grc' dir='ltr'>Ἀθηναῖοι,</span> <span class='ocrx_word' id='word_1_42' title='bbox 1549 731 1641 791; x_wconf 79' lang='grc' dir='ltr'><strong>καὶ</strong></span> <span class='ocrx_word' id='word_1_43' title='bbox 1668 735 1797 791; x_wconf 83' lang='grc' dir='ltr'>ποῖα</span> 
     </span>
     <span class='ocr_line' id='line_1_7' title="bbox 220 817 1798 928; baseline 0.001 -51"><span class='ocrx_word' id='word_1_44' title='bbox 220 820 532 896; x_wconf 77' lang='grc' dir='ltr'>ἂδικῆματα</span> <span class='ocrx_word' id='word_1_45' title='bbox 562 821 771 889; x_wconf 79' lang='grc' dir='ltr'>ζητεῖτε</span> <span class='ocrx_word' id='word_1_46' title='bbox 798 817 953 898; x_wconf 78' lang='grc' dir='ltr'>ἔτερα</span> <span class='ocrx_word' id='word_1_47' title='bbox 991 817 1153 896; x_wconf 80' lang='grc' dir='ltr'>μείζω</span> <span class='ocrx_word' id='word_1_48' title='bbox 1188 821 1291 876; x_wconf 79' lang='grc' dir='ltr'><strong>τῶν</strong></span> <span class='ocrx_word' id='word_1_49' title='bbox 1321 819 1607 928; x_wconf 70' lang='grc' dir='ltr'>εἰρημένων</span> <span class='ocrx_word' id='word_1_50' title='bbox 1636 822 1798 878; x_wconf 77' lang='grc' dir='ltr'>ἀκοῦ-</span> 
     </span>
     <span class='ocr_line' id='line_1_8' title="bbox 132 905 1797 986; baseline -0.001 -19"><span class='ocrx_word' id='word_1_51' title='bbox 132 934 195 974; x_wconf 73' lang='lat'><strong>20</strong></span> <span class='ocrx_word' id='word_1_52' title='bbox 220 928 351 982; x_wconf 73' lang='lat'><strong>⁶⁸⁸3</strong></span> <span class='ocrx_word' id='word_1_53' title='bbox 371 909 475 986; x_wconf 75' lang='grc' dir='ltr'><strong>οὔχ</strong></span> <span class='ocrx_word' id='word_1_54' title='bbox 498 910 655 984; x_wconf 58' lang='lat' dir='ltr'><strong>buzi&lt;</strong></span> <span class='ocrx_word' id='word_1_55' title='bbox 679 905 797 966; x_wconf 72' lang='grc' dir='ltr'>ἐστὶ</span> <span class='ocrx_word' id='word_1_56' title='bbox 820 906 917 965; x_wconf 80' lang='grc' dir='ltr'><strong>καὶ</strong></span> <span class='ocrx_word' id='word_1_57' title='bbox 944 908 991 964; x_wconf 80' lang='grc' dir='ltr'><strong>οἱ</strong></span> <span class='ocrx_word' id='word_1_58' title='bbox 1021 905 1264 986; x_wconf 77' lang='grc' dir='ltr'>ὑμέτεροι</span> <span class='ocrx_word' id='word_1_59' title='bbox 1286 908 1529 986; x_wconf 80' lang='grc' dir='ltr'>πρόγονοι</span> <span class='ocrx_word' id='word_1_60' title='bbox 1554 908 1797 986; x_wconf 74' lang='grc' dir='ltr'>οἱ·Τιμο-</span> 
     </span>
     <span class='ocr_line' id='line_1_9' title="bbox 215 992 1793 1077; baseline -0.003 -21"><span class='ocrx_word' id='word_1_61' title='bbox 215 994 325 1077; x_wconf 71' lang='grc' dir='ltr'><strong>θέω</strong></span> <span class='ocrx_word' id='word_1_62' title='bbox 352 993 757 1066; x_wconf 80' lang='grc' dir='ltr'>Πελοπόννησον</span> <span class='ocrx_word' id='word_1_63' title='bbox 783 993 1194 1074; x_wconf 75' lang='grc' dir='ltr'>περιπλεύσαντι</span> <span class='ocrx_word' id='word_1_64' title='bbox 1220 993 1311 1053; x_wconf 77' lang='grc' dir='ltr'><strong>καὶ</strong></span> <span class='ocrx_word' id='word_1_65' title='bbox 1332 995 1430 1065; x_wconf 82' lang='grc' dir='ltr'><strong>τὴν</strong></span> <span class='ocrx_word' id='word_1_66' title='bbox 1468 995 1521 1054; x_wconf 71' lang='grc' dir='ltr'><strong>ἰν</strong></span> <span class='ocrx_word' id='word_1_67' title='bbox 1548 992 1793 1075; x_wconf 69' lang='grc' dir='ltr'>Κερκύρᾳ</span> 
     </span>
     <span class='ocr_line' id='line_1_10' title="bbox 210 1081 1799 1162; baseline 0 -20"><span class='ocrx_word' id='word_1_68' title='bbox 210 1083 525 1162; x_wconf 77' lang='grc' dir='ltr'><strong>ναυμαχίαν</strong></span> <span class='ocrx_word' id='word_1_69' title='bbox 557 1081 1001 1159; x_wconf 73' lang='grc' dir='ltr'>Λακεδαιμονίους</span> <span class='ocrx_word' id='word_1_70' title='bbox 1022 1081 1294 1154; x_wconf 77' lang='grc' dir='ltr'>νικήσαντι</span> <span class='ocrx_word' id='word_1_71' title='bbox 1312 1083 1403 1141; x_wconf 77' lang='grc' dir='ltr'><strong>καὶ</strong></span> <span class='ocrx_word' id='word_1_72' title='bbox 1436 1082 1677 1144; x_wconf 72' lang='grc' dir='ltr'>Κόνωνος</span> <span class='ocrx_word' id='word_1_73' title='bbox 1695 1083 1799 1142; x_wconf 76' lang='grc' dir='ltr'>υἱεῖ</span> 
     </span>
     <span class='ocr_line' id='line_1_11' title="bbox 212 1168 1795 1249; baseline 0 -19"><span class='ocrx_word' id='word_1_74' title='bbox 212 1177 309 1230; x_wconf 79' lang='grc' dir='ltr'><strong>τοῦ</strong></span> <span class='ocrx_word' id='word_1_75' title='bbox 340 1169 463 1237; x_wconf 70' lang='grc' dir='ltr'>τοὺς</span> <span class='ocrx_word' id='word_1_76' title='bbox 488 1168 763 1241; x_wconf 81' lang='grc' dir='ltr'>Ἕλληνας</span> <span class='ocrx_word' id='word_1_77' title='bbox 785 1168 1223 1249; x_wconf 73' lang='grc' dir='ltr'>ἐλευθερώσαντος</span> <span class='ocrx_word' id='word_1_78' title='bbox 1244 1170 1335 1228; x_wconf 78' lang='grc' dir='ltr'><strong>καὶ</strong></span> <span class='ocrx_word' id='word_1_79' title='bbox 1362 1170 1547 1248; x_wconf 76' lang='grc' dir='ltr'>Σάμον</span> <span class='ocrx_word' id='word_1_80' title='bbox 1580 1169 1795 1230; x_wconf 75' lang='grc' dir='ltr'>λαὸόντι</span> 
     </span>
     <span class='ocr_line' id='line_1_12' title="bbox 214 1256 1796 1338; baseline -0.001 -20"><span class='ocrx_word' id='word_1_81' title='bbox 214 1260 313 1318; x_wconf 78' lang='grc' dir='ltr'><strong>καὶ</strong></span> <span class='ocrx_word' id='word_1_82' title='bbox 363 1257 625 1330; x_wconf 83' lang='grc' dir='ltr'>Μεθώνην</span> <span class='ocrx_word' id='word_1_83' title='bbox 675 1257 767 1316; x_wconf 76' lang='grc' dir='ltr'><strong>καὶ</strong></span> <span class='ocrx_word' id='word_1_84' title='bbox 794 1256 1006 1316; x_wconf 81' lang='grc' dir='ltr'>Πύδναν</span> <span class='ocrx_word' id='word_1_85' title='bbox 1060 1256 1151 1316; x_wconf 75' lang='grc' dir='ltr'><strong>καὶ</strong></span> <span class='ocrx_word' id='word_1_86' title='bbox 1194 1257 1482 1318; x_wconf 78' lang='grc' dir='ltr'>Ποτίδαιαν</span> <span class='ocrx_word' id='word_1_87' title='bbox 1522 1257 1612 1316; x_wconf 78' lang='grc' dir='ltr'><strong>καὶ</strong></span> <span class='ocrx_word' id='word_1_88' title='bbox 1668 1257 1796 1338; x_wconf 86' lang='grc' dir='ltr'>πρὸς</span> 
     </span>
     <span class='ocr_line' id='line_1_13' title="bbox 216 1343 1793 1428; baseline 0 -24"><span class='ocrx_word' id='word_1_89' title='bbox 216 1347 443 1415; x_wconf 78' lang='grc' dir='ltr'>ταύταις</span> <span class='ocrx_word' id='word_1_90' title='bbox 490 1345 670 1428; x_wconf 75' lang='grc' dir='ltr'>ἑτέρας</span> <span class='ocrx_word' id='word_1_91' title='bbox 697 1343 861 1404; x_wconf 79' lang='grc' dir='ltr'>εἴκοσι</span> <span class='ocrx_word' id='word_1_92' title='bbox 901 1347 1076 1410; x_wconf 84' lang='grc' dir='ltr'>πόλεις</span> <span class='ocrx_word' id='word_1_93' title='bbox 1091 1391 1107 1418; x_wconf 92' lang='grc'>,</span> <span class='ocrx_word' id='word_1_94' title='bbox 1140 1343 1285 1404; x_wconf 77' lang='grc' dir='ltr'>οὐδὲν</span> <span class='ocrx_word' id='word_1_95' title='bbox 1315 1345 1510 1405; x_wconf 86' lang='grc' dir='ltr'>τούτων</span> <span class='ocrx_word' id='word_1_96' title='bbox 1542 1346 1793 1425; x_wconf 79' lang='grc' dir='ltr'>ὗπόλογον</span> 
     </span>
     <span class='ocr_line' id='line_1_14' title="bbox 214 1432 1792 1514; baseline -0.003 -18"><span class='ocrx_word' id='word_1_97' title='bbox 214 1435 603 1510; x_wconf 73' lang='grc' dir='ltr'>ποιησάμενοι,</span> <span class='ocrx_word' id='word_1_98' title='bbox 627 1433 745 1493; x_wconf 71' lang='grc' dir='ltr'>οὐδὲ</span> <span class='ocrx_word' id='word_1_99' title='bbox 764 1437 855 1506; x_wconf 73' lang='grc' dir='ltr'><strong>-ιῆς</strong></span> <span class='ocrx_word' id='word_1_100' title='bbox 874 1433 993 1493; x_wconf 86' lang='grc' dir='ltr'>τότε</span> <span class='ocrx_word' id='word_1_101' title='bbox 1021 1432 1310 1506; x_wconf 77' lang='grc' dir='ltr'>ἐνεστώσης</span> <span class='ocrx_word' id='word_1_102' title='bbox 1333 1435 1551 1514; x_wconf 85' lang='grc' dir='ltr'>κρίσεως</span> <span class='ocrx_word' id='word_1_103' title='bbox 1574 1433 1665 1493; x_wconf 72' lang='grc' dir='ltr'><strong>καὶ</strong></span> <span class='ocrx_word' id='word_1_104' title='bbox 1688 1437 1792 1492; x_wconf 81' lang='grc' dir='ltr'><strong>τῶν</strong></span> 
     </span>
     <span class='ocr_line' id='line_1_15' title="bbox 126 1519 1797 1604; baseline -0.004 -19"><span class='ocrx_word' id='word_1_105' title='bbox 126 1546 187 1585; x_wconf 63' lang='lat' dir='ltr'>s</span> <span class='ocrx_word' id='word_1_106' title='bbox 212 1527 393 1604; x_wconf 75' lang='grc' dir='ltr'>ὅρκων</span> <span class='ocrx_word' id='word_1_107' title='bbox 420 1523 509 1590; x_wconf 71' lang='grc' dir='ltr'><strong>οὓς</strong></span> <span class='ocrx_word' id='word_1_108' title='bbox 528 1522 865 1600; x_wconf 73' lang='grc' dir='ltr'>ὀμωμοκότες</span> <span class='ocrx_word' id='word_1_109' title='bbox 892 1521 1073 1604; x_wconf 80' lang='grc' dir='ltr'>φέρετε</span> <span class='ocrx_word' id='word_1_110' title='bbox 1094 1519 1190 1593; x_wconf 76' lang='grc' dir='ltr'><strong>τὴν</strong></span> <span class='ocrx_word' id='word_1_111' title='bbox 1213 1523 1384 1604; x_wconf 74' lang='grc' dir='ltr'>ψῆφον</span> <span class='ocrx_word' id='word_1_112' title='bbox 1412 1523 1797 1581; x_wconf 78' lang='grc' dir='ltr'>ἀντικαταλλα-</span> 
     </span>
     <span class='ocr_line' id='line_1_16' title="bbox 212 1609 1797 1690; baseline -0.003 -18"><span class='ocrx_word' id='word_1_113' title='bbox 212 1615 435 1690; x_wconf 76' lang='grc' dir='ltr'>ξάμενοι</span> <span class='ocrx_word' id='word_1_114' title='bbox 456 1611 553 1678; x_wconf 69' lang='grc' dir='ltr'><strong>τὰς</strong></span> <span class='ocrx_word' id='word_1_115' title='bbox 572 1609 891 1684; x_wconf 80' lang='grc' dir='ltr'>τηλικαύτας</span> <span class='ocrx_word' id='word_1_116' title='bbox 908 1609 1201 1690; x_wconf 75' lang='grc' dir='ltr'>εὐεργεσίας</span> <span class='ocrx_word' id='word_1_117' title='bbox 1215 1655 1231 1684; x_wconf 92' lang='grc'>,</span> <span class='ocrx_word' id='word_1_118' title='bbox 1258 1611 1373 1668; x_wconf 78' lang='grc' dir='ltr'>ἀλλ’</span> <span class='ocrx_word' id='word_1_119' title='bbox 1397 1610 1582 1669; x_wconf 76' lang='grc' dir='ltr'>ἑκατὸν</span> <span class='ocrx_word' id='word_1_120' title='bbox 1609 1609 1797 1669; x_wconf 76' lang='grc' dir='ltr'>ταλάν-</span> 
     </span>
     <span class='ocr_line' id='line_1_17' title="bbox 208 1697 1793 1806; baseline -0.003 -45"><span class='ocrx_word' id='word_1_121' title='bbox 208 1725 323 1761; x_wconf 75' lang='grc' dir='ltr'><strong>των</strong></span> <span class='ocrx_word' id='word_1_122' title='bbox 362 1699 711 1777; x_wconf 73' lang='grc' dir='ltr'>τιμήσαντες,</span> <span class='ocrx_word' id='word_1_123' title='bbox 763 1701 847 1757; x_wconf 78' lang='grc' dir='ltr'><strong>ὅτι</strong></span> <span class='ocrx_word' id='word_1_124' title='bbox 877 1697 1112 1779; x_wconf 82' lang='grc' dir='ltr'>χρήματ’</span> <span class='ocrx_word' id='word_1_125' title='bbox 1152 1699 1310 1757; x_wconf 77' lang='grc' dir='ltr'>αὐτὸν</span> <span class='ocrx_word' id='word_1_126' title='bbox 1352 1697 1665 1779; x_wconf 74' lang='grc' dir='ltr'>Ἀριστοφῶν</span> <span class='ocrx_word' id='word_1_127' title='bbox 1695 1697 1793 1806; x_wconf 79' lang='grc' dir='ltr'><strong>ἔφη</strong></span> 
     </span>
     <span class='ocr_line' id='line_1_18' title="bbox 210 1785 1795 1870; baseline -0.004 -20"><span class='ocrx_word' id='word_1_128' title='bbox 210 1788 369 1870; x_wconf 80' lang='grc' dir='ltr'><strong>παρᾶ</strong></span> <span class='ocrx_word' id='word_1_129' title='bbox 398 1787 551 1850; x_wconf 81' lang='grc' dir='ltr'>Χίων</span> <span class='ocrx_word' id='word_1_130' title='bbox 574 1785 839 1868; x_wconf 78' lang='grc' dir='ltr'>εἰληφέναι</span> <span class='ocrx_word' id='word_1_131' title='bbox 862 1787 952 1846; x_wconf 81' lang='grc' dir='ltr'><strong>καὶ</strong></span> <span class='ocrx_word' id='word_1_132' title='bbox 980 1786 1235 1858; x_wconf 86' lang='grc' dir='ltr'>Ῥοδίων;</span> <span class='ocrx_word' id='word_1_133' title='bbox 1270 1785 1363 1868; x_wconf 77' lang='grc' dir='ltr'>(ιε)</span> <span class='ocrx_word' id='word_1_134' title='bbox 1392 1785 1499 1846; x_wconf 82' lang='grc' dir='ltr'><strong>Τὸν</strong></span> <span class='ocrx_word' id='word_1_135' title='bbox 1525 1785 1579 1844; x_wconf 79' lang='grc' dir='ltr'><strong>δὲ</strong></span> <span class='ocrx_word' id='word_1_136' title='bbox 1606 1787 1795 1864; x_wconf 87' lang='grc' dir='ltr'>μιαρὸν</span> 
     </span>
     <span class='ocr_line' id='line_1_19' title="bbox 214 1865 1789 1956; baseline -0.003 -20"><span class='ocrx_word' id='word_1_137' title='bbox 214 1877 505 1956; x_wconf 72' lang='grc' dir='ltr'>ἄνθρωπον</span> <span class='ocrx_word' id='word_1_138' title='bbox 530 1876 624 1934; x_wconf 73' lang='grc' dir='ltr'><strong>καὶ</strong></span> <span class='ocrx_word' id='word_1_139' title='bbox 659 1873 953 1954; x_wconf 81' lang='grc' dir='ltr'>προδότην,</span> <span class='ocrx_word' id='word_1_140' title='bbox 984 1872 1040 1932; x_wconf 79' lang='grc' dir='ltr'><strong>ὃν</strong></span> <span class='ocrx_word' id='word_1_141' title='bbox 1064 1876 1164 1953; x_wconf 83' lang='grc' dir='ltr'><strong>οὔχ</strong></span> <span class='ocrx_word' id='word_1_142' title='bbox 1196 1865 1269 1940; x_wconf 74' lang='grc' dir='ltr'><strong>εἷς</strong></span> <span class='ocrx_word' id='word_1_143' title='bbox 1291 1873 1423 1954; x_wconf 75' lang='grc' dir='ltr'>ἀνὴρ</span> <span class='ocrx_word' id='word_1_144' title='bbox 1464 1872 1600 1932; x_wconf 78' lang='grc' dir='ltr'>ἀλλὰ</span> <span class='ocrx_word' id='word_1_145' title='bbox 1642 1883 1789 1932; x_wconf 74' lang='grc' dir='ltr'>πᾶσα</span> 
     </span>
     <span class='ocr_line' id='line_1_20' title="bbox 212 1960 1797 2044; baseline -0.001 -22"><span class='ocrx_word' id='word_1_146' title='bbox 212 1969 251 2036; x_wconf 81' lang='grc' dir='ltr'>ἡ</span> <span class='ocrx_word' id='word_1_147' title='bbox 274 1963 333 2032; x_wconf 76' lang='grc' dir='ltr'><strong>ἕξ</strong></span> <span class='ocrx_word' id='word_1_148' title='bbox 359 1962 559 2044; x_wconf 80' lang='grc' dir='ltr'>Ἀρείου</span> <span class='ocrx_word' id='word_1_149' title='bbox 582 1961 752 2040; x_wconf 78' lang='grc' dir='ltr'>πάγου</span> <span class='ocrx_word' id='word_1_150' title='bbox 785 1960 947 2042; x_wconf 83' lang='grc' dir='ltr'>βουλὴ</span> <span class='ocrx_word' id='word_1_151' title='bbox 983 1960 1261 2033; x_wconf 86' lang='grc' dir='ltr'>ζητησασα</span> <span class='ocrx_word' id='word_1_152' title='bbox 1303 1961 1645 2042; x_wconf 70' lang='grc' dir='ltr'>ἀποπέφαγκε</span> <span class='ocrx_word' id='word_1_153' title='bbox 1669 1961 1797 2042; x_wconf 74' lang='grc' dir='ltr'>χρή-</span> 
     </span>
     <span class='ocr_line' id='line_1_21' title="bbox 210 2017 1796 2132; baseline -0.002 -22"><span class='ocrx_word' id='word_1_154' title='bbox 210 2053 353 2128; x_wconf 86' lang='grc' dir='ltr'>ματ’</span> <span class='ocrx_word' id='word_1_155' title='bbox 398 2051 541 2132; x_wconf 73' lang='grc' dir='ltr'>ἔχειν</span> <span class='ocrx_word' id='word_1_156' title='bbox 592 2017 709 2108; x_wconf 87' lang='grc' dir='ltr'>καθ’</span> <span class='ocrx_word' id='word_1_157' title='bbox 762 2052 941 2125; x_wconf 79' lang='grc' dir='ltr'>ὑμῶν,</span> <span class='ocrx_word' id='word_1_158' title='bbox 969 2047 1023 2116; x_wconf 81' lang='grc' dir='ltr'><strong>ὃς</strong></span> <span class='ocrx_word' id='word_1_159' title='bbox 1080 2048 1261 2109; x_wconf 85' lang='grc' dir='ltr'>οὗσίαν</span> <span class='ocrx_word' id='word_1_160' title='bbox 1305 2047 1443 2128; x_wconf 82' lang='grc' dir='ltr'>ἔχων</span> <span class='ocrx_word' id='word_1_161' title='bbox 1471 2047 1671 2120; x_wconf 84' lang='grc' dir='ltr'>πολλὴν</span> <span class='ocrx_word' id='word_1_162' title='bbox 1705 2047 1796 2107; x_wconf 80' lang='grc' dir='ltr'><strong>καὶ</strong></span> 
     </span>
     <span class='ocr_line' id='line_1_22' title="bbox 210 2135 1793 2217; baseline -0.003 -19"><span class='ocrx_word' id='word_1_163' title='bbox 210 2139 502 2198; x_wconf 79' lang='grc' dir='ltr'>παίδωνά</span> <span class='ocrx_word' id='word_1_164' title='bbox 538 2137 699 2217; x_wconf 86' lang='grc' dir='ltr'>ρένων</span> <span class='ocrx_word' id='word_1_165' title='bbox 734 2138 829 2196; x_wconf 80' lang='grc' dir='ltr'><strong>οὐκ</strong></span> <span class='ocrx_word' id='word_1_166' title='bbox 856 2136 1020 2196; x_wconf 79' lang='grc' dir='ltr'>ὄντων</span> <span class='ocrx_word' id='word_1_167' title='bbox 1054 2140 1197 2217; x_wconf 73' lang='grc' dir='ltr'>αὑτῷ</span> <span class='ocrx_word' id='word_1_168' title='bbox 1217 2181 1234 2210; x_wconf 95' lang='grc'>,</span> <span class='ocrx_word' id='word_1_169' title='bbox 1268 2135 1359 2195; x_wconf 80' lang='grc' dir='ltr'><strong>καὶ</strong></span> <span class='ocrx_word' id='word_1_170' title='bbox 1392 2136 1593 2204; x_wconf 75' lang='grc' dir='ltr'>οὐδενὸς</span> <span class='ocrx_word' id='word_1_171' title='bbox 1634 2136 1793 2196; x_wconf 78' lang='grc' dir='ltr'>ἄλλου</span> 
     </span>
     <span class='ocr_line' id='line_1_23' title="bbox 124 2162 1796 2306; baseline 0 -22"><span class='ocrx_word' id='word_1_172' title='bbox 124 2243 183 2284; x_wconf 68' lang='grc' dir='ltr'>ω</span> <span class='ocrx_word' id='word_1_173' title='bbox 212 2229 469 2304; x_wconf 67' lang='grc' dir='ltr'>δεόμενος</span> <span class='ocrx_word' id='word_1_174' title='bbox 489 2162 561 2284; x_wconf 67' lang='grc' dir='ltr'><em>ἕ</em></span> <span class='ocrx_word' id='word_1_175' title='bbox 582 2225 645 2284; x_wconf 76' lang='grc' dir='ltr'><strong>ἂν</strong></span> <span class='ocrx_word' id='word_1_176' title='bbox 666 2225 937 2305; x_wconf 82' lang='grc' dir='ltr'>ἄνθρωπος</span> <span class='ocrx_word' id='word_1_177' title='bbox 958 2224 1163 2306; x_wconf 83' lang='grc' dir='ltr'>μέτριος</span> <span class='ocrx_word' id='word_1_178' title='bbox 1186 2223 1796 2304; x_wconf 77' lang='grc' dir='ltr'>δεηθείη,οὖκάπέσχετο</span> 
     </span>
     <span class='ocr_line' id='line_1_24' title="bbox 214 2312 1797 2397; baseline -0.001 -25"><span class='ocrx_word' id='word_1_179' title='bbox 214 2313 525 2397; x_wconf 73' lang='grc' dir='ltr'>χρημάτων</span> <span class='ocrx_word' id='word_1_180' title='bbox 552 2312 833 2390; x_wconf 82' lang='grc' dir='ltr'>διδομένων</span> <span class='ocrx_word' id='word_1_181' title='bbox 851 2312 989 2372; x_wconf 79' lang='grc' dir='ltr'>κατὰ</span> <span class='ocrx_word' id='word_1_182' title='bbox 1012 2318 1107 2386; x_wconf 78' lang='grc' dir='ltr'><strong>τῆς</strong></span> <span class='ocrx_word' id='word_1_183' title='bbox 1134 2313 1411 2394; x_wconf 79' lang='grc' dir='ltr'>πατρίδος,</span> <span class='ocrx_word' id='word_1_184' title='bbox 1436 2315 1543 2372; x_wconf 82' lang='grc' dir='ltr'>οὔδ’</span> <span class='ocrx_word' id='word_1_185' title='bbox 1566 2312 1797 2392; x_wconf 82' lang='grc' dir='ltr'>ἀπεκρύ-</span> 
     </span>
     <span class='ocr_line' id='line_1_25' title="bbox 212 2401 1793 2486; baseline -0.003 -23"><span class='ocrx_word' id='word_1_186' title='bbox 212 2410 367 2486; x_wconf 81' lang='grc' dir='ltr'>ψατο</span> <span class='ocrx_word' id='word_1_187' title='bbox 394 2403 491 2475; x_wconf 71' lang='grc' dir='ltr'><strong>τὴν</strong></span> <span class='ocrx_word' id='word_1_188' title='bbox 522 2401 749 2483; x_wconf 86' lang='grc' dir='ltr'>ἔμφυτον</span> <span class='ocrx_word' id='word_1_189' title='bbox 786 2401 1067 2481; x_wconf 87' lang='grc' dir='ltr'>πονηρίαν,</span> <span class='ocrx_word' id='word_1_190' title='bbox 1098 2403 1215 2459; x_wconf 79' lang='grc' dir='ltr'>ἀλλ’</span> <span class='ocrx_word' id='word_1_191' title='bbox 1260 2402 1431 2460; x_wconf 75' lang='grc' dir='ltr'>ἀνεῖλε</span> <span class='ocrx_word' id='word_1_192' title='bbox 1478 2411 1655 2460; x_wconf 75' lang='grc' dir='ltr'>πᾶσαν</span> <span class='ocrx_word' id='word_1_193' title='bbox 1698 2401 1793 2472; x_wconf 72' lang='grc' dir='ltr'><strong>τὴν</strong></span> 
     </span>
     <span class='ocr_line' id='line_1_26' title="bbox 206 2480 1788 2571; baseline -0.002 -22"><span class='ocrx_word' id='word_1_194' title='bbox 206 2491 575 2571; x_wconf 78' lang='grc' dir='ltr'>γεγενημένην</span> <span class='ocrx_word' id='word_1_195' title='bbox 624 2491 769 2569; x_wconf 77' lang='grc' dir='ltr'>αὑτῷ</span> <span class='ocrx_word' id='word_1_196' title='bbox 810 2489 939 2567; x_wconf 82' lang='grc' dir='ltr'>πρὸς</span> <span class='ocrx_word' id='word_1_197' title='bbox 965 2491 1101 2565; x_wconf 72' lang='grc' dir='ltr'>ὑμᾶς</span> <span class='ocrx_word' id='word_1_198' title='bbox 1132 2489 1342 2560; x_wconf 84' lang='grc' dir='ltr'>πίστιν,</span> <span class='ocrx_word' id='word_1_199' title='bbox 1374 2511 1463 2546; x_wconf 90' lang='grc' dir='ltr'><strong>και</strong></span> <span class='ocrx_word' id='word_1_200' title='bbox 1486 2480 1559 2554; x_wconf 71' lang='grc' dir='ltr'><strong>οἷς</strong></span> <span class='ocrx_word' id='word_1_201' title='bbox 1596 2487 1788 2567; x_wconf 85' lang='grc' dir='ltr'>πρότε-</span> 
     </span>
     <span class='ocr_line' id='line_1_27' title="bbox 214 2573 1793 2659; baseline -0.003 -22"><span class='ocrx_word' id='word_1_202' title='bbox 214 2603 311 2658; x_wconf 87' lang='grc' dir='ltr'><strong>ρον</strong></span> <span class='ocrx_word' id='word_1_203' title='bbox 344 2579 445 2659; x_wconf 74' lang='grc' dir='ltr'><strong>ἔφη</strong></span> <span class='ocrx_word' id='word_1_204' title='bbox 472 2575 841 2657; x_wconf 80' lang='grc' dir='ltr'>διαφέρεσθαι,</span> <span class='ocrx_word' id='word_1_205' title='bbox 878 2577 1005 2656; x_wconf 81' lang='grc' dir='ltr'>πρὸς</span> <span class='ocrx_word' id='word_1_206' title='bbox 1044 2573 1253 2642; x_wconf 81' lang='grc' dir='ltr'>τούτους</span> <span class='ocrx_word' id='word_1_207' title='bbox 1279 2574 1454 2644; x_wconf 77' lang='grc' dir='ltr'>ἔταξεν</span> <span class='ocrx_word' id='word_1_208' title='bbox 1480 2575 1670 2650; x_wconf 80' lang='grc' dir='ltr'>αὑτόν,</span> <span class='ocrx_word' id='word_1_209' title='bbox 1700 2575 1793 2635; x_wconf 78' lang='grc' dir='ltr'><strong>καὶ</strong></span> 
     </span>
     <span class='ocr_line' id='line_1_28' title="bbox 212 2662 1792 2744; baseline -0.001 -20"><span class='ocrx_word' id='word_1_210' title='bbox 212 2664 589 2744; x_wconf 61' lang='grc' dir='ltr'>ἐξηλεγξεντὶ</span> <span class='ocrx_word' id='word_1_211' title='bbox 580 2687 620 2735; x_wconf 78' lang='grc' dir='ltr'><strong>,ν</strong></span> <span class='ocrx_word' id='word_1_212' title='bbox 662 2662 1014 2744; x_wconf 82' lang='grc' dir='ltr'>προσποίητον</span> <span class='ocrx_word' id='word_1_213' title='bbox 1044 2663 1436 2742; x_wconf 82' lang='grc' dir='ltr'>καλοκαγαθίαν</span> <span class='ocrx_word' id='word_1_214' title='bbox 1486 2663 1565 2722; x_wconf 76' lang='grc' dir='ltr'><strong>ὅτι</strong></span> <span class='ocrx_word' id='word_1_215' title='bbox 1598 2665 1792 2744; x_wconf 77' lang='grc' dir='ltr'>ψευδὴς</span> 
     </span>
     <span class='ocr_line' id='line_1_29' title="bbox 134 2837 1796 2920; baseline -0.002 -18"><span class='ocrx_word' id='word_1_216' title='bbox 134 2863 187 2902; x_wconf 72' lang='lat'><strong>³5</strong></span> <span class='ocrx_word' id='word_1_217' title='bbox 298 2839 465 2902; x_wconf 71' lang='lat' dir='ltr'><strong>1⁹·‘A</strong></span> <span class='ocrx_word' id='word_1_218' title='bbox 515 2837 621 2920; x_wconf 74' lang='grc' dir='ltr'>χρὴ</span> <span class='ocrx_word' id='word_1_219' title='bbox 649 2837 1024 2918; x_wconf 79' lang='grc' dir='ltr'>λογισαμένους</span> <span class='ocrx_word' id='word_1_220' title='bbox 1068 2841 1204 2916; x_wconf 76' lang='grc' dir='ltr'>ὑμᾶς</span> <span class='ocrx_word' id='word_1_221' title='bbox 1222 2883 1237 2911; x_wconf 86' lang='grc'>,</span> <span class='ocrx_word' id='word_1_222' title='bbox 1284 2865 1329 2898; x_wconf 86' lang='grc' dir='ltr'>ω</span> <span class='ocrx_word' id='word_1_223' title='bbox 1362 2839 1659 2912; x_wconf 78' lang='grc' dir='ltr'>Ἀθηναῖοι,</span> <span class='ocrx_word' id='word_1_224' title='bbox 1706 2839 1796 2899; x_wconf 84' lang='grc' dir='ltr'><strong>καὶ</strong></span> 
     </span>
     <span class='ocr_line' id='line_1_30' title="bbox 211 2924 1793 3006; baseline -0.001 -18"><span class='ocrx_word' id='word_1_225' title='bbox 211 2931 327 2988; x_wconf 76' lang='grc' dir='ltr'><strong>τῶν</strong></span> <span class='ocrx_word' id='word_1_226' title='bbox 356 2927 634 3006; x_wconf 78' lang='grc' dir='ltr'>παρόντων</span> <span class='ocrx_word' id='word_1_227' title='bbox 663 2927 859 3006; x_wconf 79' lang='grc' dir='ltr'>καιρῶν</span> <span class='ocrx_word' id='word_1_228' title='bbox 890 2924 1343 3002; x_wconf 79' lang='grc' dir='ltr'>αναμνησθέντας,</span> <span class='ocrx_word' id='word_1_229' title='bbox 1386 2925 1437 2985; x_wconf 77' lang='grc' dir='ltr'><strong>οἳ</strong></span> <span class='ocrx_word' id='word_1_230' title='bbox 1482 2925 1704 2993; x_wconf 82' lang='grc' dir='ltr'>πίστεως</span> <span class='ocrx_word' id='word_1_231' title='bbox 1735 2928 1793 2986; x_wconf 76' lang='grc' dir='ltr'><strong>οὔ</strong></span> 
     </span>
     <span class='ocr_line' id='line_1_31' title="bbox 213 3013 1797 3098; baseline -0.001 -22"><span class='ocrx_word' id='word_1_232' title='bbox 213 3014 603 3098; x_wconf 82' lang='grc' dir='ltr'>δωροδοκίας</span> <span class='ocrx_word' id='word_1_233' title='bbox 573 3013 804 3086; x_wconf 83' lang='grc' dir='ltr'>οέονται,</span> <span class='ocrx_word' id='word_1_234' title='bbox 837 3017 1007 3090; x_wconf 85' lang='grc' dir='ltr'>μισεῖν</span> <span class='ocrx_word' id='word_1_235' title='bbox 1035 3013 1153 3082; x_wconf 90' lang='grc' dir='ltr'>τους</span> <span class='ocrx_word' id='word_1_236' title='bbox 1188 3013 1477 3094; x_wconf 87' lang='grc' dir='ltr'>πονηρούς,</span> <span class='ocrx_word' id='word_1_237' title='bbox 1510 3015 1707 3072; x_wconf 88' lang='grc' dir='ltr'>ανελεῑν</span> <span class='ocrx_word' id='word_1_238' title='bbox 1738 3017 1797 3074; x_wconf 82' lang='grc' dir='ltr'>ἐκ</span> 
     </span>
     <span class='ocr_line' id='line_1_32' title="bbox 209 3100 1795 3183; baseline -0.001 -19"><span class='ocrx_word' id='word_1_239' title='bbox 209 3110 313 3178; x_wconf 79' lang='grc' dir='ltr'><strong>τῆς</strong></span> <span class='ocrx_word' id='word_1_240' title='bbox 340 3103 609 3169; x_wconf 80' lang='grc' dir='ltr'>πολιτείας</span> <span class='ocrx_word' id='word_1_241' title='bbox 646 3100 711 3160; x_wconf 71' lang='grc' dir='ltr'><strong>τὰ</strong></span> <span class='ocrx_word' id='word_1_242' title='bbox 744 3106 961 3161; x_wconf 80' lang='grc' dir='ltr'>τοιαῦτα</span> <span class='ocrx_word' id='word_1_243' title='bbox 993 3103 1179 3183; x_wconf 81' lang='grc' dir='ltr'>θηρία,</span> <span class='ocrx_word' id='word_1_244' title='bbox 1203 3104 1293 3162; x_wconf 78' lang='grc' dir='ltr'><strong>καὶ</strong></span> <span class='ocrx_word' id='word_1_245' title='bbox 1316 3103 1479 3172; x_wconf 80' lang='grc' dir='ltr'>δεῖξαι</span> <span class='ocrx_word' id='word_1_246' title='bbox 1511 3111 1671 3162; x_wconf 77' lang='grc' dir='ltr'>πᾶσιν</span> <span class='ocrx_word' id='word_1_247' title='bbox 1699 3109 1795 3162; x_wconf 78' lang='grc' dir='ltr'>ἀν·-</span> 
     </span>
     <span class='ocr_line' id='line_1_33' title="bbox 210 3189 1797 3272; baseline -0.002 -20"><span class='ocrx_word' id='word_1_248' title='bbox 210 3191 451 3272; x_wconf 78' lang='grc' dir='ltr'>θρώποις</span> <span class='ocrx_word' id='word_1_249' title='bbox 497 3189 579 3249; x_wconf 76' lang='grc' dir='ltr'><strong>ὅτι</strong></span> <span class='ocrx_word' id='word_1_250' title='bbox 620 3193 681 3250; x_wconf 78' lang='grc' dir='ltr'><strong>οὗ</strong></span> <span class='ocrx_word' id='word_1_251' title='bbox 730 3189 1128 3270; x_wconf 75' lang='grc' dir='ltr'>συνδιέφθαρται</span> <span class='ocrx_word' id='word_1_252' title='bbox 1169 3189 1231 3248; x_wconf 73' lang='grc' dir='ltr'><strong>τὸ</strong></span> <span class='ocrx_word' id='word_1_253' title='bbox 1268 3195 1357 3250; x_wconf 76' lang='grc' dir='ltr'><strong>τοῦ</strong></span> <span class='ocrx_word' id='word_1_254' title='bbox 1388 3190 1563 3266; x_wconf 78' lang='grc' dir='ltr'>δήμου</span> <span class='ocrx_word' id='word_1_255' title='bbox 1602 3190 1797 3260; x_wconf 73' lang='grc' dir='ltr'>πλῆθος</span> 
     </span>
     <span class='ocr_line' id='line_1_34' title="bbox 208 3277 1797 3361; baseline -0.001 -22"><span class='ocrx_word' id='word_1_256' title='bbox 208 3285 323 3339; x_wconf 73' lang='grc' dir='ltr'><strong>τῶν</strong></span> <span class='ocrx_word' id='word_1_257' title='bbox 350 3279 587 3361; x_wconf 74' lang='grc' dir='ltr'>ρητόρων</span> <span class='ocrx_word' id='word_1_258' title='bbox 612 3277 705 3338; x_wconf 76' lang='grc' dir='ltr'><strong>καὶ</strong></span> <span class='ocrx_word' id='word_1_259' title='bbox 727 3281 849 3336; x_wconf 72' lang='grc' dir='ltr'>’τῶν</span> <span class='ocrx_word' id='word_1_260' title='bbox 878 3281 1191 3359; x_wconf 80' lang='grc' dir='ltr'>στρατηγῶν</span> <span class='ocrx_word' id='word_1_261' title='bbox 1214 3301 1349 3338; x_wconf 88' lang='grc' dir='ltr'>τισιν</span> <span class='ocrx_word' id='word_1_262' title='bbox 1367 3323 1383 3352; x_wconf 91' lang='grc'>,</span> <span class='ocrx_word' id='word_1_263' title='bbox 1418 3279 1534 3338; x_wconf 72' lang='grc' dir='ltr'>οὐδὲ</span> <span class='ocrx_word' id='word_1_264' title='bbox 1566 3278 1797 3338; x_wconf 86' lang='grc' dir='ltr'>δουλεύει</span> 
     </span>
     <span class='ocr_line' id='line_1_35' title="bbox 210 3365 1796 3444; baseline -0.002 -16"><span class='ocrx_word' id='word_1_265' title='bbox 210 3371 335 3436; x_wconf 84' lang='grc' dir='ltr'>ταῖς</span> <span class='ocrx_word' id='word_1_266' title='bbox 359 3367 563 3444; x_wconf 77' lang='grc' dir='ltr'>δόξαις,</span> <span class='ocrx_word' id='word_1_267' title='bbox 592 3366 783 3435; x_wconf 78' lang='grc' dir='ltr'>εἰδότες</span> <span class='ocrx_word' id='word_1_268' title='bbox 812 3365 893 3425; x_wconf 74' lang='grc' dir='ltr'><strong>ὅτι</strong></span> <span class='ocrx_word' id='word_1_269' title='bbox 938 3365 1071 3444; x_wconf 78' lang='grc' dir='ltr'>μετὰ</span> <span class='ocrx_word' id='word_1_270' title='bbox 1098 3365 1191 3442; x_wconf 82' lang='grc' dir='ltr'><strong>μὲν</strong></span> <span class='ocrx_word' id='word_1_271' title='bbox 1222 3367 1552 3439; x_wconf 85' lang='grc' dir='ltr'>δικαιοσύνης</span> <span class='ocrx_word' id='word_1_272' title='bbox 1580 3366 1671 3426; x_wconf 77' lang='grc' dir='ltr'><strong>καὶ</strong></span> <span class='ocrx_word' id='word_1_273' title='bbox 1703 3372 1796 3439; x_wconf 76' lang='grc' dir='ltr'><strong>τῆς</strong></span> 
     </span>
     <span class='ocr_line' id='line_1_36' title="bbox 210 3453 1787 3536; baseline 0.001 -23"><span class='ocrx_word' id='word_1_274' title='bbox 210 3455 352 3536; x_wconf 78' lang='grc' dir='ltr'>πρὸς</span> <span class='ocrx_word' id='word_1_275' title='bbox 402 3455 665 3526; x_wconf 75' lang='grc' dir='ltr'>ἀλλήλους</span> <span class='ocrx_word' id='word_1_276' title='bbox 708 3453 950 3530; x_wconf 82' lang='grc' dir='ltr'>ὁμονοίας</span> <span class='ocrx_word' id='word_1_277' title='bbox 999 3454 1187 3535; x_wconf 67' lang='grc' dir='ltr'>ῥαδίως</span> <span class='ocrx_word' id='word_1_278' title='bbox 1231 3454 1567 3532; x_wconf 83' lang='grc' dir='ltr'>ἀμυνούμεθα</span> <span class='ocrx_word' id='word_1_279' title='bbox 1590 3498 1609 3531; x_wconf 85' lang='grc'>,</span> <span class='ocrx_word' id='word_1_280' title='bbox 1660 3459 1787 3514; x_wconf 82' lang='grc' dir='ltr'>θεῶν</span> 
     </span>
     <span class='ocr_line' id='line_1_37' title="bbox 130 3539 1793 3650; baseline 0.002 -52"><span class='ocrx_word' id='word_1_281' title='bbox 130 3556 185 3594; x_wconf 71' lang='lat'><strong>⁴⁰</strong></span> <span class='ocrx_word' id='word_1_282' title='bbox 208 3540 375 3602; x_wconf 75' lang='grc' dir='ltr'>ἵλεων</span> <span class='ocrx_word' id='word_1_283' title='bbox 400 3539 599 3614; x_wconf 78' lang='grc' dir='ltr'>ὄντων,</span> <span class='ocrx_word' id='word_1_284' title='bbox 620 3540 713 3599; x_wconf 73' lang='grc' dir='ltr'><strong>ἐάν</strong></span> <span class='ocrx_word' id='word_1_285' title='bbox 740 3563 873 3607; x_wconf 88' lang='grc' dir='ltr'>τινες</span> <span class='ocrx_word' id='word_1_286' title='bbox 890 3545 1018 3618; x_wconf 78' lang='grc' dir='ltr'>ἡμῖν</span> <span class='ocrx_word' id='word_1_287' title='bbox 1048 3543 1237 3610; x_wconf 77' lang='grc' dir='ltr'>ἀδίκως</span> <span class='ocrx_word' id='word_1_288' title='bbox 1262 3543 1627 3614; x_wconf 75' lang='grc' dir='ltr'>ἐπιτίθωνται,</span> <span class='ocrx_word' id='word_1_289' title='bbox 1659 3544 1793 3650; x_wconf 78' lang='grc' dir='ltr'>μετὰ</span> 
     </span>
     <span class='ocr_line' id='line_1_38' title="bbox 210 3627 1793 3710; baseline -0.001 -21"><span class='ocrx_word' id='word_1_290' title='bbox 210 3629 271 3689; x_wconf 76' lang='grc' dir='ltr'><strong>δὲ</strong></span> <span class='ocrx_word' id='word_1_291' title='bbox 300 3629 625 3710; x_wconf 79' lang='grc' dir='ltr'>δωροδοκίας</span> <span class='ocrx_word' id='word_1_292' title='bbox 648 3628 740 3688; x_wconf 72' lang='grc' dir='ltr'><strong>καὶ</strong></span> <span class='ocrx_word' id='word_1_293' title='bbox 782 3627 1061 3707; x_wconf 82' lang='grc' dir='ltr'>προδοσίας</span> <span class='ocrx_word' id='word_1_294' title='bbox 1088 3629 1179 3688; x_wconf 75' lang='grc' dir='ltr'><strong>καὶ</strong></span> <span class='ocrx_word' id='word_1_295' title='bbox 1212 3634 1319 3690; x_wconf 86' lang='grc' dir='ltr'><strong>τῶν</strong></span> <span class='ocrx_word' id='word_1_296' title='bbox 1368 3629 1561 3707; x_wconf 83' lang='grc' dir='ltr'>ὁμοίων</span> <span class='ocrx_word' id='word_1_297' title='bbox 1591 3629 1793 3698; x_wconf 81' lang='grc' dir='ltr'>τούτοις</span> 
     </span>
     <span class='ocr_line' id='line_1_39' title="bbox 210 3716 1793 3829; baseline 0.002 -52"><span class='ocrx_word' id='word_1_298' title='bbox 210 3719 401 3777; x_wconf 77' lang='grc' dir='ltr'>κακῶν</span> <span class='ocrx_word' id='word_1_299' title='bbox 417 3761 436 3790; x_wconf 94' lang='grc'>,</span> <span class='ocrx_word' id='word_1_300' title='bbox 474 3717 509 3776; x_wconf 74' lang='grc' dir='ltr'><strong>ἃ</strong></span> <span class='ocrx_word' id='word_1_301' title='bbox 534 3725 643 3784; x_wconf 80' lang='grc' dir='ltr'>τοῖς</span> <span class='ocrx_word' id='word_1_302' title='bbox 670 3716 924 3785; x_wconf 84' lang='grc' dir='ltr'>τοιούτοις</span> <span class='ocrx_word' id='word_1_303' title='bbox 952 3718 1238 3798; x_wconf 82' lang='grc' dir='ltr'>ἀνθρώποις</span> <span class='ocrx_word' id='word_1_304' title='bbox 1244 3719 1571 3829; x_wconf 84' lang='grc' dir='ltr'>πρόσεστιν,</span> <span class='ocrx_word' id='word_1_305' title='bbox 1566 3720 1793 3828; x_wconf 82' lang='grc' dir='ltr'>οὐδεμί’</span> 
     </span>
     <span class='ocr_line' id='line_1_40' title="bbox 209 3803 1794 3884; baseline 0.001 -19"><span class='ocrx_word' id='word_1_306' title='bbox 209 3803 275 3865; x_wconf 72' lang='grc' dir='ltr'><strong>ἂν</strong></span> <span class='ocrx_word' id='word_1_307' title='bbox 306 3805 465 3874; x_wconf 78' lang='grc' dir='ltr'>πόλις</span> <span class='ocrx_word' id='word_1_308' title='bbox 490 3804 704 3877; x_wconf 85' lang='grc' dir='ltr'>σωθείη.</span> <span class='ocrx_word' id='word_1_309' title='bbox 791 3806 885 3880; x_wconf 73' lang='lat'><strong>(2⁰)</strong></span> <span class='ocrx_word' id='word_1_310' title='bbox 906 3808 1055 3877; x_wconf 82' lang='grc' dir='ltr'>Μηδε</span> <span class='ocrx_word' id='word_1_311' title='bbox 1060 3805 1187 3884; x_wconf 85' lang='grc' dir='ltr'>μίαν</span> <span class='ocrx_word' id='word_1_312' title='bbox 1216 3831 1304 3867; x_wconf 87' lang='grc' dir='ltr'><strong>ουν</strong></span> <span class='ocrx_word' id='word_1_313' title='bbox 1332 3806 1534 3879; x_wconf 79' lang='grc' dir='ltr'>δέησιν,</span> <span class='ocrx_word' id='word_1_314' title='bbox 1558 3831 1603 3866; x_wconf 89' lang='grc' dir='ltr'>ω</span> <span class='ocrx_word' id='word_1_315' title='bbox 1632 3807 1794 3880; x_wconf 82' lang='grc' dir='ltr'>Ἀθη-</span> 
     </span>
     <span class='ocr_line' id='line_1_41' title="bbox 208 3891 1793 3972; baseline 0.003 -22"><span class='ocrx_word' id='word_1_316' title='bbox 208 3897 379 3964; x_wconf 84' lang='grc' dir='ltr'>ναῖοι,</span> <span class='ocrx_word' id='word_1_317' title='bbox 412 3891 543 3970; x_wconf 83' lang='grc' dir='ltr'>μηδ’</span> <span class='ocrx_word' id='word_1_318' title='bbox 570 3893 713 3952; x_wconf 72' lang='grc' dir='ltr'>ἔλεον</span> <span class='ocrx_word' id='word_1_319' title='bbox 736 3893 809 3960; x_wconf 82' lang='grc' dir='ltr'><strong>εἰς</strong></span> <span class='ocrx_word' id='word_1_320' title='bbox 836 3897 969 3970; x_wconf 73' lang='grc' dir='ltr'>ὑμᾶς</span> <span class='ocrx_word' id='word_1_321' title='bbox 1007 3893 1366 3970; x_wconf 78' lang='grc' dir='ltr'>λαμὸἄνοντες</span> <span class='ocrx_word' id='word_1_322' title='bbox 1398 3894 1581 3960; x_wconf 83' lang='grc' dir='ltr'>αὐτούς</span> <span class='ocrx_word' id='word_1_323' title='bbox 1601 3939 1617 3968; x_wconf 93' lang='grc'>,</span> <span class='ocrx_word' id='word_1_324' title='bbox 1659 3895 1793 3972; x_wconf 78' lang='grc' dir='ltr'>μηδὲ</span> 
     </span>
     <span class='ocr_line' id='line_1_42' title="bbox 212 3979 1794 4062; baseline 0.001 -24"><span class='ocrx_word' id='word_1_325' title='bbox 212 3981 315 4052; x_wconf 73' lang='grc' dir='ltr'><strong>τὴν</strong></span> <span class='ocrx_word' id='word_1_326' title='bbox 342 3979 399 4049; x_wconf 71' lang='grc' dir='ltr'><strong>ἐξ</strong></span> <span class='ocrx_word' id='word_1_327' title='bbox 430 3982 607 4040; x_wconf 76' lang='grc' dir='ltr'>αὐτῶν</span> <span class='ocrx_word' id='word_1_328' title='bbox 632 4005 736 4041; x_wconf 87' lang='grc' dir='ltr'><strong>των</strong></span> <span class='ocrx_word' id='word_1_329' title='bbox 777 3980 939 4060; x_wconf 83' lang='grc' dir='ltr'>ἔργων</span> <span class='ocrx_word' id='word_1_330' title='bbox 970 3982 1177 4054; x_wconf 76' lang='grc' dir='ltr'>καὶτῆς</span> <span class='ocrx_word' id='word_1_331' title='bbox 1208 3983 1451 4054; x_wconf 77' lang='grc' dir='ltr'>ἀληθείας</span> <span class='ocrx_word' id='word_1_332' title='bbox 1484 3983 1794 4062; x_wconf 83' lang='grc' dir='ltr'>ἀποδεδειγ-</span> 
     </span>
     <span class='ocr_line' id='line_1_43' title="bbox 212 4068 1795 4151; baseline 0.001 -24"><span class='ocrx_word' id='word_1_333' title='bbox 212 4069 387 4146; x_wconf 81' lang='grc' dir='ltr'>μένην</span> <span class='ocrx_word' id='word_1_334' title='bbox 418 4071 543 4146; x_wconf 77' lang='grc' dir='ltr'>υμῖν</span> <span class='ocrx_word' id='word_1_335' title='bbox 564 4068 703 4128; x_wconf 74' lang='grc' dir='ltr'>κατὰ</span> <span class='ocrx_word' id='word_1_336' title='bbox 730 4071 833 4128; x_wconf 75' lang='grc' dir='ltr'><strong>τῶν</strong></span> <span class='ocrx_word' id='word_1_337' title='bbox 857 4070 1172 4151; x_wconf 78' lang='grc' dir='ltr'>κρινομένων</span> <span class='ocrx_word' id='word_1_338' title='bbox 1194 4070 1459 4130; x_wconf 83' lang='grc' dir='ltr'>ἀδικίαν”</span> <span class='ocrx_word' id='word_1_339' title='bbox 1425 4095 1613 4151; x_wconf 89' lang='grc' dir='ltr'>ακυρον</span> <span class='ocrx_word' id='word_1_340' title='bbox 1641 4072 1795 4145; x_wconf 83' lang='grc' dir='ltr'>ποιή-</span> 
     </span>
     <span class='ocr_line' id='line_1_44' title="bbox 210 4157 1789 4240; baseline 0.003 -24"><span class='ocrx_word' id='word_1_341' title='bbox 210 4181 437 4230; x_wconf 83' lang='grc' dir='ltr'>σαντες,</span> <span class='ocrx_word' id='word_1_342' title='bbox 460 4157 759 4238; x_wconf 68' lang='grc' dir='ltr'>βοηθήσατε</span> <span class='ocrx_word' id='word_1_343' title='bbox 792 4163 939 4238; x_wconf 82' lang='grc' dir='ltr'>κοινῇ</span> <span class='ocrx_word' id='word_1_344' title='bbox 983 4164 1049 4238; x_wconf 84' lang='grc' dir='ltr'><strong>τῇ</strong></span> <span class='ocrx_word' id='word_1_345' title='bbox 1074 4160 1287 4240; x_wconf 87' lang='grc' dir='ltr'>πατρίδι</span> <span class='ocrx_word' id='word_1_346' title='bbox 1324 4159 1415 4218; x_wconf 80' lang='grc' dir='ltr'><strong>καὶ</strong></span> <span class='ocrx_word' id='word_1_347' title='bbox 1450 4167 1559 4227; x_wconf 85' lang='grc' dir='ltr'>τοῖς</span> <span class='ocrx_word' id='word_1_348' title='bbox 1585 4159 1789 4238; x_wconf 86' lang='grc' dir='ltr'>νόμοις·</span> 
     </span>
     <span class='ocr_line' id='line_1_45' title="bbox 114 4245 1793 4328; baseline 0.001 -21"><span class='ocrx_word' id='word_1_349' title='bbox 114 4254 391 4315; x_wconf 62' lang='lat' dir='ltr'><strong>lum-tite</strong></span> <span class='ocrx_word' id='word_1_350' title='bbox 420 4245 527 4326; x_wconf 71' lang='grc' dir='ltr'>γὰρ</span> <span class='ocrx_word' id='word_1_351' title='bbox 574 4245 847 4328; x_wconf 78' lang='grc' dir='ltr'>ἀμφότερα</span> <span class='ocrx_word' id='word_1_352' title='bbox 894 4247 1244 4316; x_wconf 77' lang='grc' dir='ltr'>διαδικάζεται</span> <span class='ocrx_word' id='word_1_353' title='bbox 1272 4271 1361 4306; x_wconf 87' lang='grc' dir='ltr'><strong>νυν</strong></span> <span class='ocrx_word' id='word_1_354' title='bbox 1396 4247 1526 4328; x_wconf 84' lang='grc' dir='ltr'>πρὸς</span> <span class='ocrx_word' id='word_1_355' title='bbox 1550 4247 1646 4320; x_wconf 81' lang='grc' dir='ltr'><strong>τὴν</strong></span> <span class='ocrx_word' id='word_1_356' title='bbox 1671 4249 1793 4308; x_wconf 89' lang='grc' dir='ltr'>τού-</span> 
     </span>
     <span class='ocr_line' id='line_1_46' title="bbox 208 4326 1793 4416; baseline 0.001 -22"><span class='ocrx_word' id='word_1_357' title='bbox 208 4358 309 4394; x_wconf 85' lang='grc' dir='ltr'><strong>του</strong></span> <span class='ocrx_word' id='word_1_358' title='bbox 354 4335 639 4415; x_wconf 82' lang='grc' dir='ltr'>πονηρίαν.</span> <span class='ocrx_word' id='word_1_359' title='bbox 724 4333 816 4416; x_wconf 76' lang='lat'><em>(21)</em></span> <span class='ocrx_word' id='word_1_360' title='bbox 845 4333 1015 4414; x_wconf 75' lang='grc' dir='ltr'>Ὑπὲρ</span> <span class='ocrx_word' id='word_1_361' title='bbox 1056 4326 1332 4414; x_wconf 54' lang='lat' dir='ltr'><strong>redo-effi*</strong></span> <span class='ocrx_word' id='word_1_362' title='bbox 1296 4361 1343 4398; x_wconf 89' lang='grc' dir='ltr'>ω</span> <span class='ocrx_word' id='word_1_363' title='bbox 1374 4335 1670 4414; x_wconf 80' lang='grc' dir='ltr'>Ἀθηναῖοι,</span> <span class='ocrx_word' id='word_1_364' title='bbox 1699 4339 1793 4409; x_wconf 71' lang='grc' dir='ltr'>τ’ἤς</span> 
     </span>
     <span class='ocr_line' id='line_1_47' title="bbox 206 4421 1790 4505; baseline 0.001 -25"><span class='ocrx_word' id='word_1_365' title='bbox 206 4423 399 4503; x_wconf 71' lang='grc' dir='ltr'>χώρας</span> <span class='ocrx_word' id='word_1_366' title='bbox 422 4427 518 4481; x_wconf 82' lang='grc' dir='ltr'><strong>νῦν</strong></span> <span class='ocrx_word' id='word_1_367' title='bbox 538 4421 755 4501; x_wconf 79' lang='grc' dir='ltr'>μέλλετε</span> <span class='ocrx_word' id='word_1_368' title='bbox 784 4423 955 4505; x_wconf 85' lang='grc' dir='ltr'>φέρειν</span> <span class='ocrx_word' id='word_1_369' title='bbox 972 4423 1066 4496; x_wconf 81' lang='grc' dir='ltr'><strong>τὴν</strong></span> <span class='ocrx_word' id='word_1_370' title='bbox 1091 4427 1291 4505; x_wconf 84' lang='grc' dir='ltr'>ψηφον,</span> <span class='ocrx_word' id='word_1_371' title='bbox 1319 4423 1531 4484; x_wconf 72' lang='grc' dir='ltr'>καὶτῶν</span> <span class='ocrx_word' id='word_1_372' title='bbox 1552 4427 1605 4484; x_wconf 76' lang='grc' dir='ltr'><strong>ἐν</strong></span> <span class='ocrx_word' id='word_1_373' title='bbox 1622 4423 1790 4504; x_wconf 80' lang='grc' dir='ltr'>ταύτῃ</span> 
     </span>
     <span class='ocr_line' id='line_1_48' title="bbox 210 4509 1791 4592; baseline 0.003 -24"><span class='ocrx_word' id='word_1_374' title='bbox 210 4509 723 4585; x_wconf 79' lang='grc' dir='ltr'>κατεσκευασμένων</span> <span class='ocrx_word' id='word_1_375' title='bbox 769 4512 923 4590; x_wconf 74' lang='grc' dir='ltr'>ἱερῶν</span> <span class='ocrx_word' id='word_1_376' title='bbox 968 4535 1059 4569; x_wconf 89' lang='grc' dir='ltr'><strong>και</strong></span> <span class='ocrx_word' id='word_1_377' title='bbox 1112 4514 1216 4571; x_wconf 79' lang='grc' dir='ltr'><strong>τῶν</strong></span> <span class='ocrx_word' id='word_1_378' title='bbox 1268 4512 1503 4592; x_wconf 77' lang='grc' dir='ltr'>ἀρχαίων</span> <span class='ocrx_word' id='word_1_379' title='bbox 1553 4514 1791 4590; x_wconf 85' lang='grc' dir='ltr'>νομίμων</span> 
     </span>
     <span class='ocr_line' id='line_1_49' title="bbox 214 4597 1789 4680; baseline 0.003 -24"><span class='ocrx_word' id='word_1_380' title='bbox 214 4597 313 4656; x_wconf 76' lang='grc' dir='ltr'><strong>καὶ</strong></span> <span class='ocrx_word' id='word_1_381' title='bbox 341 4601 439 4669; x_wconf 75' lang='grc' dir='ltr'><strong>τῆς</strong></span> <span class='ocrx_word' id='word_1_382' title='bbox 465 4598 892 4678; x_wconf 84' lang='grc' dir='ltr'>παραδεδομένης</span> <span class='ocrx_word' id='word_1_383' title='bbox 921 4599 1023 4658; x_wconf 71' lang='grc' dir='ltr'><strong>ὑπὸ</strong></span> <span class='ocrx_word' id='word_1_384' title='bbox 1046 4602 1152 4659; x_wconf 79' lang='grc' dir='ltr'><strong>τῶν</strong></span> <span class='ocrx_word' id='word_1_385' title='bbox 1180 4600 1455 4680; x_wconf 85' lang='grc' dir='ltr'>προγόνων</span> <span class='ocrx_word' id='word_1_386' title='bbox 1485 4603 1609 4676; x_wconf 83' lang='grc' dir='ltr'>ὑμῖν</span> <span class='ocrx_word' id='word_1_387' title='bbox 1640 4605 1789 4660; x_wconf 84' lang='grc' dir='ltr'>πολι·</span> 
     </span>
     <span class='ocr_line' id='line_1_50' title="bbox 210 4678 1789 4766; baseline 0.002 -22"><span class='ocrx_word' id='word_1_388' title='bbox 210 4686 395 4757; x_wconf 81' lang='grc' dir='ltr'>τείας,</span> <span class='ocrx_word' id='word_1_389' title='bbox 426 4685 531 4764; x_wconf 72' lang='grc' dir='ltr'><strong>οὐχ</strong></span> <span class='ocrx_word' id='word_1_390' title='bbox 556 4683 687 4765; x_wconf 65' lang='grc' dir='ltr'>ὑπὲρ</span> <span class='ocrx_word' id='word_1_391' title='bbox 725 4686 1047 4753; x_wconf 83' lang='grc' dir='ltr'>Φιλοκλέους</span> <span class='ocrx_word' id='word_1_392' title='bbox 1096 4689 1281 4763; x_wconf 82' lang='grc' dir='ltr'>μόνον·</span> <span class='ocrx_word' id='word_1_393' title='bbox 1314 4678 1459 4754; x_wconf 72' lang='grc' dir='ltr'>οὗτος</span> <span class='ocrx_word' id='word_1_394' title='bbox 1502 4685 1603 4766; x_wconf 73' lang='grc' dir='ltr'>γὰρ</span> <span class='ocrx_word' id='word_1_395' title='bbox 1632 4691 1789 4747; x_wconf 78' lang='grc' dir='ltr'>αὑτοῦ</span> 
     </span>
     <span class='ocr_line' id='line_1_51' title="bbox 146 4773 1789 4855; baseline 0.005 -28"><span class='ocrx_word' id='word_1_396' title='bbox 146 4789 171 4826; x_wconf 73' lang='grc' dir='ltr'><strong>ο</strong></span> <span class='ocrx_word' id='word_1_397' title='bbox 212 4773 392 4832; x_wconf 76' lang='grc' dir='ltr'>πάλαι</span> <span class='ocrx_word' id='word_1_398' title='bbox 409 4773 633 4832; x_wconf 76' lang='grc' dir='ltr'>θάνατον</span> <span class='ocrx_word' id='word_1_399' title='bbox 660 4796 978 4853; x_wconf 85' lang='grc' dir='ltr'>κατεγνωκε.</span> <span class='ocrx_word' id='word_1_400' title='bbox 1064 4773 1239 4836; x_wconf 78' lang='grc' dir='ltr'>Ταῦθ’</span> <span class='ocrx_word' id='word_1_401' title='bbox 1260 4779 1398 4853; x_wconf 77' lang='grc' dir='ltr'>ὑμᾶς</span> <span class='ocrx_word' id='word_1_402' title='bbox 1418 4775 1660 4836; x_wconf 76' lang='grc' dir='ltr'>ἱκετεύων</span> <span class='ocrx_word' id='word_1_403' title='bbox 1686 4775 1789 4855; x_wconf 78' lang='grc' dir='ltr'>ἐγω</span> 
     </span>
     <span class='ocr_line' id='line_1_52' title="bbox 213 4859 1788 4940; baseline 0.003 -22"><span class='ocrx_word' id='word_1_404' title='bbox 213 4859 555 4940; x_wconf 64' lang='grc' dir='ltr'>δικαιοτέραν</span> <span class='ocrx_word' id='word_1_405' title='bbox 604 4861 738 4922; x_wconf 89' lang='grc' dir='ltr'>πολυ</span> <span class='ocrx_word' id='word_1_406' title='bbox 794 4863 973 4934; x_wconf 85' lang='grc' dir='ltr'>δέησιν</span> <span class='ocrx_word' id='word_1_407' title='bbox 1017 4861 1201 4937; x_wconf 81' lang='grc' dir='ltr'>δέομαι</span> <span class='ocrx_word' id='word_1_408' title='bbox 1238 4863 1435 4922; x_wconf 84' lang='grc' dir='ltr'>τούτων</span> <span class='ocrx_word' id='word_1_409' title='bbox 1477 4887 1581 4922; x_wconf 88' lang='grc' dir='ltr'><strong>των</strong></span> <span class='ocrx_word' id='word_1_410' title='bbox 1620 4869 1788 4922; x_wconf 77' lang='grc' dir='ltr'>ταῦτα</span> 
     </span>
     <span class='ocr_line' id='line_1_53' title="bbox 212 4940 1791 5030; baseline 0.003 -25"><span class='ocrx_word' id='word_1_411' title='bbox 212 4949 579 5028; x_wconf 74' lang='grc' dir='ltr'>πεπραχότων</span> <span class='ocrx_word' id='word_1_412' title='bbox 598 4992 617 5022; x_wconf 87' lang='grc'>,</span> <span class='ocrx_word' id='word_1_413' title='bbox 644 4949 719 5028; x_wconf 84' lang='grc' dir='ltr'><strong>μὴ</strong></span> <span class='ocrx_word' id='word_1_414' title='bbox 764 4951 1134 5027; x_wconf 72' lang='grc' dir='ltr'>ἐγκαταλιπεῖν</span> <span class='ocrx_word' id='word_1_415' title='bbox 1185 4947 1315 5028; x_wconf 75' lang='grc' dir='ltr'>ὑπὲρ</span> <span class='ocrx_word' id='word_1_416' title='bbox 1344 4940 1415 5008; x_wconf 64' lang='grc' dir='ltr'><strong>ὧν</strong></span> <span class='ocrx_word' id='word_1_417' title='bbox 1461 4951 1509 5008; x_wconf 79' lang='grc' dir='ltr'><strong>οἱ</strong></span> <span class='ocrx_word' id='word_1_418' title='bbox 1547 4949 1791 5030; x_wconf 85' lang='grc' dir='ltr'>πρόγονοι</span> 
     </span>
     <span class='ocr_line' id='line_1_54' title="bbox 214 5035 1787 5118; baseline 0.001 -23"><span class='ocrx_word' id='word_1_419' title='bbox 214 5035 449 5102; x_wconf 64' lang='grc' dir='ltr'>πολλοὺς</span> <span class='ocrx_word' id='word_1_420' title='bbox 464 5037 745 5114; x_wconf 77' lang='grc' dir='ltr'>ὑπέμειναν</span> <span class='ocrx_word' id='word_1_421' title='bbox 766 5037 1055 5110; x_wconf 87' lang='grc' dir='ltr'>κινδύνους,</span> <span class='ocrx_word' id='word_1_422' title='bbox 1076 5039 1200 5113; x_wconf 80' lang='grc' dir='ltr'>μηδ’</span> <span class='ocrx_word' id='word_1_423' title='bbox 1230 5041 1302 5106; x_wconf 82' lang='grc' dir='ltr'><strong>εἷς</strong></span> <span class='ocrx_word' id='word_1_424' title='bbox 1326 5037 1533 5106; x_wconf 74' lang='grc' dir='ltr'>ἀδοξίαν</span> <span class='ocrx_word' id='word_1_425' title='bbox 1564 5039 1787 5118; x_wconf 83' lang='grc' dir='ltr'>αἰσχρὰν</span> 
     </span>
     <span class='ocr_line' id='line_1_55' title="bbox 218 5123 1788 5203; baseline 0.001 -21"><span class='ocrx_word' id='word_1_426' title='bbox 218 5123 443 5202; x_wconf 68' lang='grc' dir='ltr'>ὄγαγεῖν</span> <span class='ocrx_word' id='word_1_427' title='bbox 467 5124 529 5184; x_wconf 72' lang='grc' dir='ltr'><strong>τὸ</strong></span> <span class='ocrx_word' id='word_1_428' title='bbox 556 5129 651 5196; x_wconf 68' lang='grc' dir='ltr'><strong>τῆς</strong></span> <span class='ocrx_word' id='word_1_429' title='bbox 690 5126 897 5192; x_wconf 83' lang='grc' dir='ltr'>πόλεως</span> <span class='ocrx_word' id='word_1_430' title='bbox 933 5125 1139 5202; x_wconf 71' lang='grc' dir='ltr'>ἀξίωμα</span> <span class='ocrx_word' id='word_1_431' title='bbox 1158 5171 1175 5200; x_wconf 88' lang='grc'>,</span> <span class='ocrx_word' id='word_1_432' title='bbox 1198 5125 1332 5203; x_wconf 69' lang='grc' dir='ltr'>μηδὲ</span> <span class='ocrx_word' id='word_1_433' title='bbox 1360 5125 1788 5194; x_wconf 82' lang='grc' dir='ltr'>καταλλάξασθαι</span> 
     </span>
    </p>
   </div>
   <div class='ocr_carea' id='block_1_6' title="bbox 1881 666 3456 2056">
    <p class='ocr_par' dir='ltr' id='par_1_6' title="bbox 1881 666 3456 2056">
     <span class='ocr_line' id='line_1_56' title="bbox 1883 666 3453 740; baseline 0.008 -24"><span class='ocrx_word' id='word_1_434' title='bbox 1883 668 2028 718; x_wconf 78' lang='lat' dir='ltr'><strong>erat?</strong></span> <span class='ocrx_word' id='word_1_435' title='bbox 2053 666 2153 732; x_wconf 84' lang='lat'>(17)</span> <span class='ocrx_word' id='word_1_436' title='bbox 2191 669 2318 730; x_wconf 79' lang='lat' dir='ltr'><strong>Quid</strong></span> <span class='ocrx_word' id='word_1_437' title='bbox 2348 669 2494 733; x_wconf 83' lang='lat' dir='ltr'><strong>igitur</strong></span> <span class='ocrx_word' id='word_1_438' title='bbox 2525 672 2843 734; x_wconf 67' lang='lat' dir='ltr'><strong>exspectatis,</strong></span> <span class='ocrx_word' id='word_1_439' title='bbox 2868 673 3214 725; x_wconf 72' lang='lat' dir='ltr'><strong>Atheniemoe?</strong></span> <span class='ocrx_word' id='word_1_440' title='bbox 3237 678 3286 726; x_wconf 88' lang='lat' dir='ltr'><strong>et</strong></span> <span class='ocrx_word' id='word_1_441' title='bbox 3323 689 3453 740; x_wconf 75' lang='lat' dir='ltr'><strong>quae·</strong></span> 
     </span>
     <span class='ocr_line' id='line_1_57' title="bbox 1882 769 3456 836; baseline 0.006 -18"><span class='ocrx_word' id='word_1_442' title='bbox 1882 781 1997 818; x_wconf 86' lang='lat' dir='ltr'><strong>nam</strong></span> <span class='ocrx_word' id='word_1_443' title='bbox 2031 769 2125 820; x_wconf 81' lang='lat' dir='ltr'><strong>alia</strong></span> <span class='ocrx_word' id='word_1_444' title='bbox 2142 769 2344 822; x_wconf 85' lang='lat' dir='ltr'><strong>crimina</strong></span> <span class='ocrx_word' id='word_1_445' title='bbox 2369 770 2514 822; x_wconf 79' lang='lat' dir='ltr'><strong>dictis</strong></span> <span class='ocrx_word' id='word_1_446' title='bbox 2534 773 2720 835; x_wconf 80' lang='lat' dir='ltr'><strong>majora</strong></span> <span class='ocrx_word' id='word_1_447' title='bbox 2740 773 2908 824; x_wconf 84' lang='lat' dir='ltr'><strong>audire</strong></span> <span class='ocrx_word' id='word_1_448' title='bbox 2933 775 3146 836; x_wconf 80' lang='lat' dir='ltr'><strong>cupitis?</strong></span> <span class='ocrx_word' id='word_1_449' title='bbox 3173 778 3344 828; x_wconf 63' lang='lat' dir='ltr'><strong>Mane</strong></span> <span class='ocrx_word' id='word_1_450' title='bbox 3369 789 3456 828; x_wconf 78' lang='lat' dir='ltr'><strong>vos</strong></span> 
     </span>
     <span class='ocr_line' id='line_1_58' title="bbox 1882 868 3452 939; baseline 0.005 -21"><span class='ocrx_word' id='word_1_451' title='bbox 1882 868 2004 918; x_wconf 81' lang='lat' dir='ltr'><strong>asiis</strong></span> <span class='ocrx_word' id='word_1_452' title='bbox 2025 871 2074 919; x_wconf 82' lang='lat' dir='ltr'><strong>et</strong></span> <span class='ocrx_word' id='word_1_453' title='bbox 2101 868 2310 932; x_wconf 67' lang='lat' dir='ltr'><strong>maiores</strong></span> <span class='ocrx_word' id='word_1_454' title='bbox 2338 870 2481 921; x_wconf 77' lang='lat' dir='ltr'><strong>vestri</strong></span> <span class='ocrx_word' id='word_1_455' title='bbox 2507 871 2588 934; x_wconf 87' lang='lat' dir='ltr'><strong>qui</strong></span> <span class='ocrx_word' id='word_1_456' title='bbox 2627 874 2914 934; x_wconf 78' lang='lat' dir='ltr'><strong>Timotheo,</strong></span> <span class='ocrx_word' id='word_1_457' title='bbox 2939 875 3024 938; x_wconf 83' lang='lat' dir='ltr'><strong>qui</strong></span> <span class='ocrx_word' id='word_1_458' title='bbox 3046 877 3452 939; x_wconf 72' lang='lat' dir='ltr'><strong>circumnavigata</strong></span> 
     </span>
     <span class='ocr_line' id='line_1_59' title="bbox 1886 969 3450 1036; baseline 0.006 -19"><span class='ocrx_word' id='word_1_459' title='bbox 1886 969 2212 1030; x_wconf 71' lang='lat' dir='ltr'><strong>Peloponneso</strong></span> <span class='ocrx_word' id='word_1_460' title='bbox 2247 971 2308 1020; x_wconf 84' lang='lat' dir='ltr'><strong>ad</strong></span> <span class='ocrx_word' id='word_1_461' title='bbox 2349 973 2610 1035; x_wconf 78' lang='lat' dir='ltr'><strong>corcyram</strong></span> <span class='ocrx_word' id='word_1_462' title='bbox 2657 973 2822 1036; x_wconf 86' lang='lat' dir='ltr'><strong>proeiio</strong></span> <span class='ocrx_word' id='word_1_463' title='bbox 2859 975 3032 1025; x_wconf 68' lang='lat' dir='ltr'><strong>navali·</strong></span> <span class='ocrx_word' id='word_1_464' title='bbox 3060 975 3450 1026; x_wconf 77' lang='lat' dir='ltr'><strong>Lacedoemonios</strong></span> 
     </span>
     <span class='ocr_line' id='line_1_60' title="bbox 1886 1071 3455 1142; baseline 0.006 -23"><span class='ocrx_word' id='word_1_465' title='bbox 1886 1071 2035 1135; x_wconf 77' lang='lat' dir='ltr'><strong>vicit,</strong></span> <span class='ocrx_word' id='word_1_466' title='bbox 2061 1077 2110 1124; x_wconf 97' lang='lat' dir='ltr'><strong>et</strong></span> <span class='ocrx_word' id='word_1_467' title='bbox 2136 1077 2334 1125; x_wconf 79' lang='lat' dir='ltr'><strong>Conone</strong></span> <span class='ocrx_word' id='word_1_468' title='bbox 2359 1075 2538 1126; x_wconf 63' lang='lat' dir='ltr'><strong>Graecia</strong></span> <span class='ocrx_word' id='word_1_469' title='bbox 2576 1074 2814 1126; x_wconf 76' lang='lat' dir='ltr'><strong>libertatis</strong></span> <span class='ocrx_word' id='word_1_470' title='bbox 2849 1083 3045 1128; x_wconf 84' lang='lat' dir='ltr'><strong>auctore</strong></span> <span class='ocrx_word' id='word_1_471' title='bbox 3081 1083 3222 1130; x_wconf 83' lang='lat' dir='ltr'><strong>natus</strong></span> <span class='ocrx_word' id='word_1_472' title='bbox 3245 1079 3335 1130; x_wconf 83' lang='lat' dir='ltr'><strong>suit</strong></span> <span class='ocrx_word' id='word_1_473' title='bbox 3353 1116 3369 1142; x_wconf 93' lang='lat'><strong>,</strong></span> <span class='ocrx_word' id='word_1_474' title='bbox 3401 1082 3455 1129; x_wconf 90' lang='lat' dir='ltr'><strong>et</strong></span> 
     </span>
     <span class='ocr_line' id='line_1_61' title="bbox 1885 1175 3454 1242; baseline 0.006 -18"><span class='ocrx_word' id='word_1_475' title='bbox 1885 1176 2087 1225; x_wconf 85' lang='lat' dir='ltr'><strong>samum</strong></span> <span class='ocrx_word' id='word_1_476' title='bbox 2114 1175 2242 1238; x_wconf 87' lang='lat' dir='ltr'><strong>cepit</strong></span> <span class='ocrx_word' id='word_1_477' title='bbox 2284 1179 2334 1227; x_wconf 91' lang='lat' dir='ltr'><strong>et</strong></span> <span class='ocrx_word' id='word_1_478' title='bbox 2383 1177 2656 1228; x_wconf 83' lang='lat' dir='ltr'><strong>Methonam</strong></span> <span class='ocrx_word' id='word_1_479' title='bbox 2683 1184 2730 1228; x_wconf 90' lang='lat' dir='ltr'><strong>et</strong></span> <span class='ocrx_word' id='word_1_480' title='bbox 2767 1179 2986 1242; x_wconf 79' lang='lat' dir='ltr'><strong>Rydnam</strong></span> <span class='ocrx_word' id='word_1_481' title='bbox 3021 1183 3082 1231; x_wconf 90' lang='lat' dir='ltr'><strong>et.</strong></span> <span class='ocrx_word' id='word_1_482' title='bbox 3109 1182 3374 1232; x_wconf 75' lang='lat' dir='ltr'><strong>Potidaeam</strong></span> <span class='ocrx_word' id='word_1_483' title='bbox 3403 1185 3454 1232; x_wconf 87' lang='lat' dir='ltr'><strong>et</strong></span> 
     </span>
     <span class='ocr_line' id='line_1_62' title="bbox 1881 1275 3454 1343; baseline 0.006 -18"><span class='ocrx_word' id='word_1_484' title='bbox 1881 1275 2002 1328; x_wconf 85' lang='lat' dir='ltr'><strong>alias</strong></span> <span class='ocrx_word' id='word_1_485' title='bbox 2025 1279 2178 1330; x_wconf 77' lang='lat' dir='ltr'><strong>urbes</strong></span> <span class='ocrx_word' id='word_1_486' title='bbox 2191 1280 2383 1343; x_wconf 78' lang='lat' dir='ltr'><strong>viginti,</strong></span> <span class='ocrx_word' id='word_1_487' title='bbox 2410 1281 2594 1332; x_wconf 87' lang='lat' dir='ltr'><strong>nullam</strong></span> <span class='ocrx_word' id='word_1_488' title='bbox 2619 1282 2794 1332; x_wconf 86' lang='lat' dir='ltr'><strong>horum</strong></span> <span class='ocrx_word' id='word_1_489' title='bbox 2824 1285 3058 1334; x_wconf 85' lang='lat' dir='ltr'><strong>rationem</strong></span> <span class='ocrx_word' id='word_1_490' title='bbox 3088 1285 3329 1339; x_wconf 83' lang='lat' dir='ltr'><strong>habuistis</strong></span> <span class='ocrx_word' id='word_1_491' title='bbox 3365 1299 3454 1336; x_wconf 90' lang='lat' dir='ltr'><strong>nec</strong></span> 
     </span>
     <span class='ocr_line' id='line_1_63' title="bbox 1882 1380 3454 1450; baseline 0.004 -19"><span class='ocrx_word' id='word_1_492' title='bbox 1882 1381 2018 1432; x_wconf 86' lang='lat' dir='ltr'><strong>tanta</strong></span> <span class='ocrx_word' id='word_1_493' title='bbox 2039 1380 2266 1432; x_wconf 78' lang='lat' dir='ltr'><strong>beneficia</strong></span> <span class='ocrx_word' id='word_1_494' title='bbox 2287 1394 2398 1432; x_wconf 90' lang='lat' dir='ltr'><strong>cum</strong></span> <span class='ocrx_word' id='word_1_495' title='bbox 2417 1381 2600 1444; x_wconf 79' lang='lat' dir='ltr'><strong>judicio</strong></span> <span class='ocrx_word' id='word_1_496' title='bbox 2621 1386 2738 1434; x_wconf 87' lang='lat' dir='ltr'><strong>tunc</strong></span> <span class='ocrx_word' id='word_1_497' title='bbox 2757 1387 3020 1436; x_wconf 78' lang='lat' dir='ltr'><strong>constituto</strong></span> <span class='ocrx_word' id='word_1_498' title='bbox 3053 1390 3102 1438; x_wconf 91' lang='lat' dir='ltr'><strong>et</strong></span> <span class='ocrx_word' id='word_1_499' title='bbox 3137 1387 3454 1450; x_wconf 70' lang='lat' dir='ltr'><strong>iureiurando</strong></span> 
     </span>
     <span class='ocr_line' id='line_1_64' title="bbox 1881 1483 3452 1547; baseline 0.006 -15"><span class='ocrx_word' id='word_1_500' title='bbox 1881 1496 1982 1546; x_wconf 90' lang='lat' dir='ltr'><strong>quo</strong></span> <span class='ocrx_word' id='word_1_501' title='bbox 2002 1483 2118 1534; x_wconf 85' lang='lat' dir='ltr'><strong>dato</strong></span> <span class='ocrx_word' id='word_1_502' title='bbox 2133 1484 2360 1547; x_wconf 74' lang='lat' dir='ltr'><strong>suffragia</strong></span> <span class='ocrx_word' id='word_1_503' title='bbox 2387 1483 2610 1536; x_wconf 79' lang='lat' dir='ltr'><strong>ferebatis</strong></span> <span class='ocrx_word' id='word_1_504' title='bbox 2632 1489 2995 1546; x_wconf 69' lang='lat' dir='ltr'><strong>commutastis,</strong></span> <span class='ocrx_word' id='word_1_505' title='bbox 3015 1489 3100 1538; x_wconf 81' lang='lat' dir='ltr'><strong>sed</strong></span> <span class='ocrx_word' id='word_1_506' title='bbox 3119 1491 3316 1540; x_wconf 88' lang='lat' dir='ltr'><strong>centum</strong></span> <span class='ocrx_word' id='word_1_507' title='bbox 3339 1505 3452 1541; x_wconf 88' lang='lat' dir='ltr'><strong>eum</strong></span> 
     </span>
     <span class='ocr_line' id='line_1_65' title="bbox 1882 1583 3456 1650; baseline 0.004 -17"><span class='ocrx_word' id='word_1_508' title='bbox 1882 1583 2078 1634; x_wconf 81' lang='lat' dir='ltr'><strong>talentis</strong></span> <span class='ocrx_word' id='word_1_509' title='bbox 2103 1585 2388 1647; x_wconf 65' lang='lat' dir='ltr'><strong>mulctasti«,</strong></span> <span class='ocrx_word' id='word_1_510' title='bbox 2414 1586 2545 1649; x_wconf 86' lang='lat' dir='ltr'><strong>qood</strong></span> <span class='ocrx_word' id='word_1_511' title='bbox 2572 1599 2684 1636; x_wconf 87' lang='lat' dir='ltr'><strong>eum</strong></span> <span class='ocrx_word' id='word_1_512' title='bbox 2715 1587 3004 1650; x_wconf 83' lang='lat' dir='ltr'><strong>Aristophon</strong></span> <span class='ocrx_word' id='word_1_513' title='bbox 3028 1588 3154 1640; x_wconf 78' lang='lat' dir='ltr'><strong>dixit</strong></span> <span class='ocrx_word' id='word_1_514' title='bbox 3189 1603 3218 1638; x_wconf 89' lang='lat' dir='ltr'><strong>a</strong></span> <span class='ocrx_word' id='word_1_515' title='bbox 3242 1590 3374 1640; x_wconf 86' lang='lat' dir='ltr'><strong>chiis</strong></span> <span class='ocrx_word' id='word_1_516' title='bbox 3406 1596 3456 1640; x_wconf 91' lang='lat' dir='ltr'><strong>et</strong></span> 
     </span>
     <span class='ocr_line' id='line_1_66' title="bbox 1883 1681 3453 1748; baseline 0.004 -18"><span class='ocrx_word' id='word_1_517' title='bbox 1883 1681 2084 1731; x_wconf 77' lang='lat' dir='ltr'><strong>Rhodiis</strong></span> <span class='ocrx_word' id='word_1_518' title='bbox 2105 1682 2356 1746; x_wconf 84' lang='lat' dir='ltr'><strong>pecuniam</strong></span> <span class='ocrx_word' id='word_1_519' title='bbox 2375 1684 2651 1746; x_wconf 77' lang='lat' dir='ltr'><strong>accepisse?</strong></span> <span class='ocrx_word' id='word_1_520' title='bbox 2677 1687 2775 1748; x_wconf 83' lang='grc'><strong>(18)</strong></span> <span class='ocrx_word' id='word_1_521' title='bbox 2801 1689 3050 1747; x_wconf 86' lang='lat' dir='ltr'><strong>impurum</strong></span> <span class='ocrx_word' id='word_1_522' title='bbox 3073 1699 3186 1735; x_wconf 79' lang='lat' dir='ltr'><strong>vero</strong></span> <span class='ocrx_word' id='word_1_523' title='bbox 3207 1687 3453 1737; x_wconf 89' lang='lat' dir='ltr'><strong>hominem</strong></span> 
     </span>
     <span class='ocr_line' id='line_1_67' title="bbox 1883 1779 3454 1850; baseline 0.006 -22"><span class='ocrx_word' id='word_1_524' title='bbox 1883 1781 1934 1828; x_wconf 91' lang='lat' dir='ltr'><strong>et</strong></span> <span class='ocrx_word' id='word_1_525' title='bbox 1949 1779 2257 1842; x_wconf 80' lang='lat' dir='ltr'><strong>proditorem,</strong></span> <span class='ocrx_word' id='word_1_526' title='bbox 2273 1795 2420 1844; x_wconf 87' lang='lat' dir='ltr'><strong>quem</strong></span> <span class='ocrx_word' id='word_1_527' title='bbox 2437 1795 2532 1833; x_wconf 91' lang='lat' dir='ltr'><strong>non</strong></span> <span class='ocrx_word' id='word_1_528' title='bbox 2557 1797 2680 1834; x_wconf 89' lang='lat' dir='ltr'><strong>unus</strong></span> <span class='ocrx_word' id='word_1_529' title='bbox 2703 1785 2777 1834; x_wconf 82' lang='lat' dir='ltr'><strong>vh-</strong></span> <span class='ocrx_word' id='word_1_530' title='bbox 2795 1784 2878 1835; x_wconf 83' lang='lat' dir='ltr'><strong>sed</strong></span> <span class='ocrx_word' id='word_1_531' title='bbox 2910 1787 3040 1836; x_wconf 83' lang='lat' dir='ltr'><strong>totus</strong></span> <span class='ocrx_word' id='word_1_532' title='bbox 3071 1787 3302 1850; x_wconf 76' lang='lat' dir='ltr'><strong>Areopagi</strong></span> <span class='ocrx_word' id='word_1_533' title='bbox 3321 1801 3454 1838; x_wconf 85' lang='lat' dir='ltr'><strong>sena·</strong></span> 
     </span>
     <span class='ocr_line' id='line_1_68' title="bbox 1882 1881 3453 1952; baseline 0.006 -22"><span class='ocrx_word' id='word_1_534' title='bbox 1882 1881 1997 1941; x_wconf 84' lang='lat' dir='ltr'><strong>tus,</strong></span> <span class='ocrx_word' id='word_1_535' title='bbox 2023 1881 2292 1944; x_wconf 73' lang='lat' dir='ltr'><strong>quaestione</strong></span> <span class='ocrx_word' id='word_1_536' title='bbox 2320 1882 2565 1946; x_wconf 82' lang='lat' dir='ltr'><strong>instituta,</strong></span> <span class='ocrx_word' id='word_1_537' title='bbox 2591 1886 2817 1948; x_wconf 75' lang='lat' dir='ltr'><strong>pecunias</strong></span> <span class='ocrx_word' id='word_1_538' title='bbox 2861 1887 2910 1936; x_wconf 86' lang='lat' dir='ltr'><strong>in</strong></span> <span class='ocrx_word' id='word_1_539' title='bbox 2949 1889 3160 1938; x_wconf 77' lang='lat' dir='ltr'><strong>vestram</strong></span> <span class='ocrx_word' id='word_1_540' title='bbox 3191 1890 3453 1952; x_wconf 86' lang='lat' dir='ltr'><strong>perniciem</strong></span> 
     </span>
     <span class='ocr_line' id='line_1_69' title="bbox 1884 1984 3454 2056; baseline 0.006 -24"><span class='ocrx_word' id='word_1_541' title='bbox 1884 1987 2102 2048; x_wconf 83' lang='lat' dir='ltr'><strong>acceptas</strong></span> <span class='ocrx_word' id='word_1_542' title='bbox 2131 1984 2308 2036; x_wconf 83' lang='lat' dir='ltr'><strong>habere</strong></span> <span class='ocrx_word' id='word_1_543' title='bbox 2347 1987 2606 2050; x_wconf 75' lang='lat' dir='ltr'><strong>indicavit,</strong></span> <span class='ocrx_word' id='word_1_544' title='bbox 2633 1989 2716 2051; x_wconf 88' lang='lat' dir='ltr'><strong>qui</strong></span> <span class='ocrx_word' id='word_1_545' title='bbox 2757 2002 2910 2052; x_wconf 88' lang='lat' dir='ltr'><strong>quum</strong></span> <span class='ocrx_word' id='word_1_546' title='bbox 2935 1991 3210 2042; x_wconf 68' lang='lat' dir='ltr'><strong>facultatem</strong></span> <span class='ocrx_word' id='word_1_547' title='bbox 3243 1993 3454 2056; x_wconf 85' lang='lat' dir='ltr'><strong>amplam</strong></span> 
     </span>
    </p>
   </div>
   <div class='ocr_carea' id='block_1_7' title="bbox 1877 2087 3454 5196">
    <p class='ocr_par' dir='ltr' id='par_1_7' title="bbox 1882 2087 3454 2827">
     <span class='ocr_line' id='line_1_70' title="bbox 1885 2087 3452 2156; baseline 0.006 -22"><span class='ocrx_word' id='word_1_548' title='bbox 1885 2087 2160 2148; x_wconf 75' lang='lat' dir='ltr'><strong>possideret,</strong></span> <span class='ocrx_word' id='word_1_549' title='bbox 2185 2087 2330 2150; x_wconf 88' lang='lat' dir='ltr'><strong>idque</strong></span> <span class='ocrx_word' id='word_1_550' title='bbox 2359 2091 2488 2152; x_wconf 86' lang='lat' dir='ltr'><strong>prole</strong></span> <span class='ocrx_word' id='word_1_551' title='bbox 2525 2092 2738 2139; x_wconf 83' lang='lat' dir='ltr'><strong>mascula</strong></span> <span class='ocrx_word' id='word_1_552' title='bbox 2760 2104 2960 2153; x_wconf 84' lang='lat' dir='ltr'><strong>carens,</strong></span> <span class='ocrx_word' id='word_1_553' title='bbox 2985 2093 3213 2156; x_wconf 84' lang='lat' dir='ltr'><strong>nullaque</strong></span> <span class='ocrx_word' id='word_1_554' title='bbox 3247 2093 3340 2143; x_wconf 85' lang='lat' dir='ltr'><strong>alia</strong></span> <span class='ocrx_word' id='word_1_555' title='bbox 3375 2108 3452 2156; x_wconf 86' lang='lat' dir='ltr'><strong>re,</strong></span> 
     </span>
     <span class='ocr_line' id='line_1_71' title="bbox 1882 2183 3450 2252; baseline 0.004 -20"><span class='ocrx_word' id='word_1_556' title='bbox 1882 2183 2025 2245; x_wconf 75' lang='lat' dir='ltr'><strong>cuius</strong></span> <span class='ocrx_word' id='word_1_557' title='bbox 2049 2184 2326 2236; x_wconf 86' lang='lat' dir='ltr'><strong>moderatus</strong></span> <span class='ocrx_word' id='word_1_558' title='bbox 2349 2185 2496 2236; x_wconf 90' lang='lat' dir='ltr'><strong>homo</strong></span> <span class='ocrx_word' id='word_1_559' title='bbox 2521 2188 2759 2250; x_wconf 81' lang='lat' dir='ltr'><strong>indigeat,</strong></span> <span class='ocrx_word' id='word_1_560' title='bbox 2780 2189 3040 2238; x_wconf 74' lang='lat' dir='ltr'><strong>destitutus</strong></span> <span class='ocrx_word' id='word_1_561' title='bbox 3065 2193 3220 2252; x_wconf 84' lang='lat' dir='ltr'><strong>esset,</strong></span> <span class='ocrx_word' id='word_1_562' title='bbox 3250 2204 3346 2240; x_wconf 89' lang='lat' dir='ltr'><strong>non</strong></span> <span class='ocrx_word' id='word_1_563' title='bbox 3379 2195 3450 2240; x_wconf 80' lang='lat' dir='ltr'><strong>ta-</strong></span> 
     </span>
     <span class='ocr_line' id='line_1_72' title="bbox 1884 2280 3448 2347; baseline 0.003 -17"><span class='ocrx_word' id='word_1_564' title='bbox 1884 2291 1996 2330; x_wconf 84' lang='lat' dir='ltr'><strong>men</strong></span> <span class='ocrx_word' id='word_1_565' title='bbox 2027 2280 2310 2330; x_wconf 67' lang='lat' dir='ltr'><strong>abstinuit·</strong></span> <span class='ocrx_word' id='word_1_566' title='bbox 2353 2283 2567 2343; x_wconf 81' lang='lat' dir='ltr'><strong>pecuniis</strong></span> <span class='ocrx_word' id='word_1_567' title='bbox 2598 2295 2708 2345; x_wconf 76' lang='lat' dir='ltr'><strong>qum</strong></span> <span class='ocrx_word' id='word_1_568' title='bbox 2741 2287 2908 2332; x_wconf 82' lang='lat' dir='ltr'><strong>contra</strong></span> <span class='ocrx_word' id='word_1_569' title='bbox 2948 2287 3148 2346; x_wconf 84' lang='lat' dir='ltr'><strong>patriam</strong></span> <span class='ocrx_word' id='word_1_570' title='bbox 3183 2285 3412 2336; x_wconf 72' lang='lat' dir='ltr'><strong>darentur</strong></span> <span class='ocrx_word' id='word_1_571' title='bbox 3434 2323 3448 2347; x_wconf 90' lang='lat'><strong>,</strong></span> 
     </span>
     <span class='ocr_line' id='line_1_73' title="bbox 1884 2372 3454 2438; baseline 0.005 -18"><span class='ocrx_word' id='word_1_572' title='bbox 1884 2383 1976 2420; x_wconf 85' lang='lat' dir='ltr'><strong>nec</strong></span> <span class='ocrx_word' id='word_1_573' title='bbox 2005 2372 2262 2434; x_wconf 80' lang='lat' dir='ltr'><strong>ingenitam</strong></span> <span class='ocrx_word' id='word_1_574' title='bbox 2307 2373 2660 2438; x_wconf 77' lang='lat' dir='ltr'><strong>improbitatem</strong></span> <span class='ocrx_word' id='word_1_575' title='bbox 2681 2377 3006 2438; x_wconf 79' lang='lat' dir='ltr'><strong>abscondidit,</strong></span> <span class='ocrx_word' id='word_1_576' title='bbox 3047 2377 3130 2428; x_wconf 87' lang='lat' dir='ltr'><strong>sed</strong></span> <span class='ocrx_word' id='word_1_577' title='bbox 3167 2391 3362 2427; x_wconf 87' lang='lat' dir='ltr'><strong>omnem</strong></span> <span class='ocrx_word' id='word_1_578' title='bbox 3405 2380 3454 2428; x_wconf 93' lang='lat' dir='ltr'><strong>in</strong></span> 
     </span>
     <span class='ocr_line' id='line_1_74' title="bbox 1884 2469 3450 2538; baseline 0.005 -20"><span class='ocrx_word' id='word_1_579' title='bbox 1884 2483 1974 2518; x_wconf 78' lang='lat' dir='ltr'><strong>vos</strong></span> <span class='ocrx_word' id='word_1_580' title='bbox 1993 2469 2136 2519; x_wconf 78' lang='lat' dir='ltr'><strong>tidem</strong></span> <span class='ocrx_word' id='word_1_581' title='bbox 2159 2471 2384 2532; x_wconf 79' lang='lat' dir='ltr'><strong>sustulit,</strong></span> <span class='ocrx_word' id='word_1_582' title='bbox 2403 2475 2454 2522; x_wconf 87' lang='lat' dir='ltr'><strong>et</strong></span> <span class='ocrx_word' id='word_1_583' title='bbox 2475 2485 2678 2534; x_wconf 89' lang='lat' dir='ltr'><strong>quorum</strong></span> <span class='ocrx_word' id='word_1_584' title='bbox 2703 2477 2844 2524; x_wconf 84' lang='lat' dir='ltr'><strong>antea</strong></span> <span class='ocrx_word' id='word_1_585' title='bbox 2866 2489 2916 2524; x_wconf 85' lang='lat' dir='ltr'><strong>se</strong></span> <span class='ocrx_word' id='word_1_586' title='bbox 2947 2475 3196 2526; x_wconf 83' lang='lat' dir='ltr'><strong>inimicum</strong></span> <span class='ocrx_word' id='word_1_587' title='bbox 3230 2477 3450 2538; x_wconf 86' lang='lat' dir='ltr'><strong>dicebat,</strong></span> 
     </span>
     <span class='ocr_line' id='line_1_75' title="bbox 1886 2567 3449 2633; baseline 0.005 -18"><span class='ocrx_word' id='word_1_588' title='bbox 1886 2567 2058 2616; x_wconf 87' lang='lat' dir='ltr'><strong>horum</strong></span> <span class='ocrx_word' id='word_1_589' title='bbox 2083 2571 2200 2618; x_wconf 89' lang='lat' dir='ltr'><strong>tunc</strong></span> <span class='ocrx_word' id='word_1_590' title='bbox 2223 2573 2381 2630; x_wconf 82' lang='lat' dir='ltr'><strong>partes</strong></span> <span class='ocrx_word' id='word_1_591' title='bbox 2409 2570 2660 2633; x_wconf 78' lang='lat' dir='ltr'><strong>amplexus</strong></span> <span class='ocrx_word' id='word_1_592' title='bbox 2679 2575 2782 2632; x_wconf 84' lang='lat' dir='ltr'><strong>est,</strong></span> <span class='ocrx_word' id='word_1_593' title='bbox 2806 2585 2862 2620; x_wconf 88' lang='lat' dir='ltr'><strong>ac</strong></span> <span class='ocrx_word' id='word_1_594' title='bbox 2891 2573 3164 2622; x_wconf 77' lang='lat' dir='ltr'><strong>sinmlatain</strong></span> <span class='ocrx_word' id='word_1_595' title='bbox 3191 2576 3332 2623; x_wconf 83' lang='lat' dir='ltr'><strong>istam</strong></span> <span class='ocrx_word' id='word_1_596' title='bbox 3361 2577 3449 2624; x_wconf 83' lang='lat' dir='ltr'><strong>vir·</strong></span> 
     </span>
     <span class='ocr_line' id='line_1_76' title="bbox 1886 2663 3450 2730; baseline 0.006 -20"><span class='ocrx_word' id='word_1_597' title='bbox 1886 2665 2038 2711; x_wconf 90' lang='lat' dir='ltr'><strong>tutem</strong></span> <span class='ocrx_word' id='word_1_598' title='bbox 2061 2663 2366 2712; x_wconf 81' lang='lat' dir='ltr'><strong>mendacium</strong></span> <span class='ocrx_word' id='word_1_599' title='bbox 2383 2677 2486 2714; x_wconf 85' lang='lat' dir='ltr'><strong>esse</strong></span> <span class='ocrx_word' id='word_1_600' title='bbox 2507 2664 2724 2726; x_wconf 76' lang='lat' dir='ltr'><strong>probavit</strong></span> <span class='ocrx_word' id='word_1_601' title='bbox 2751 2686 2760 2714; x_wconf 90' lang='lat'><strong>:</strong></span> <span class='ocrx_word' id='word_1_602' title='bbox 2784 2665 2955 2730; x_wconf 77' lang='lat' dir='ltr'><strong>[hunc</strong></span> <span class='ocrx_word' id='word_1_603' title='bbox 2976 2670 3144 2730; x_wconf 75' lang='lat' dir='ltr'><strong>iyitur</strong></span> <span class='ocrx_word' id='word_1_604' title='bbox 3164 2672 3338 2719; x_wconf 81' lang='lat' dir='ltr'><strong>virum</strong></span> <span class='ocrx_word' id='word_1_605' title='bbox 3365 2684 3450 2720; x_wconf 74' lang='lat' dir='ltr'><strong>vos</strong></span> 
     </span>
     <span class='ocr_line' id='line_1_77' title="bbox 1884 2759 2566 2827; baseline 0.007 -20"><span class='ocrx_word' id='word_1_606' title='bbox 1884 2764 2154 2824; x_wconf 77' lang='lat' dir='ltr'><strong>impunem</strong></span> <span class='ocrx_word' id='word_1_607' title='bbox 2173 2759 2300 2810; x_wconf 75' lang='lat' dir='ltr'><strong>dirui</strong></span> <span class='ocrx_word' id='word_1_608' title='bbox 2311 2765 2452 2811; x_wconf 78' lang='lat' dir='ltr'><strong>uelis</strong></span> <span class='ocrx_word' id='word_1_609' title='bbox 2463 2765 2502 2812; x_wconf 78' lang='lat' dir='ltr'><strong>i’.</strong></span> <span class='ocrx_word' id='word_1_610' title='bbox 2511 2799 2520 2810; x_wconf 94' lang='lat'><strong><em>.</em></strong></span> <span class='ocrx_word' id='word_1_611' title='bbox 2529 2762 2566 2827; x_wconf 93' lang='grc'><strong>.]</strong></span> 
     </span>
    </p>

    <p class='ocr_par' dir='ltr' id='par_1_8' title="bbox 1877 2855 3454 5196">
     <span class='ocr_line' id='line_1_78' title="bbox 1957 2855 3442 2920; baseline 0.005 -18"><span class='ocrx_word' id='word_1_612' title='bbox 1957 2859 2036 2902; x_wconf 82' lang='grc'><strong>19..</strong></span> <span class='ocrx_word' id='word_1_613' title='bbox 2065 2856 2188 2912; x_wconf 74' lang='lat' dir='ltr'><strong>Quoe</strong></span> <span class='ocrx_word' id='word_1_614' title='bbox 2216 2857 2492 2918; x_wconf 75' lang='lat' dir='ltr'><strong>reputantes</strong></span> <span class='ocrx_word' id='word_1_615' title='bbox 2510 2892 2526 2918; x_wconf 92' lang='lat'><strong><em>‚</em></strong></span> <span class='ocrx_word' id='word_1_616' title='bbox 2545 2855 2855 2906; x_wconf 80' lang='lat' dir='ltr'><strong>Athenienses</strong></span> <span class='ocrx_word' id='word_1_617' title='bbox 2869 2889 2886 2918; x_wconf 91' lang='lat'><strong>,</strong></span> <span class='ocrx_word' id='word_1_618' title='bbox 2909 2859 2962 2907; x_wconf 83' lang='lat' dir='ltr'><strong>et</strong></span> <span class='ocrx_word' id='word_1_619' title='bbox 2985 2859 3294 2920; x_wconf 61' lang='lat' dir='ltr'><strong>praesentium</strong></span> <span class='ocrx_word' id='word_1_620' title='bbox 3315 2863 3442 2910; x_wconf 90' lang='lat' dir='ltr'><strong>tem-</strong></span> 
     </span>
     <span class='ocr_line' id='line_1_79' title="bbox 1886 2948 3446 3015; baseline 0.005 -20"><span class='ocrx_word' id='word_1_621' title='bbox 1886 2959 2058 3008; x_wconf 81' lang='lat' dir='ltr'><strong>porum</strong></span> <span class='ocrx_word' id='word_1_622' title='bbox 2093 2961 2328 2998; x_wconf 80' lang='lat' dir='ltr'><strong>memores</strong></span> <span class='ocrx_word' id='word_1_623' title='bbox 2349 2948 2366 3010; x_wconf 98' lang='lat'><strong>(</strong></span> <span class='ocrx_word' id='word_1_624' title='bbox 2384 2949 2560 3010; x_wconf 79' lang='lat' dir='ltr'><strong>quibus</strong></span> <span class='ocrx_word' id='word_1_625' title='bbox 2583 2949 2693 3009; x_wconf 78' lang='lat' dir='ltr'><strong>side,</strong></span> <span class='ocrx_word' id='word_1_626' title='bbox 2719 2963 2812 2999; x_wconf 89' lang='lat' dir='ltr'><strong>non</strong></span> <span class='ocrx_word' id='word_1_627' title='bbox 2832 2953 3140 3014; x_wconf 81' lang='lat' dir='ltr'><strong>corruptione</strong></span> <span class='ocrx_word' id='word_1_628' title='bbox 3165 2965 3293 3015; x_wconf 82' lang='lat' dir='ltr'><strong>opus</strong></span> <span class='ocrx_word' id='word_1_629' title='bbox 3317 2957 3389 3003; x_wconf 80' lang='lat' dir='ltr'><strong>est</strong></span> <span class='ocrx_word' id='word_1_630' title='bbox 3410 2959 3446 3014; x_wconf 83' lang='lat'><strong>),</strong></span> 
     </span>
     <span class='ocr_line' id='line_1_80' title="bbox 1886 3039 3454 3106; baseline 0.006 -18"><span class='ocrx_word' id='word_1_631' title='bbox 1886 3053 1974 3090; x_wconf 79' lang='lat' dir='ltr'><strong>vos</strong></span> <span class='ocrx_word' id='word_1_632' title='bbox 2005 3039 2143 3092; x_wconf 84' lang='lat' dir='ltr'><strong>decet</strong></span> <span class='ocrx_word' id='word_1_633' title='bbox 2161 3041 2273 3090; x_wconf 90' lang='lat' dir='ltr'><strong>odio</strong></span> <span class='ocrx_word' id='word_1_634' title='bbox 2309 3042 2552 3104; x_wconf 86' lang='lat' dir='ltr'><strong>improbos</strong></span> <span class='ocrx_word' id='word_1_635' title='bbox 2577 3045 2800 3106; x_wconf 82' lang='lat' dir='ltr'><strong>prosequi</strong></span> <span class='ocrx_word' id='word_1_636' title='bbox 2826 3046 2880 3094; x_wconf 83' lang='lat' dir='ltr'><strong>et</strong></span> <span class='ocrx_word' id='word_1_637' title='bbox 2909 3045 3184 3095; x_wconf 83' lang='lat' dir='ltr'><strong>istiusmodi</strong></span> <span class='ocrx_word' id='word_1_638' title='bbox 3209 3047 3392 3097; x_wconf 75' lang='lat' dir='ltr'><strong>bestias</strong></span> <span class='ocrx_word' id='word_1_639' title='bbox 3425 3063 3454 3098; x_wconf 84' lang='grc' dir='ltr'><strong>ε</strong></span> 
     </span>
     <span class='ocr_line' id='line_1_81' title="bbox 1891 3137 3448 3200; baseline 0.004 -14"><span class='ocrx_word' id='word_1_640' title='bbox 1891 3137 2133 3200; x_wconf 80' lang='lat' dir='ltr'><strong>republica</strong></span> <span class='ocrx_word' id='word_1_641' title='bbox 2158 3138 2357 3199; x_wconf 87' lang='lat' dir='ltr'><strong>tollere,</strong></span> <span class='ocrx_word' id='word_1_642' title='bbox 2395 3141 2444 3189; x_wconf 87' lang='lat' dir='ltr'><strong>et</strong></span> <span class='ocrx_word' id='word_1_643' title='bbox 2483 3138 2708 3188; x_wconf 86' lang='lat' dir='ltr'><strong>omnibns</strong></span> <span class='ocrx_word' id='word_1_644' title='bbox 2752 3139 3002 3190; x_wconf 84' lang='lat' dir='ltr'><strong>ostendere</strong></span> <span class='ocrx_word' id='word_1_645' title='bbox 3030 3141 3307 3192; x_wconf 83' lang='lat' dir='ltr'><strong>hominibus</strong></span> <span class='ocrx_word' id='word_1_646' title='bbox 3350 3157 3448 3193; x_wconf 84' lang='lat' dir='ltr'><strong>non</strong></span> 
     </span>
     <span class='ocr_line' id='line_1_82' title="bbox 1882 3232 3450 3297; baseline 0.003 -13"><span class='ocrx_word' id='word_1_647' title='bbox 1882 3233 2028 3284; x_wconf 88' lang='lat' dir='ltr'><strong>simul</strong></span> <span class='ocrx_word' id='word_1_648' title='bbox 2055 3246 2168 3282; x_wconf 90' lang='lat' dir='ltr'><strong>cum</strong></span> <span class='ocrx_word' id='word_1_649' title='bbox 2207 3232 2480 3283; x_wconf 84' lang='lat' dir='ltr'><strong>oratoribus</strong></span> <span class='ocrx_word' id='word_1_650' title='bbox 2515 3234 2564 3282; x_wconf 89' lang='lat' dir='ltr'><strong>et</strong></span> <span class='ocrx_word' id='word_1_651' title='bbox 2586 3232 2802 3284; x_wconf 68' lang='lat' dir='ltr'><strong>ducibus</strong></span> <span class='ocrx_word' id='word_1_652' title='bbox 2815 3233 3107 3297; x_wconf 84' lang='lat' dir='ltr'><strong>quibusdam</strong></span> <span class='ocrx_word' id='word_1_653' title='bbox 3136 3237 3282 3286; x_wconf 86' lang='lat' dir='ltr'><strong>etiam</strong></span> <span class='ocrx_word' id='word_1_654' title='bbox 3323 3238 3450 3288; x_wconf 82' lang='lat' dir='ltr'><strong>banc</strong></span> 
     </span>
     <span class='ocr_line' id='line_1_83' title="bbox 1886 3329 3454 3396; baseline 0.006 -19"><span class='ocrx_word' id='word_1_655' title='bbox 1886 3330 2050 3393; x_wconf 75' lang='lat' dir='ltr'><strong>popuii</strong></span> <span class='ocrx_word' id='word_1_656' title='bbox 2071 3329 2432 3381; x_wconf 85' lang='lat' dir='ltr'><strong>multitudinem</strong></span> <span class='ocrx_word' id='word_1_657' title='bbox 2451 3339 2740 3395; x_wconf 78' lang='lat' dir='ltr'><strong>corruptam</strong></span> <span class='ocrx_word' id='word_1_658' title='bbox 2751 3345 2886 3394; x_wconf 79' lang='lat' dir='ltr'><strong>esse,</strong></span> <span class='ocrx_word' id='word_1_659' title='bbox 2915 3347 3070 3396; x_wconf 88' lang='lat' dir='ltr'><strong>neque</strong></span> <span class='ocrx_word' id='word_1_660' title='bbox 3095 3337 3278 3386; x_wconf 79' lang='lat' dir='ltr'><strong>servire</strong></span> <span class='ocrx_word' id='word_1_661' title='bbox 3310 3339 3454 3386; x_wconf 77' lang='lat' dir='ltr'><strong>fanias</strong></span> 
     </span>
     <span class='ocr_line' id='line_1_84' title="bbox 1884 3425 3448 3494; baseline 0.006 -21"><span class='ocrx_word' id='word_1_662' title='bbox 1884 3425 2215 3488; x_wconf 85' lang='lat' dir='ltr'><strong>quorundam,</strong></span> <span class='ocrx_word' id='word_1_663' title='bbox 2239 3425 2360 3475; x_wconf 89' lang='lat' dir='ltr'><strong>bene</strong></span> <span class='ocrx_word' id='word_1_664' title='bbox 2379 3437 2578 3488; x_wconf 83' lang='lat' dir='ltr'><strong>gnaram</strong></span> <span class='ocrx_word' id='word_1_665' title='bbox 2609 3439 2696 3476; x_wconf 88' lang='lat' dir='ltr'><strong>nos</strong></span> <span class='ocrx_word' id='word_1_666' title='bbox 2725 3425 2958 3488; x_wconf 84' lang='lat' dir='ltr'><strong>justitiam</strong></span> <span class='ocrx_word' id='word_1_667' title='bbox 2983 3431 3300 3494; x_wconf 88' lang='lat' dir='ltr'><strong>mutuamque</strong></span> <span class='ocrx_word' id='word_1_668' title='bbox 3329 3447 3448 3481; x_wconf 88' lang='lat' dir='ltr'><strong>con·</strong></span> 
     </span>
     <span class='ocr_line' id='line_1_85' title="bbox 1883 3519 3452 3588; baseline 0.005 -19"><span class='ocrx_word' id='word_1_669' title='bbox 1883 3519 2098 3569; x_wconf 77' lang='lat' dir='ltr'><strong>cordiam</strong></span> <span class='ocrx_word' id='word_1_670' title='bbox 2135 3519 2373 3582; x_wconf 76' lang='lat' dir='ltr'><strong>colentes,</strong></span> <span class='ocrx_word' id='word_1_671' title='bbox 2404 3519 2496 3570; x_wconf 76' lang='lat' dir='ltr'><strong>diis</strong></span> <span class='ocrx_word' id='word_1_672' title='bbox 2535 3520 2840 3582; x_wconf 69' lang='lat' dir='ltr'><strong>faventibuS,</strong></span> <span class='ocrx_word' id='word_1_673' title='bbox 2873 3521 3042 3572; x_wconf 82' lang='lat' dir='ltr'><strong>ulcisci</strong></span> <span class='ocrx_word' id='word_1_674' title='bbox 3067 3523 3347 3588; x_wconf 78' lang='lat' dir='ltr'><strong>quicunque</strong></span> <span class='ocrx_word' id='word_1_675' title='bbox 3381 3529 3452 3576; x_wconf 86' lang='lat' dir='ltr'><strong>in-</strong></span> 
     </span>
     <span class='ocr_line' id='line_1_86' title="bbox 1879 3617 3451 3682; baseline 0.003 -14"><span class='ocrx_word' id='word_1_676' title='bbox 1879 3619 2008 3679; x_wconf 81' lang='lat' dir='ltr'><strong>iuste</strong></span> <span class='ocrx_word' id='word_1_677' title='bbox 2031 3631 2120 3668; x_wconf 82' lang='lat' dir='ltr'><strong>nos</strong></span> <span class='ocrx_word' id='word_1_678' title='bbox 2137 3617 2489 3681; x_wconf 79' lang='lat' dir='ltr'><strong>aggrediantur,</strong></span> <span class='ocrx_word' id='word_1_679' title='bbox 2511 3617 2594 3668; x_wconf 86' lang='lat' dir='ltr'><strong>sed</strong></span> <span class='ocrx_word' id='word_1_680' title='bbox 2615 3619 2927 3682; x_wconf 89' lang='lat' dir='ltr'><strong>corruptione</strong></span> <span class='ocrx_word' id='word_1_681' title='bbox 2940 3625 2989 3669; x_wconf 89' lang='lat' dir='ltr'><strong>et</strong></span> <span class='ocrx_word' id='word_1_682' title='bbox 3015 3620 3288 3682; x_wconf 85' lang='lat' dir='ltr'><strong>proditione</strong></span> <span class='ocrx_word' id='word_1_683' title='bbox 3314 3623 3451 3672; x_wconf 85' lang='lat' dir='ltr'><strong>simi-</strong></span> 
     </span>
     <span class='ocr_line' id='line_1_87' title="bbox 1882 3713 3443 3777; baseline 0.002 -14"><span class='ocrx_word' id='word_1_684' title='bbox 1882 3715 2109 3777; x_wconf 85' lang='lat' dir='ltr'><strong>libusque</strong></span> <span class='ocrx_word' id='word_1_685' title='bbox 2133 3715 2272 3764; x_wconf 83' lang='lat' dir='ltr'><strong>malis</strong></span> <span class='ocrx_word' id='word_1_686' title='bbox 2289 3727 2401 3777; x_wconf 72' lang='lat' dir='ltr'><strong>quae</strong></span> <span class='ocrx_word' id='word_1_687' title='bbox 2422 3714 2527 3764; x_wconf 82' lang='lat' dir='ltr'><strong>istis</strong></span> <span class='ocrx_word' id='word_1_688' title='bbox 2548 3713 2821 3763; x_wconf 73' lang='lat' dir='ltr'><strong>{nominibus</strong></span> <span class='ocrx_word' id='word_1_689' title='bbox 2849 3715 3120 3775; x_wconf 80' lang='lat' dir='ltr'><strong>adhaerent,</strong></span> <span class='ocrx_word' id='word_1_690' title='bbox 3143 3717 3322 3766; x_wconf 87' lang='lat' dir='ltr'><strong>nullam</strong></span> <span class='ocrx_word' id='word_1_691' title='bbox 3347 3731 3443 3768; x_wconf 75' lang='lat' dir='ltr'><strong>ser-</strong></span> 
     </span>
     <span class='ocr_line' id='line_1_88' title="bbox 1886 3809 3449 3874; baseline 0.003 -17"><span class='ocrx_word' id='word_1_692' title='bbox 1886 3809 1985 3858; x_wconf 79' lang='lat' dir='ltr'><strong>vari</strong></span> <span class='ocrx_word' id='word_1_693' title='bbox 2013 3822 2149 3872; x_wconf 83' lang='lat' dir='ltr'><strong>posse</strong></span> <span class='ocrx_word' id='word_1_694' title='bbox 2168 3810 2429 3860; x_wconf 83' lang='lat' dir='ltr'><strong>civitatem.</strong></span> <span class='ocrx_word' id='word_1_695' title='bbox 2449 3810 2547 3872; x_wconf 73' lang='lat'><strong>(20)</strong></span> <span class='ocrx_word' id='word_1_696' title='bbox 2573 3812 2672 3859; x_wconf 80' lang='lat' dir='ltr'><strong>Nec</strong></span> <span class='ocrx_word' id='word_1_697' title='bbox 2697 3810 2916 3873; x_wconf 83' lang='lat' dir='ltr'><strong>precibus</strong></span> <span class='ocrx_word' id='word_1_698' title='bbox 2937 3811 3096 3874; x_wconf 84' lang='lat' dir='ltr'><strong>igitur,</strong></span> <span class='ocrx_word' id='word_1_699' title='bbox 3119 3812 3449 3871; x_wconf 77' lang='lat' dir='ltr'><strong>Athenienses,</strong></span> 
     </span>
     <span class='ocr_line' id='line_1_89' title="bbox 1884 3905 3445 3971; baseline 0.004 -18"><span class='ocrx_word' id='word_1_700' title='bbox 1884 3918 1973 3954; x_wconf 87' lang='lat' dir='ltr'><strong>nec</strong></span> <span class='ocrx_word' id='word_1_701' title='bbox 2005 3905 2410 3955; x_wconf 79' lang='lat' dir='ltr'><strong>commiserationi</strong></span> <span class='ocrx_word' id='word_1_702' title='bbox 2440 3907 2596 3953; x_wconf 89' lang='lat' dir='ltr'><strong>ullum</strong></span> <span class='ocrx_word' id='word_1_703' title='bbox 2618 3905 2744 3968; x_wconf 84' lang='lat' dir='ltr'><strong>apud</strong></span> <span class='ocrx_word' id='word_1_704' title='bbox 2791 3920 2878 3956; x_wconf 86' lang='lat' dir='ltr'><strong>vos</strong></span> <span class='ocrx_word' id='word_1_705' title='bbox 2903 3906 3060 3956; x_wconf 87' lang='lat' dir='ltr'><strong>locum</strong></span> <span class='ocrx_word' id='word_1_706' title='bbox 3098 3908 3445 3971; x_wconf 76' lang='lat' dir='ltr'><strong>concedentes,</strong></span> 
     </span>
     <span class='ocr_line' id='line_1_90' title="bbox 1884 3999 3452 4066; baseline 0.005 -20"><span class='ocrx_word' id='word_1_707' title='bbox 1884 4012 2039 4060; x_wconf 82' lang='lat' dir='ltr'><strong>neque</strong></span> <span class='ocrx_word' id='word_1_708' title='bbox 2073 4011 2186 4062; x_wconf 85' lang='lat' dir='ltr'><strong>quae</strong></span> <span class='ocrx_word' id='word_1_709' title='bbox 2213 4013 2272 4050; x_wconf 80' lang='lat' dir='ltr'><strong>ex</strong></span> <span class='ocrx_word' id='word_1_710' title='bbox 2305 3999 2424 4063; x_wconf 84' lang='lat' dir='ltr'><strong>ipsis</strong></span> <span class='ocrx_word' id='word_1_711' title='bbox 2467 4001 2601 4050; x_wconf 77' lang='lat' dir='ltr'><strong>tactis</strong></span> <span class='ocrx_word' id='word_1_712' title='bbox 2641 4007 2808 4049; x_wconf 85' lang='lat' dir='ltr'><strong>contra</strong></span> <span class='ocrx_word' id='word_1_713' title='bbox 2850 4015 2958 4050; x_wconf 82' lang='lat' dir='ltr'><strong>reos</strong></span> <span class='ocrx_word' id='word_1_714' title='bbox 2984 4003 3121 4052; x_wconf 81' lang='lat' dir='ltr'><strong>vobis</strong></span> <span class='ocrx_word' id='word_1_715' title='bbox 3154 4004 3354 4066; x_wconf 83' lang='lat' dir='ltr'><strong>probata</strong></span> <span class='ocrx_word' id='word_1_716' title='bbox 3380 4011 3452 4055; x_wconf 72' lang='lat' dir='ltr'><strong>est</strong></span> 
     </span>
     <span class='ocr_line' id='line_1_91' title="bbox 1884 4093 3448 4158; baseline 0.004 -13"><span class='ocrx_word' id='word_1_717' title='bbox 1884 4093 2226 4157; x_wconf 75' lang='lat' dir='ltr'><strong>Areopagiticoe</strong></span> <span class='ocrx_word' id='word_1_718' title='bbox 2249 4093 2502 4145; x_wconf 76' lang='lat' dir='ltr'><strong>delationis</strong></span> <span class='ocrx_word' id='word_1_719' title='bbox 2534 4095 2780 4144; x_wconf 82' lang='lat' dir='ltr'><strong>veritatem</strong></span> <span class='ocrx_word' id='word_1_720' title='bbox 2803 4095 2988 4144; x_wconf 87' lang='lat' dir='ltr'><strong>irritam</strong></span> <span class='ocrx_word' id='word_1_721' title='bbox 3021 4097 3246 4148; x_wconf 79' lang='lat' dir='ltr'><strong>facientes</strong></span> <span class='ocrx_word' id='word_1_722' title='bbox 3273 4101 3448 4158; x_wconf 68' lang='grc' dir='ltr'>(τὴν...</span> 
     </span>
     <span class='ocr_line' id='line_1_92' title="bbox 1883 4192 3449 4260; baseline 0.001 -17"><span class='ocrx_word' id='word_1_723' title='bbox 1883 4193 2275 4256; x_wconf 55' lang='grc' dir='ltr'>ἀποδεδειγμένῳ</span> <span class='ocrx_word' id='word_1_724' title='bbox 2306 4195 2416 4255; x_wconf 78' lang='grc' dir='ltr'>ὑμῖν</span> <span class='ocrx_word' id='word_1_725' title='bbox 2436 4209 2482 4242; x_wconf 88' lang='grc' dir='ltr'>κ.</span> <span class='ocrx_word' id='word_1_726' title='bbox 2515 4209 2560 4242; x_wconf 92' lang='grc' dir='ltr'><strong>τ.</strong></span> <span class='ocrx_word' id='word_1_727' title='bbox 2592 4210 2667 4255; x_wconf 86' lang='grc' dir='ltr'><strong>κρ.</strong></span> <span class='ocrx_word' id='word_1_728' title='bbox 2691 4192 2792 4256; x_wconf 83' lang='grc' dir='ltr'>[τῆς</span> <span class='ocrx_word' id='word_1_729' title='bbox 2813 4193 2860 4251; x_wconf 82' lang='grc' dir='ltr'><strong>ἐξ</strong></span> <span class='ocrx_word' id='word_1_730' title='bbox 2873 4192 3057 4256; x_wconf 84' lang='grc' dir='ltr'>Ἀρείου</span> <span class='ocrx_word' id='word_1_731' title='bbox 3092 4194 3246 4258; x_wconf 79' lang='grc' dir='ltr'>πάγου</span> <span class='ocrx_word' id='word_1_732' title='bbox 3266 4199 3449 4260; x_wconf 79' lang='grc' dir='ltr'>ἀποφά-</span> 
     </span>
     <span class='ocr_line' id='line_1_93' title="bbox 1880 4285 3450 4350; baseline 0.003 -16"><span class='ocrx_word' id='word_1_733' title='bbox 1880 4285 2036 4350; x_wconf 88' lang='grc' dir='ltr'>σεως]</span> <span class='ocrx_word' id='word_1_734' title='bbox 2063 4286 2282 4345; x_wconf 80' lang='grc' dir='ltr'>ἀλήθειαν</span> <span class='ocrx_word' id='word_1_735' title='bbox 2312 4287 2486 4350; x_wconf 74' lang='grc' dir='ltr'>ἄκυρον</span> <span class='ocrx_word' id='word_1_736' title='bbox 2519 4286 2614 4348; x_wconf 86' lang='grc' dir='ltr'><strong>π),</strong></span> <span class='ocrx_word' id='word_1_737' title='bbox 2643 4287 2888 4336; x_wconf 81' lang='lat' dir='ltr'><strong>communi</strong></span> <span class='ocrx_word' id='word_1_738' title='bbox 2916 4291 3186 4339; x_wconf 82' lang='lat' dir='ltr'><strong>succurrite</strong></span> <span class='ocrx_word' id='word_1_739' title='bbox 3211 4292 3308 4350; x_wconf 79' lang='lat' dir='ltr'><strong>patr</strong></span> <span class='ocrx_word' id='word_1_740' title='bbox 3321 4290 3378 4338; x_wconf 78' lang='lat' dir='ltr'><strong>iae</strong></span> <span class='ocrx_word' id='word_1_741' title='bbox 3400 4297 3450 4339; x_wconf 81' lang='lat' dir='ltr'><strong>et</strong></span> 
     </span>
     <span class='ocr_line' id='line_1_94' title="bbox 1882 4382 3450 4446; baseline 0.003 -15"><span class='ocrx_word' id='word_1_742' title='bbox 1882 4382 2098 4446; x_wconf 84' lang='lat' dir='ltr'><strong>legibus;</strong></span> <span class='ocrx_word' id='word_1_743' title='bbox 2125 4384 2231 4433; x_wconf 79' lang='lat' dir='ltr'><strong>haec</strong></span> <span class='ocrx_word' id='word_1_744' title='bbox 2251 4383 2380 4432; x_wconf 85' lang='lat' dir='ltr'><strong>enim</strong></span> <span class='ocrx_word' id='word_1_745' title='bbox 2404 4387 2608 4446; x_wconf 83' lang='lat' dir='ltr'><strong>utraque</strong></span> <span class='ocrx_word' id='word_1_746' title='bbox 2631 4384 2722 4434; x_wconf 86' lang='lat' dir='ltr'><strong>hoc</strong></span> <span class='ocrx_word' id='word_1_747' title='bbox 2750 4384 2931 4444; x_wconf 76' lang='lat' dir='ltr'><strong>judicio</strong></span> <span class='ocrx_word' id='word_1_748' title='bbox 2965 4385 3262 4434; x_wconf 68' lang='lat' dir='ltr'><strong>contendunt</strong></span> <span class='ocrx_word' id='word_1_749' title='bbox 3281 4392 3450 4436; x_wconf 80' lang='lat' dir='ltr'><strong>contra</strong></span> 
     </span>
     <span class='ocr_line' id='line_1_95' title="bbox 1881 4475 3448 4541; baseline 0.002 -15"><span class='ocrx_word' id='word_1_750' title='bbox 1881 4477 2018 4526; x_wconf 85' lang='lat' dir='ltr'><strong>istius</strong></span> <span class='ocrx_word' id='word_1_751' title='bbox 2047 4475 2414 4539; x_wconf 74' lang='lat' dir='ltr'><strong>improbitatem.</strong></span> <span class='ocrx_word' id='word_1_752' title='bbox 2475 4476 2574 4538; x_wconf 85' lang='lat'>(21)</span> <span class='ocrx_word' id='word_1_753' title='bbox 2606 4479 2677 4527; x_wconf 85' lang='lat' dir='ltr'><strong>De</strong></span> <span class='ocrx_word' id='word_1_754' title='bbox 2706 4481 2835 4538; x_wconf 81' lang='lat' dir='ltr'><strong>tota,</strong></span> <span class='ocrx_word' id='word_1_755' title='bbox 2877 4478 3214 4537; x_wconf 78' lang='lat' dir='ltr'><strong>Athenienses,</strong></span> <span class='ocrx_word' id='word_1_756' title='bbox 3259 4479 3448 4541; x_wconf 83' lang='lat' dir='ltr'><strong>regione</strong></span> 
     </span>
     <span class='ocr_line' id='line_1_96' title="bbox 1880 4568 3446 4630; baseline 0 -13"><span class='ocrx_word' id='word_1_757' title='bbox 1880 4579 2012 4618; x_wconf 78' lang='lat' dir='ltr'><strong>nune</strong></span> <span class='ocrx_word' id='word_1_758' title='bbox 2054 4569 2278 4630; x_wconf 67' lang='lat' dir='ltr'><strong>suffragia</strong></span> <span class='ocrx_word' id='word_1_759' title='bbox 2317 4568 2475 4618; x_wconf 82' lang='lat' dir='ltr'><strong>seretis</strong></span> <span class='ocrx_word' id='word_1_760' title='bbox 2494 4607 2510 4628; x_wconf 88' lang='lat'><strong>,</strong></span> <span class='ocrx_word' id='word_1_761' title='bbox 2539 4568 2600 4619; x_wconf 91' lang='lat' dir='ltr'><strong>de</strong></span> <span class='ocrx_word' id='word_1_762' title='bbox 2627 4570 2826 4618; x_wconf 82' lang='lat' dir='ltr'><strong>structis</strong></span> <span class='ocrx_word' id='word_1_763' title='bbox 2861 4570 2908 4618; x_wconf 89' lang='lat' dir='ltr'><strong>in</strong></span> <span class='ocrx_word' id='word_1_764' title='bbox 2933 4583 2990 4618; x_wconf 87' lang='lat' dir='ltr'><strong>ea</strong></span> <span class='ocrx_word' id='word_1_765' title='bbox 3021 4571 3195 4628; x_wconf 81' lang='lat' dir='ltr'><strong>sacris,</strong></span> <span class='ocrx_word' id='word_1_766' title='bbox 3229 4570 3289 4619; x_wconf 86' lang='lat' dir='ltr'><strong>de</strong></span> <span class='ocrx_word' id='word_1_767' title='bbox 3321 4571 3446 4618; x_wconf 86' lang='lat' dir='ltr'><strong>anti-</strong></span> 
     </span>
     <span class='ocr_line' id='line_1_97' title="bbox 1878 4658 3450 4726; baseline 0.003 -19"><span class='ocrx_word' id='word_1_768' title='bbox 1878 4658 1987 4722; x_wconf 84' lang='lat' dir='ltr'><strong>quis</strong></span> <span class='ocrx_word' id='word_1_769' title='bbox 2015 4659 2268 4720; x_wconf 71' lang='lat' dir='ltr'><strong>institutiS,</strong></span> <span class='ocrx_word' id='word_1_770' title='bbox 2305 4659 2368 4708; x_wconf 88' lang='lat' dir='ltr'><strong>de</strong></span> <span class='ocrx_word' id='word_1_771' title='bbox 2394 4659 2569 4710; x_wconf 84' lang='lat' dir='ltr'><strong>tradita</strong></span> <span class='ocrx_word' id='word_1_772' title='bbox 2599 4659 2737 4710; x_wconf 77' lang='lat' dir='ltr'><strong>nobis</strong></span> <span class='ocrx_word' id='word_1_773' title='bbox 2761 4675 2788 4710; x_wconf 83' lang='lat' dir='ltr'><strong>a</strong></span> <span class='ocrx_word' id='word_1_774' title='bbox 2814 4661 3074 4722; x_wconf 73' lang='lat' dir='ltr'><strong>majoribus</strong></span> <span class='ocrx_word' id='word_1_775' title='bbox 3105 4661 3257 4710; x_wconf 83' lang='lat' dir='ltr'><strong>torma</strong></span> <span class='ocrx_word' id='word_1_776' title='bbox 3294 4663 3450 4726; x_wconf 78' lang='lat' dir='ltr'><strong>reipu-</strong></span> 
     </span>
     <span class='ocr_line' id='line_1_98' title="bbox 1879 4755 3448 4821; baseline 0.003 -17"><span class='ocrx_word' id='word_1_777' title='bbox 1879 4755 2046 4819; x_wconf 79' lang='lat' dir='ltr'><strong>biicoe,</strong></span> <span class='ocrx_word' id='word_1_778' title='bbox 2073 4770 2168 4806; x_wconf 84' lang='lat' dir='ltr'><strong>non</strong></span> <span class='ocrx_word' id='word_1_779' title='bbox 2201 4756 2263 4806; x_wconf 89' lang='lat' dir='ltr'><strong>de</strong></span> <span class='ocrx_word' id='word_1_780' title='bbox 2293 4771 2390 4806; x_wconf 88' lang='lat' dir='ltr'><strong>uno</strong></span> <span class='ocrx_word' id='word_1_781' title='bbox 2428 4757 2667 4819; x_wconf 89' lang='lat' dir='ltr'><strong>Philocle;</strong></span> <span class='ocrx_word' id='word_1_782' title='bbox 2693 4759 2733 4806; x_wconf 81' lang='lat' dir='ltr'><strong>is</strong></span> <span class='ocrx_word' id='word_1_783' title='bbox 2755 4758 2882 4806; x_wconf 89' lang='lat' dir='ltr'><strong>enim</strong></span> <span class='ocrx_word' id='word_1_784' title='bbox 2904 4759 3004 4820; x_wconf 83' lang='lat' dir='ltr'><strong>jam</strong></span> <span class='ocrx_word' id='word_1_785' title='bbox 3040 4758 3222 4820; x_wconf 86' lang='lat' dir='ltr'><strong>pridem</strong></span> <span class='ocrx_word' id='word_1_786' title='bbox 3251 4771 3304 4809; x_wconf 79' lang='lat' dir='ltr'><strong>se</strong></span> <span class='ocrx_word' id='word_1_787' title='bbox 3344 4761 3448 4821; x_wconf 80' lang='lat' dir='ltr'><strong>ipse</strong></span> 
     </span>
     <span class='ocr_line' id='line_1_99' title="bbox 1879 4849 3452 4914; baseline 0.003 -16"><span class='ocrx_word' id='word_1_788' title='bbox 1879 4849 2049 4912; x_wconf 70' lang='lat' dir='ltr'><strong>capitis</strong></span> <span class='ocrx_word' id='word_1_789' title='bbox 2093 4851 2357 4900; x_wconf 76' lang='lat' dir='ltr'><strong>damnavit.</strong></span> <span class='ocrx_word' id='word_1_790' title='bbox 2399 4852 2514 4900; x_wconf 76' lang='lat' dir='ltr'><strong>liaec</strong></span> <span class='ocrx_word' id='word_1_791' title='bbox 2549 4863 2639 4913; x_wconf 86' lang='lat' dir='ltr'><strong>ego</strong></span> <span class='ocrx_word' id='word_1_792' title='bbox 2679 4863 2770 4899; x_wconf 84' lang='lat' dir='ltr'><strong>vos</strong></span> <span class='ocrx_word' id='word_1_793' title='bbox 2817 4864 3018 4912; x_wconf 79' lang='lat' dir='ltr'><strong>precans</strong></span> <span class='ocrx_word' id='word_1_794' title='bbox 3049 4853 3204 4901; x_wconf 88' lang='lat' dir='ltr'><strong>multa</strong></span> <span class='ocrx_word' id='word_1_795' title='bbox 3242 4851 3452 4914; x_wconf 77' lang='lat' dir='ltr'><strong>justiora</strong></span> 
     </span>
     <span class='ocr_line' id='line_1_100' title="bbox 1880 4943 3446 5006; baseline 0.003 -15"><span class='ocrx_word' id='word_1_796' title='bbox 1880 4945 1992 5004; x_wconf 89' lang='lat' dir='ltr'><strong>peto</strong></span> <span class='ocrx_word' id='word_1_797' title='bbox 2015 4955 2160 5005; x_wconf 86' lang='lat' dir='ltr'><strong>quam</strong></span> <span class='ocrx_word' id='word_1_798' title='bbox 2189 4943 2273 5006; x_wconf 81' lang='lat' dir='ltr'><strong>qui</strong></span> <span class='ocrx_word' id='word_1_799' title='bbox 2300 4943 2391 4992; x_wconf 84' lang='lat' dir='ltr'><strong>ista</strong></span> <span class='ocrx_word' id='word_1_800' title='bbox 2426 4946 2779 5006; x_wconf 88' lang='lat' dir='ltr'><strong>perpetrarunt,</strong></span> <span class='ocrx_word' id='word_1_801' title='bbox 2817 4956 2879 4992; x_wconf 88' lang='lat' dir='ltr'><strong>ne</strong></span> <span class='ocrx_word' id='word_1_802' title='bbox 2922 4943 3102 4994; x_wconf 86' lang='lat' dir='ltr'><strong>scilicet</strong></span> <span class='ocrx_word' id='word_1_803' title='bbox 3124 4944 3358 4996; x_wconf 83' lang='lat' dir='ltr'><strong>deseratis</strong></span> <span class='ocrx_word' id='word_1_804' title='bbox 3388 4960 3446 4996; x_wconf 84' lang='lat' dir='ltr'><strong>ea</strong></span> 
     </span>
     <span class='ocr_line' id='line_1_101' title="bbox 1878 5038 3440 5104; baseline 0.003 -18"><span class='ocrx_word' id='word_1_805' title='bbox 1878 5051 1966 5100; x_wconf 89' lang='lat' dir='ltr'><strong>pro</strong></span> <span class='ocrx_word' id='word_1_806' title='bbox 1997 5038 2172 5102; x_wconf 84' lang='lat' dir='ltr'><strong>quibus</strong></span> <span class='ocrx_word' id='word_1_807' title='bbox 2211 5039 2418 5102; x_wconf 80' lang='lat' dir='ltr'><strong>majores</strong></span> <span class='ocrx_word' id='word_1_808' title='bbox 2459 5039 2606 5089; x_wconf 84' lang='lat' dir='ltr'><strong>nostri</strong></span> <span class='ocrx_word' id='word_1_809' title='bbox 2645 5039 2796 5088; x_wconf 84' lang='lat' dir='ltr'><strong>multa</strong></span> <span class='ocrx_word' id='word_1_810' title='bbox 2830 5039 3166 5091; x_wconf 86' lang='lat' dir='ltr'><strong>sustinuerunt</strong></span> <span class='ocrx_word' id='word_1_811' title='bbox 3197 5041 3440 5104; x_wconf 85' lang='lat' dir='ltr'><strong>pericula,</strong></span> 
     </span>
     <span class='ocr_line' id='line_1_102' title="bbox 1877 5129 3440 5196; baseline 0.003 -19"><span class='ocrx_word' id='word_1_812' title='bbox 1877 5130 2037 5178; x_wconf 89' lang='lat' dir='ltr'><strong>necin</strong></span> <span class='ocrx_word' id='word_1_813' title='bbox 2068 5129 2244 5180; x_wconf 70' lang='lat' dir='ltr'><strong>fredam</strong></span> <span class='ocrx_word' id='word_1_814' title='bbox 2291 5131 2597 5192; x_wconf 70' lang='lat' dir='ltr'><strong>ignominiam</strong></span> <span class='ocrx_word' id='word_1_815' title='bbox 2639 5135 2936 5181; x_wconf 82' lang='lat' dir='ltr'><strong>convertatis</strong></span> <span class='ocrx_word' id='word_1_816' title='bbox 2961 5133 3096 5182; x_wconf 86' lang='lat' dir='ltr'><strong>urbis</strong></span> <span class='ocrx_word' id='word_1_817' title='bbox 3131 5133 3440 5196; x_wconf 83' lang='lat' dir='ltr'><strong>dignitatem,</strong></span> 
     </span>
    </p>
   </div>
   <div class='ocr_carea' id='block_1_8' title="bbox 216 5211 3444 5298">
    <p class='ocr_par' dir='ltr' id='par_1_9' title="bbox 216 5211 3444 5298">
     <span class='ocr_line' id='line_1_103' title="bbox 216 5211 3444 5298; baseline 0.003 -31"><span class='ocrx_word' id='word_1_818' title='bbox 216 5211 317 5282; x_wconf 80' lang='grc' dir='ltr'><strong>τὴν</strong></span> <span class='ocrx_word' id='word_1_819' title='bbox 346 5213 475 5294; x_wconf 73' lang='grc' dir='ltr'>πρὸς</span> <span class='ocrx_word' id='word_1_820' title='bbox 494 5213 700 5283; x_wconf 81' lang='grc' dir='ltr'>τούτους</span> <span class='ocrx_word' id='word_1_821' title='bbox 723 5215 887 5298; x_wconf 77' lang='grc' dir='ltr'>χάριν</span> <span class='ocrx_word' id='word_1_822' title='bbox 908 5217 1013 5274; x_wconf 78' lang='grc' dir='ltr'><strong>τῶν</strong></span> <span class='ocrx_word' id='word_1_823' title='bbox 1048 5214 1221 5292; x_wconf 83' lang='grc' dir='ltr'>νόμων</span> <span class='ocrx_word' id='word_1_824' title='bbox 1252 5215 1341 5274; x_wconf 78' lang='grc' dir='ltr'><strong>καὶ</strong></span> <span class='ocrx_word' id='word_1_825' title='bbox 1367 5217 1469 5274; x_wconf 82' lang='grc' dir='ltr'><strong>τῶν</strong></span> <span class='ocrx_word' id='word_1_826' title='bbox 1500 5221 1591 5274; x_wconf 78' lang='grc' dir='ltr'><strong>τοῦ</strong></span> <span class='ocrx_word' id='word_1_827' title='bbox 1616 5215 1787 5288; x_wconf 70' lang='grc' dir='ltr'>δήμου</span> <span class='ocrx_word' id='word_1_828' title='bbox 1878 5239 1968 5276; x_wconf 84' lang='lat' dir='ltr'><strong>nec</strong></span> <span class='ocrx_word' id='word_1_829' title='bbox 2001 5227 2204 5277; x_wconf 80' lang='lat' dir='ltr'><strong>latorum</strong></span> <span class='ocrx_word' id='word_1_830' title='bbox 2227 5225 2428 5288; x_wconf 82' lang='lat' dir='ltr'><strong>gratiam</strong></span> <span class='ocrx_word' id='word_1_831' title='bbox 2445 5228 2754 5277; x_wconf 76' lang='lat' dir='ltr'><strong>commutetis</strong></span> <span class='ocrx_word' id='word_1_832' title='bbox 2769 5241 2880 5277; x_wconf 86' lang='lat' dir='ltr'><strong>cum</strong></span> <span class='ocrx_word' id='word_1_833' title='bbox 2901 5228 3080 5290; x_wconf 73' lang='lat' dir='ltr'><strong>legibus</strong></span> <span class='ocrx_word' id='word_1_834' title='bbox 3105 5232 3154 5278; x_wconf 78' lang='lat' dir='ltr'><strong>et</strong></span> <span class='ocrx_word' id='word_1_835' title='bbox 3179 5229 3340 5292; x_wconf 85' lang='lat' dir='ltr'><strong>populi</strong></span> <span class='ocrx_word' id='word_1_836' title='bbox 3364 5241 3444 5278; x_wconf 85' lang='lat' dir='ltr'><strong>se-</strong></span> 
     </span>
    </p>
   </div>
  </div>
 </body>
</html>
