3825 5834
1417 425 1929 486 FRAGMENTA.

89 565 166 622 in*
183 564 330 620 αὖτοῦ
347 583 360 600 ·
405 559 663 640 Ἀντιφῶν
695 557 748 618 ἓν
775 561 843 638 τῇ
865 557 994 639 πρὸς
1021 557 1296 618 Φίλιππον
1325 555 1583 636 ἀπολογίᾳ
1603 599 1621 628 ,

86 655 124 712 εἶ
142 649 346 729 γνήσιος.

175 806 292 868 XX.
334 801 510 864 KAT'
553 801 1017 864 ΑΛΚΙΒΙΑΔΟΥ
1067 801 1494 863 ΛΟΙΔΟΡΙΑΣ.

788 938 886 995 66.

155 1071 464 1130 Plutarchus
499 1068 793 1126 Alcibiad.
847 1088 901 1127 c.
935 1070 968 1126 3
1008 1089 1022 1124 :
1063 1065 1160 1128 Ἐν
1205 1066 1260 1124 δὲ
1295 1073 1412 1132 ταῖς
1450 1065 1624 1124 Ἀντι-

97 1167 264 1242 φῶντος
303 1154 584 1238 λοιδορίαις
637 1157 970 1236 γέγραπται,
1021 1155 1102 1216 ὅτι
1143 1165 1269 1224 παῖς
1312 1155 1386 1216 ὢν
1435 1160 1496 1216 ἐκ
1530 1159 1626 1228 τῆς

97 1250 231 1314 οἰκίας
269 1245 465 1322 ἀπέδρα
509 1244 648 1324 πρὸς
696 1243 1018 1324 Δημοκράτη
1057 1244 1175 1304 τινὰ
1215 1249 1320 1304 τῶν
1362 1247 1625 1321 ἐραστῶν,

99 1331 372 1418 βουλομένου
391 1333 438 1392 δ’
455 1331 620 1392 αὖτὸν
643 1333 1026 1412 ἀποκηρύττειν
1037 1331 1344 1414 Ἀρίφρονος,
1366 1335 1628 1412 Περικλῆς

99 1429 176 1486 οὐκ
191 1423 346 1482 εἴασεν
383 1420 548 1481 εἰπών
567 1465 586 1498 ,
611 1422 662 1479 εἷ
691 1420 788 1498 μὲν
811 1421 1087 1492 τέθνηκεν,
1127 1419 1301 1503 ἡμέρᾳ
1325 1429 1424 1502 μιᾷ
1452 1421 1539 1481 διὰ
1566 1420 1628 1479 τὸ

99 1515 304 1590 κήρυγμα
321 1511 598 1591 φανεῖσθαι
623 1509 907 1589 πρότερον,
930 1511 977 1569 εἰ
996 1507 1052 1568 δὲ
1076 1513 1178 1576 σῶς
1201 1513 1364 1586 ἐστιν,
1390 1509 1628 1570 ἄσωστον

103 1603 215 1682 αὐτῷ
245 1597 324 1657 τὸν
351 1595 536 1657 λοιπὸν
581 1594 696 1677 βίον
747 1596 956 1656 ἔσεσθαι
972 1597 1106 1670 ῃκαὶ
1139 1596 1219 1656 ὅτι
1263 1600 1368 1656 τῶν
1398 1599 1628 1656 ἀκολου-

102 1688 284 1746 θούντων
300 1684 412 1743 τινὰ
430 1683 686 1744 κτείνειεν
705 1686 758 1744 ἐν
781 1688 848 1762 τῇ
871 1682 1154 1764 Σιὸυρτίου
1165 1683 1470 1766 παλαίστρᾳ
1490 1683 1627 1766 ξύλῳ

103 1773 312 1842 πατάξας.
323 1772 485 1832 Ἀλλὰ
511 1772 723 1839 τούτοις
749 1771 846 1850 μὲν
867 1774 962 1832 οὔκ
995 1771 1136 1840 ἄξιον
1176 1773 1302 1840 ἴσως
1326 1773 1587 1832 πιστεύειν
1607 1818 1622 1845 ,

107 1863 134 1920 ἅ
154 1886 202 1940 γε
219 1860 550 1940 λοιδορεῖσθαί
571 1883 654 1926 τις
687 1862 831 1940 αὐτῷ
853 1861 918 1918 δι’
951 1861 1142 1942 ἔχθραν
1164 1861 1432 1940 ὁμολογῶν
1458 1852 1623 1922 εἶπεν.

797 1977 894 2048 67.

165 2083 434 2139 Athmaens
451 2082 595 2150 XII,
625 2101 697 2156 p.
727 2079 862 2153 525,
890 2084 936 2138 B
969 2101 984 2138 z
1026 2080 1160 2160 Περὶ
1191 2079 1246 2139 δὲ
1273 2083 1378 2140 τῶν
1401 2079 1631 2152 ’Aenea-

104 2170 184 2226 νῶν
207 2167 434 2248 Ἀντιφῶν
465 2167 522 2225 ἐν
547 2169 632 2246 τῷ
681 2170 802 2225 κατ’
846 2166 1176 2229 Ἀλκιὸιοίδου
1205 2168 1461 2248 λοιδορίας
1501 2171 1630 2249 γρά-

105 2279 172 2336 φει
194 2257 362 2322 οὕτως·
385 2287 466 2302 -
517 2279 546 2308 α
581 2253 812 2327 Ἐπειδὴ
857 2256 1204 2333 ἐδοκιμάσθης
1233 2255 1336 2316 ὑπὸ
1369 2259 1476 2316 τῶν
1517 2261 1630 2316 ἐπι-

111 2373 130 2396 a
157 2343 364 2423 τρόπων,
398 2341 736 2422 παραλαὸὼν
779 2345 906 2424 παρ’
948 2345 1122 2404 αὐτῶν
1163 2343 1233 2404 τὰ
1273 2349 1468 2404 σαυτοῦ
1498 2345 1630 2424 χρή-

107 2459 127 2482 a
151 2455 296 2506 ματα,
352 2428 492 2510 ᾤχου
543 2428 836 2490 ἀποπλέων
885 2433 959 2497 εἰς
1001 2429 1260 2504 Ἀὅυδον,
1311 2431 1432 2491 οὔτε
1477 2432 1630 2513 χρέος

105 2547 128 2569 ι
149 2517 258 2576 ἴδιον
293 2522 476 2576 σαυτοῦ
521 2516 856 2597 πραξόμενος
889 2515 1039 2578 οὐδὲν
1073 2517 1194 2577 οὔτε
1235 2518 1506 2599 προξενίας
1551 2521 1632 2579 οὔ·

111 2635 130 2657 ι
153 2610 306 2682 δεμιᾶς
331 2607 494 2666 ἕνεκεν
510 2650 530 2682 ,
561 2605 710 2669 ἀλλὰ
728 2609 794 2686 τῇ
824 2612 1020 2666 σαυτοῦ
1049 2605 1356 2687 παρανομία
1383 2606 1475 2666 καὶ
1505 2608 1630 2667 ἀκο-

115 2721 136 2744 «
159 2695 294 2774 λασία
317 2699 406 2764 τῆς
429 2695 648 2772 γνώμης
679 2695 890 2772 ὁμοίους
932 2694 1102 2776 ἔργων
1133 2695 1355 2772 τρόπους
1387 2698 1630 2773 μαθησό-

121 2807 140 2832 e
179 2804 306 2856 μενος
343 2779 484 2860 παρὰ
533 2786 646 2842 τῶν
694 2782 748 2839 έν
777 2780 979 2861 Ἀὅῦδῳ
1035 2785 1298 2862 γυναικῶν
1318 2826 1336 2855 ,
1393 2783 1536 2852 ὅπως
1578 2787 1632 2844 ἐν

121 2895 140 2918 κ
169 2873 227 2944 τῷ
245 2869 476 2950 ἐπιλοίπῳ
503 2869 604 2950 βίῳ
636 2874 834 2929 σαυτοῦ
865 2870 1006 2950 ἔχοις
1025 2875 1256 2951 χρῆσθαι
1287 2873 1481 2940 αὐτοῖς.

175 2962 466 3018 Plutarchus
510 2981 702 3037 quum
733 2961 926 3020 laudet
953 2959 1290 3042 Ἀντιφῶντος
1339 2961 1630 3044 λοιδορίας,

122 3049 362 3105 Athenaeus
381 3069 514 3106 vero
542 3051 966 3125 Antiphontem
992 3053 1044 3109 ἐν
1064 3053 1142 3128 τῷ
1159 3051 1276 3109 κατ’
1302 3047 1630 3110 Ἀλκιὸιιίδου

117 3133 324 3214 λοιδορίας
347 3139 495 3208 citet,
517 3141 798 3212 quaeritur
823 3158 962 3194 num
991 3138 1064 3195 de
1087 3142 1348 3198 oratione
1375 3143 1434 3198 in
1460 3140 1634 3199 λοιδο-

123 3219 208 3297 ρίας
228 3227 303 3280 vel
330 3223 643 3304 κακηγορίας
685 3226 804 3304 δίκῃ
828 3227 1020 3284 habita
1049 3229 1416 3304 cogitandum
1441 3232 1532 3301 sit,
1560 3249 1633 3286 an

122 3310 176 3366 de
197 3312 390 3384 libello,
411 3333 524 3388 quo
551 3318 810 3389 partium
833 3313 1082 3372 studium
1103 3335 1292 3372 mores
1324 3317 1632 3374 Alcibiadis

123 3399 400 3462 traduxerit.
427 3403 718 3478 Sauppius
748 3403 820 3459 de
837 3403 928 3459 his
952 3405 1032 3460 ita
1047 3403 1224 3460 habet
1255 3423 1270 3460 ι
1302 3429 1328 3454 κ
1353 3406 1490 3476 Quae
1509 3406 1635 3462 Plu-

121 3489 301 3544 tarchus
323 3491 472 3547 addit
489 3488 846 3570 λοιδορεῖσθαί
866 3513 942 3557 τις
964 3491 1110 3569 αὐτῷ
1131 3491 1198 3550 δι’
1221 3489 1417 3570 ἔχθραν
1441 3492 1633 3568 ὁμολο-

123 3579 206 3650 γῶν
224 3591 271 3636 et
289 3581 570 3636 ostendunt
597 3599 738 3636 eum
773 3581 1144 3656 Antiphontis
1180 3581 1440 3637 libellum
1468 3599 1633 3638 accu-

522 3831 715 3882 modo
751 3832 1025 3896 genuina
1071 3831 1172 3882 stt.

811 3915 890 3959 65.

177 3995 502 4057 Armetkeeat,
541 3995 678 4048 demi
715 3995 818 4047 sive
845 3995 954 4062 pagi
984 3995 1188 4059 aliquus
1220 3997 1498 4060 participem
1533 4011 1636 4049 esse

133 4061 178 4110 ab
195 4077 322 4127 eoque
345 4067 616 4129 nuncupari.
651 4066 896 4130 Antiphon
917 4067 967 4116 in
991 4067 1278 4118 Defensione
1301 4073 1471 4118 contra
1506 4068 1624 4118 Phi·

134 4132 273 4195 lippum
286 4170 300 4195 ,
317 4137 353 4184 si
381 4137 518 4187 nodo
532 4138 744 4200 genuina
765 4137 870 4188 hoec
887 4137 1040 4188 oratio
1059 4139 1150 4188 est.

249 4259 336 4308 XX.
365 4261 618 4312 CONTRA
647 4262 1037 4312 Abclsslannu
1069 4263 1154 4312 DE
1184 4263 1474 4314 mmmm.

185 4439 230 4485 la
253 4440 640 4496 criminationibus
660 4445 969 4508 Antiphontis
1005 4447 1234 4510 praeterea
1271 4449 1507 4512 scriptum
1532 4451 1606 4499 est
1619 4485 1634 4510 ,

143 4507 369 4561 Alcibiadem
383 4528 572 4577 puerum
597 4517 753 4567 domo
769 4517 1012 4580 aufugisse
1031 4518 1092 4568 ad
1120 4522 1459 4571 Democratem
1483 4533 1634 4569 unum

143 4588 184 4622 ex
197 4585 469 4637 amatoribus:
493 4589 929 4651 Ariphronemque‚
949 4603 1100 4650 quum
1117 4589 1364 4640 statuisset
1379 4605 1490 4642 enm
1510 4592 1638 4641 abdi·

145 4657 252 4710 mre,
271 4651 500 4706 inhibitum
521 4671 550 4707 a
569 4658 752 4709 Pericle
766 4693 782 4718 ,
801 4657 936 4721 quod
953 4659 1164 4720 diceret,
1185 4677 1212 4702 α
1241 4659 1295 4710 Si
1317 4665 1535 4711 mortuus
1564 4668 1636 4713 est

145 4727 245 4776 ΡΜ,
267 4733 348 4772 uno
368 4725 442 4776 die
463 4741 542 4790 per
563 4729 694 4778 istud
719 4729 1011 4792 praeconium
1037 4729 1174 4792 prius
1208 4743 1342 4780 mors
1363 4731 1466 4793 eius
1491 4735 1634 4782 inno·

145 4785 280 4864 ltsceh
302 4791 366 4841 sin
402 4795 554 4846 salvus
585 4801 690 4860 est,
718 4797 875 4847 omnis
898 4797 946 4847 in
976 4801 1220 4861 posterum
1252 4803 1296 4850 ei
1329 4799 1430 4850 vita
1466 4802 1637 4851 miser-

147 4865 238 4932 rima
260 4860 358 4912 erit.
385 4883 408 4906 υ
435 4865 558 4916 idem
582 4869 653 4918 ait
679 4867 922 4930 quendam
959 4869 1192 4918 comitum
1220 4869 1282 4919 ah
1317 4869 1560 4920 Alcibiade
1586 4873 1638 4922 in

147 4925 296 5006 slis-flii
324 4934 519 4993 palaestra
541 4936 673 4999 ligno
692 4939 843 4986 ictum
863 4941 912 4986 et
935 4939 1262 4989 exanimatum
1293 4953 1411 4991 esse.
1439 4943 1530 4990 Sed
1557 4941 1638 4991 lio·

149 5003 238 5044 '¹¹¹⁰'
254 5000 382 5060 mlum
405 5017 498 5066 pree
519 5019 570 5058 se
589 5009 778 5068 terenti,
803 5009 900 5058 odii
921 5023 1068 5060 causa
1091 5011 1310 5062 convicia
1331 5023 1385 5062 se
1405 5011 1638 5062 Alcibiadi

152 5063 294 5131 ΜΝ,
314 5071 486 5130 tortasse
511 5092 606 5130 non
630 5081 706 5131 est
731 5080 1042 5132 credendum.

765 5167 768 5172 ’
813 5173 892 5220 67.

285 3745 398 3794 XIX.
430 3745 686 3796 CONTRA
718 3745 1066 3794 PHILIPP‘UM
1100 3744 1432 3804 DEFENSIO,
1673 3761 1690 4684 1

209 5243 264 5294 ⁰⁸
279 5247 488 5311 Abydenis
503 5258 746 5322 Antiphon
765 5257 812 5308 in
831 5259 1046 5312 oratione
1063 5265 1231 5312 contra
1254 5261 1548 5312 Alcibiadem
1571 5261 1642 5313 in·
1675 4687 1692 5294 ί

3166 450 3269 501 231

1719 559 1894 614 ratius
1928 558 2153 613 novisse
2178 568 2237 612 et
2264 556 2407 612 illud
2424 553 2708 624 efficiunt,
2741 567 2804 612 ut
2826 574 2943 612 non
2966 555 3287 615 orationem

1719 657 1921 701 contra
1941 643 2297 701 Alcibiadem
2318 644 2376 699 in
2394 641 2618 715 judicio
2634 643 2885 700 habitam
2909 643 3009 717 (cf.
3024 647 3195 702 Meier
3213 646 3285 702 de

1721 734 1831 789 litt.
1881 744 1987 788 att.
2036 751 2098 806 p.
2139 731 2327 808 484),
2366 731 2468 788 sed
2512 731 2795 789 famosum
2828 733 3087 789 libellum
3116 734 3285 790 fuisse

1719 832 1916 896 putem
1934 820 2283 876 diffamando
2304 819 2755 878 adversariarum
2770 822 3019 896 partium
3040 823 3287 896 principi

1719 911 2015 985 scriptum.
2034 911 2238 968 Similis
2260 921 2343 967 est
2360 909 2682 969 Andocidis
2700 913 3141 968 commentarius
3156 909 3287 988 πρὸς

1718 995 1838 1061 τοὺς
1866 996 2122 1075 ἑταίρους.
2154 999 2459 1057 Athenaeus
2490 999 2645 1054 facili
2686 1017 2887 1055 errore
2928 999 3002 1056 de
3026 1001 3287 1057 oratione

1720 1087 1973 1162 cogitare
1996 1096 2247 1160 poterat,
2266 1087 2373 1141 nisi
2397 1090 2589 1149 ταῖς...
2614 1082 2896 1165 λοιδορίαις
2923 1086 3287 1144 scribendum

1721 1185 1824 1234 est.
1865 1199 1891 1224 ι
1933 1173 2149 1232 Contra
2172 1174 2495 1233 Meierusll.
2536 1193 2595 1249 p.
2622 1175 2760 1244 484,
2792 1185 2916 1232 not.
2958 1172 3031 1230 25
3068 1174 3286 1230 Plutar—

1722 1263 1892 1318 chum
1931 1263 1990 1317 in
2024 1262 2251 1317 citando
2296 1263 2512 1335 scripto
2534 1263 2924 1337 Antiphonteo
2956 1279 3165 1337 parum
3198 1281 3289 1318 ac-

1723 1363 1981 1407 curatum
2032 1350 2198 1405 fuisse
2234 1359 2417 1424 putat.
2486 1358 2569 1405 Ac
2611 1369 2743 1406 sane
2798 1349 2981 1422 major
3030 1351 3287 1406 Athenaei

1723 1458 1892 1512 quarn
1934 1436 2227 1495 Plutarchi
2281 1439 2345 1492 in
2382 1438 2559 1492 titulis
2597 1439 2939 1512 scriptorum
2988 1437 3287 1495 laudandis

1721 1523 1862 1582 fides
1893 1537 2005 1596 est,
2038 1527 2106 1580 iis
2144 1525 2459 1600 praesertim
2483 1525 2623 1580 locis
2666 1525 2771 1580 uhi
2806 1523 3080 1600 ipsissima
3114 1527 3289 1582 verba

1727 1626 2027 1671 auctorum
2069 1613 2143 1669 ab
2172 1613 2447 1670 Athenaeo
2474 1613 2893 1670 exscribuntur.
2943 1613 3116 1686 Quod
3158 1616 3288 1671 Plu-

1725 1703 1953 1758 tarchus
1992 1703 2166 1758 habet
2192 1699 2530 1780 Ἀντιφῶντος
2577 1699 2857 1778 λοιδορίαι,
2906 1702 2968 1757 id
3012 1705 3291 1777 genuinus

1705 1802 1876 1854 ,certe
1902 1791 2081 1846 libelli
2112 1790 2307 1845 titulus
2334 1807 2450 1845 esse
2479 1791 2713 1845 omnino
2741 1809 2861 1844 non
2886 1792 3099 1864 potuit.
3128 1793 3288 1849 Cete-

1724 1898 1851 1934 rum
1877 1897 2015 1934 num
2050 1895 2217 1933 causa
2244 1878 2315 1932 sit
2340 1895 2537 1934 revera
2567 1878 2627 1932 in
2649 1876 2870 1949 judicio
2908 1889 3033 1934 acta
3068 1897 3139 1934 an
3180 1898 3289 1955 pro

1723 1969 1961 2024 consilio
1982 1966 2231 2024 auctoris
2253 1963 2519 2037 conficta,
2544 1967 2605 2020 in
2625 1965 2817 2021 medio
2840 1966 3125 2040 relinquo.

1908 2120 2063 2179 xxi.
2112 2117 2491 2178 nPootMlA
2536 2118 2667 2178 ΚΑΙ
2710 2117 3094 2177 ΕΠΙΑΟΓΟΙ.

2458 2223 2556 2278 68.

1802 2319 2009 2384 Βιιίᾶειε,
2050 2337 2070 2375 .·
2110 2317 2483 2377 Αίσθεσθαι
2524 2315 2615 2374 καὶ
2664 2314 3134 2376 αἰσθάνεσθαι“
3174 2316 3288 2372 δια-

1723 2403 1886 2486 φέρει·
1919 2403 1982 2462 τὸ
2013 2403 2109 2482 μὲν
2135 2405 2236 2482 γὰρ
2266 2401 2539 2466 αἷσθεσθαι
2584 2403 2671 2462 ἐπὶ
2700 2408 2788 2462 τοῦ
2828 2403 3061 2482 ἀκριὸῶς
3100 2403 3291 2463 εἰδέναι

1722 2516 1804 2563 τι,
1838 2491 1900 2550 τὸ
1930 2490 1985 2550 δὲ
2015 2491 2349 2550 αἰσθάνεσθαι
2372 2491 2458 2550 ἐπὶ
2497 2497 2588 2550 τοῦ
2630 2494 2865 2551 ὑπονοεῖν
2902 2515 2975 2552 τι.
3024 2492 3131 2552 Καὶ
3170 2495 3291 2572 περὶ

1726 2579 1818 2658 μὲν
1831 2584 1923 2639 τοῦ
1944 2577 2211 2639 αἴσθεσθαι
2236 2579 2488 2660 Ἀντιφῶν
2518 2582 2571 2639 ἐν
2586 2578 2889 2659 Προοιμίοις
2906 2603 2918 2616 ·
2938 2613 3018 2624 —
3044 2605 3069 2631 α
3094 2580 3291 2660 Ἔγρα-

1732 2696 1755 2722 a
1789 2669 1975 2750 ψᾶμην
2014 2668 2209 2740 ταύτην
2253 2667 2349 2739 τὴν
2385 2667 2590 2748 γραφὴν
2618 2667 2935 2744 ἠδικημένος
2976 2667 3079 2726 ὑπὸ
3105 2668 3291 2728 τούτου

1732 2781 1756 2809 οι
1786 2755 1849 2828 νὴ
1881 2757 1985 2818 Δία
2028 2757 2236 2830 πολλοί,
2280 2757 2356 2814 ἔτι
2398 2755 2450 2814 δὲ
2488 2755 2579 2813 καὶ
2614 2755 2783 2815 πλείω
2820 2758 2959 2832 ὑμᾶς
2996 2755 3293 2834 ᾐσθημένος

1733 2869 1757 2896 α
1793 2843 2139 2921 ἠδικημένους
2167 2844 2257 2902 καὶ
2294 2843 2413 2912 τοὺς
2445 2843 2633 2911 ἄλλους
2663 2842 2902 2910 πολίτας.
2938 2871 2962 2896 υ
2999 2845 3084 2903 Cf.
3113 2845 3289 2905 Bekk.

1727 2933 1943 2991 Anecd.
1976 2953 2033 3008 p.
2059 2932 2194 3009 359,
2226 2933 2285 2992 6.

1807 3141 2001 3199 Idem:
2040 3138 2101 3200 “A
2123 3161 2213 3213 μα
2230 3163 2245 3176 ·
2286 3141 2487 3218 δοτικῇ.
2514 3137 2853 3216 Δημοσθένης
2880 3141 2967 3201 ἐπὶ
2991 3147 3083 3200 τοῦ
3108 3139 3295 3207 εὐθέως

1723 3228 1817 3286 καὶ
1845 3230 2179 3308 παραχρῆμα
2202 3225 2373 3295 ἔταξε.
2388 3269 2427 3288 ..
2454 3226 2708 3306 Αἰσχίνης
2734 3227 2791 3288 δὲ
2812 3228 2901 3288 ἐπὶ
2922 3235 3017 3290 τοῦ
3040 3229 3181 3290 κατὰ
3202 3229 3293 3286 τὸν

1725 3314 1884 3374 αὐτὸν
1913 3314 2171 3395 καιρόν...
2220 3315 2331 3375 Καὶ
2358 3313 2506 3395 παρὰ
2534 3317 2613 3394 τῷ
2646 3314 2947 3396 Ἀντιφῶντι
2988 3317 3043 3378 δὲ
3082 3320 3145 3378 τὸ
3178 3317 3293 3393 ἅμα

1723 3411 1892 3462 κεῖται
1935 3403 2023 3462 ἐπὶ
2064 3409 2157 3462 τοῦ
2206 3406 2385 3462 αὐτοῦ·
2439 3403 2568 3483 φησὶ
2599 3403 2703 3483 γὰρ
2746 3406 2801 3463 ἐν
2841 3407 3171 3486 Προοιμίοις·
3212 3439 3294 3452 —

1725 3519 1752 3546 ιι
1785 3495 1973 3552 ἀλλἐῖ
2020 3491 2081 3552 τό
2120 3513 2179 3551 τε
2218 3492 2445 3572 πρᾶγμά
2489 3515 2579 3568 μοι
2607 3499 2843 3571 κρεῖττον
2886 3495 3127 3572 φαίνεται
3178 3495 3291 3568 ἅμα

1727 3605 1752 3634 ιι
1779 3604 1838 3640 τε
1867 3580 2158 3661 μαρτυρίας
2179 3581 2368 3661 ἀρετῆς
2395 3579 2757 3662 παρέξομαι...
2783 3583 2851 3642 In
2870 3585 2959 3640 his
2978 3585 3201 3642 codices
3235 3605 3247 3639 :

1722 3745 1962 3808 jun-iarum
1982 3757 2127 3795 cansa
2146 3745 2309 3796 habita
2323 3747 2395 3796 sic
2413 3745 2625 3808 loquitur
2649 3759 2662 3794 :
2686 3765 2712 3789 u
2729 3749 3045 3810 Posteaquam
3066 3747 3292 3797 idoneum

1731 3820 1781 3867 te
1799 3815 2081 3878 indicarunt
2103 3819 2287 3868 tutores
2310 3819 2411 3879 tui,
2436 3817 2517 3880 qul
2542 3829 2617 3866 τω
2642 3818 2750 3868 tuas
2768 3817 2871 3880 ipse
2898 3817 3258 3870 administrat-es
3276 3857 3293 3880 ,

1729 3887 1938 3950 acceptis
1954 3887 2017 3937 ab
2040 3887 2134 3938 illis
2156 3888 2298 3938 bonis
2317 3889 2414 3939 tuis
2433 3924 2449 3948 ‚
2479 3887 2637 3936 abiisti
2661 3887 2887 3949 Abydum
2914 3889 3141 3950 navigans
3161 3906 3176 3951 3
3197 3902 3295 3940 nou

1727 3970 1824 4020 quo
1855 3957 2073 4008 debitum
2099 3958 2165 4007 ibi
2207 3957 2405 4020 aliquod
2433 3962 2573 4006 tuum
2601 3959 2821 4020 exigeres
2856 3962 2944 4010 aut
2972 3961 3167 4022 hospitii
3198 3975 3292 4025 pu-

1728 4029 1836 4080 blici
1862 4042 2007 4078 causa
2038 4029 2285 4092 quidpiam
2318 4029 2565 4080 ordinares
2584 4065 2599 4088 ,
2625 4028 2712 4078 sed
2740 4031 2799 4079 ut
2826 4029 2889 4079 ah
2909 4030 3157 4114 Abydenis
3188 4046 3297 4114 fnu-

1727 4173 1825 4294 ίιῖω
1848 4171 2198 4256 consentanea,
2238 4171 2416 4234 quibus
2438 4170 2614 4221 deinde
2640 4171 2689 4222 in
2732 4173 2921 4236 reliqua
2948 4174 3043 4224 vita
3076 4188 3162 4238 pro
3199 4177 3297 4226 tuis

1728 4258 1758 4293 u
1783 4255 1943 4294 erens.
1964 4263 1989 4286 ιι

2061 4371 2189 4421 XXI.
2226 4371 2537 4422 PRoOEMIA
2570 4371 2651 4421 ΕΤ
2685 4373 2958 4423 EPILOGL

2472 4483 2551 4527 68.

1789 4575 2043 4625 Ammoni
2068 4579 2117 4624 et
2136 4575 2441 4626 αἰσθάνεσθαι
2468 4574 2719 4624 diffemnt.
2748 4575 2873 4624 illud
2902 4574 3033 4625 enim
3060 4573 3298 4636 significat

1727 4645 1940 4709 aliquid
1964 4648 2103 4695 cerlo
2130 4648 2284 4706 scire,
2306 4644 2607 4695 αἰσθάνεσθαι
2638 4658 2753 4696 vero
2775 4647 3039 4708 suspicari
3070 4646 3296 4709 aliquid.

1727 4722 1796 4766 Ac
1831 4716 2035 4768 verbum
2075 4717 2321 4767 αῐσθεσθαι
2364 4716 2575 4766 declarat
2619 4714 2865 4778 Antiphon
2901 4715 2950 4764 in
3000 4717 3250 4765 Piooemiis
3284 4736 3295 4765 z

1729 4789 1884 4836 Hanc
1905 4790 2167 4838 actionem
2188 4789 2431 4846 institut,
2470 4797 2573 4838 non
2602 4785 2771 4836 solum
2791 4789 2921 4852 ipscs
2933 4785 3121 4836 inultis
3144 4785 3212 4835 ab
3240 4799 3298 4834 eo

1731 4857 1941 4918 iniuriis
1966 4857 2215 4919 affectus,
2236 4858 2327 4908 sed
2352 4861 2517 4908 ettam
2561 4859 2652 4920 qui
2676 4859 2863 4906 scirem
2896 4868 2987 4905 vos
3025 4858 3077 4905 et
3108 4860 3309 4907 ceteros

1729 4931 1862 4978 cives
1887 4929 2037 4991 lonqe
2062 4929 2311 4992 pluribus
2336 4929 2551 4991 injuriis
2575 4925 2796 4987 affectos
2818 4939 2940 4976 esse.

2475 5038 2555 5084 69.

1793 5125 1916 5186 Ἅμα
1939 5137 2051 5174 cum
2093 5124 2261 5175 dativo
2292 5123 2639 5176 Demosthenes
2674 5134 2761 5184 pro
2788 5124 3007 5184 statim,
3032 5122 3303 5183 confestim

1733 5197 1914 5257 posuit,
1938 5197 2193 5247 AEscbines
2211 5209 2297 5259 pro
2312 5195 2489 5246 eodem
2508 5198 2768 5257 tempore;
2790 5207 2945 5256 eoque
2967 5205 3108 5244 sensu
3130 5207 3301 5242 vocem

1734 5265 1978 5327 Antiphon
2006 5280 2205 5330 quoque
2223 5267 2385 5318 habet.
2416 5266 2549 5318 Dicit
2574 5265 2775 5316 enimin
2794 5265 3047 5316 Prooemlis
3073 5281 3085 5314 :
3118 5267 3301 5315 Verum
