3825 5834
483 426 592 474 371

481 565 693 604 eemur.
731 547 899 619 Quod
925 547 1139 603 codicis
1165 549 1411 604 rationes
1453 550 1682 619 attinet,
1711 550 2030 605 luculenter

481 633 551 689 de
580 636 646 689 iis
674 636 932 709 exposuit
957 635 1290 707 Babington,
1319 634 1652 707 quibuscum
1683 633 2028 690 conferenda

481 732 611 776 sunt
635 740 756 793 quae
778 721 848 777 de
873 722 1204 778 Harrisianis
1226 721 1551 795 fragmentis
1571 721 1714 777 dixit
1731 721 2029 777 Boeckhius

479 810 536 863 in
567 811 809 881 Allgem.
830 811 936 863 Lit.
960 810 1209 882 Zeittmg,
1243 806 1504 876 1848,N.
1539 808 2029 878 223-227.Verba

483 896 721 950 oratoris
748 896 1048 950 emendare
1065 906 1267 969 praeter
1286 895 1692 969 Babingtonem
1718 907 1774 951 et
1793 895 2027 951 Schnei-

483 982 770 1037 dewinum
793 980 1129 1036 studuerunt
1153 982 1424 1050 Cobetus,
1444 982 1786 1057 Spengelius,
1815 983 2028 1054 Kayse-

481 1087 598 1137 rus,
625 1068 844 1125 Patalis
867 1070 1088 1125 Graecus
1103 1078 1161 1125 et
1183 1068 1481 1138 Beckerus,
1505 1068 1576 1123 de
1595 1084 1838 1140 quorum
1861 1085 2032 1123 cona-

485 1156 633 1211 tibus
643 1155 774 1210 vide
787 1174 910 1229 quae
927 1155 1185 1211 disseruit
1195 1151 1656 1211 Schneidewinus
1669 1156 1727 1209 iu
1745 1155 2031 1228 Philologi

483 1253 648 1297 tomo
685 1244 838 1311 vm,
870 1256 930 1315 p.
961 1240 1249 1307 340-354.

562 1326 758 1383 Primo
787 1329 918 1383 loco
945 1345 1222 1404 ponemus
1251 1346 1422 1401 quam
1449 1328 1726 1401 integram
1751 1325 2033 1381 habemus

485 1416 802 1471 orationem
841 1433 950 1491 pro
995 1416 1347 1487 EuxenippO.
1385 1415 1519 1485 Quae
1565 1432 1634 1469 ex
1677 1413 2034 1469 orationibus

486 1511 684 1556 contra
704 1500 1136 1557 Demosthenem
1152 1512 1206 1555 et
1220 1519 1329 1575 pro
1339 1500 1716 1574 Lycophrone
1731 1501 1790 1555 in
1809 1518 2030 1574 papyro

483 1599 796 1665 supersunt,
811 1590 955 1643 inter
979 1588 1293 1662 fragmenta
1311 1606 1413 1642 suo
1435 1588 1566 1641 loco
1595 1586 2027 1641 exhibebuntur.

567 1679 649 1732 De
673 1678 1014 1747 Argumento
1035 1681 1299 1731 orau‘om's
1303 1695 1419 1749 pm
1436 1674 1770 1748 Euxenippo
1779 1676 2035 1729 adversus

488 1764 842 1833 Polyeuctum
894 1764 969 1817 ita
1035 1763 1204 1819 habet
1259 1760 1737 1819 Scuunmzwmns
1784 1781 1797 1815 ι
1854 1786 1878 1811 ι
1905 1763 2037 1817 Post

484 1868 730 1925 pugnam
764 1850 1184 1906 Chaeronensem
1241 1868 1418 1923 quum
1466 1850 1758 1923 Philippus
1794 1850 2031 1905 Macedo

488 1938 743 2011 Oropum
777 1936 976 1991 urbem
1001 1955 1128 1991 cum
1157 1952 1294 2009 agro
1322 1954 1426 1991 suo
1445 1975 1462 2005 ,
1493 1955 1616 2009 quae
1657 1936 1824 2005 urbs,
1852 1947 1919 1990 ut
1954 1938 2033 1991 ait

487 2025 692 2080 Strabo
709 2064 724 2093 ,
749 2024 800 2079 ἐν
838 2020 1288 2101 ἀμφισὸητησίμῳ
1314 2020 1584 2098 ἐγεγένητο
1613 2019 1863 2085 πολλάκις
1888 2024 2035 2079 inter

489 2111 782 2166 Thebanos
807 2112 1164 2185 potissimum
1198 2121 1256 2167 et
1281 2111 1671 2177 Athenienses,
1707 2112 1815 2165 illis
1842 2110 2031 2165 adem·

487 2209 640 2270 ptam
666 2197 753 2251 his
777 2197 863 2268 adj
875 2198 1205 2251 udicavisset
1223 2238 1240 2265 ,
1263 2198 1464 2251 factum
1487 2199 1687 2271 populi
1705 2199 1904 2251 scitum
1935 2209 2035 2266 est,

489 2284 684 2339 decem
699 2284 877 2339 tribus
903 2302 1099 2359 agrum
1122 2284 1280 2339 illum
1303 2286 1378 2339 ita
1409 2286 1554 2341 inter
1584 2304 1641 2341 se
1668 2287 2030 2349 sortirentur,

488 2382 554 2423 ut
594 2371 740 2424 binae
766 2372 1017 2445 singulos
1043 2381 1196 2425 sorte
1241 2370 1443 2426 ductos
1470 2371 1825 2446 possiderent
1851 2392 1862 2427 :
1904 2391 2037 2446 ager

490 2458 636 2511 euim
660 2458 907 2529 quinque
925 2456 1094 2515 colles
1112 2456 1336 2513 videtur
1356 2460 1682 2531 complexus
1702 2458 1886 2517 fuisse.
1922 2460 2036 2515 111ae

489 2546 626 2599 sorti
635 2556 698 2599 tae
717 2562 818 2599 sun
827 2555 864 2601 t.
889 2542 998 2600 Sed
1019 2546 1064 2599 is
1085 2546 1265 2614 collis,
1285 2546 1384 2621 qui
1405 2546 1664 2601 tribubus
1683 2545 2033 2603 Acamantidi

490 2642 547 2685 et
595 2630 1070 2704 Hippothoontidi
1117 2631 1399 2705 obtigerat
1417 2674 1434 2701 ,
1465 2633 1524 2687 in
1573 2632 2032 2707 disceptationem.

490 2718 648 2772 venit
673 2728 886 2773 essetne
923 2718 1051 2789 jure
1104 2730 1437 2793 occupatus.
1466 2720 1720 2775 Fuerunt
1743 2720 1890 2774 enim
1938 2721 2035 2792 qui

491 2804 652 2860 illum
673 2804 783 2859 deo
807 2806 1148 2879 Amphiarao
1170 2806 1486 2861 dedicatum
1514 2805 1877 2861 defenderent
1903 2826 2039 2861 con-

493 2902 580 2946 tra
611 2890 690 2946 fas
721 2910 756 2945 a
781 2892 1041 2947 tribubus
1072 2894 1269 2949 teneri.
1297 2893 1432 2963 Quae
1454 2893 1832 2950 dubitationes
1849 2904 1912 2948 ut
1928 2895 2038 2949 tol-

491 2978 747 3033 lerentur
796 2979 1169 3052 religionique
1225 2977 1508 3035 satisfieret
1535 3020 1551 3049 ,
1620 2980 1870 3053 populus
1927 2980 2037 3035 civi

495 3066 720 3121 cuidam
748 3085 878 3135 suo,
905 3068 1273 3139 Euxenippo‚
1306 3068 1432 3121 viro
1463 3066 1703 3121 honesto
1743 3068 1908 3140 eique
1953 3068 2034 3123 di·

491 3154 595 3212 viti
635 3164 690 3209 et
712 3164 832 3208 tum
859 3164 1020 3208 aetate
1044 3155 1418 3228 provectiori,
1445 3154 1555 3209 hoc
1581 3154 1796 3229 negotii
1844 3152 2033 3221 dedit,

492 3253 556 3297 ut
579 3261 703 3297 eum
735 3242 962 3297 duobus
981 3242 1103 3297 aliis
1123 3242 1178 3295 in
1203 3240 1336 3296 sano
1359 3241 1686 3316 Amphiarai
1715 3241 2035 3309 incubaret,

493 3331 538 3383 si
568 3330 707 3403 quid
733 3348 840 3403 per
880 3345 1138 3383 somnum
1189 3328 1490 3385 offerretur
1515 3330 1727 3398 visum,
1757 3346 1873 3401 quo
1907 3329 2043 3385 deus

492 3420 612 3491 ipse
641 3419 884 3491 aperiret
911 3417 1049 3489 quid
1088 3417 1168 3471 rei
1193 3427 1353 3472 esset.
1388 3416 1677 3473 Profectus
1710 3427 1794 3470 est
1840 3418 2037 3471 Euxe-

493 3504 730 3578 nippus,
769 3504 1026 3572 incubat,
1057 3504 1335 3557 somnium
1373 3502 1586 3558 refert:
1628 3514 1880 3559 montem
1932 3503 2041 3561 deo

493 3607 712 3645 sacrum
743 3608 845 3644 nee
875 3590 956 3643 sas
983 3607 1100 3644 esse
1145 3590 1204 3644 in
1241 3598 1512 3662 potestate
1537 3590 1787 3644 tribuum
1815 3609 2039 3665 perma-

493 3695 650 3733 nere.
681 3679 822 3731 Tum
874 3678 1202 3750 polyeuctus
1237 3675 1582 3749 Cydantida,
1623 3695 1741 3731 non
1775 3678 2045 3753 ignobilis

494 3764 668 3817 homo
688 3773 744 3818 et
763 3763 828 3836 in¹
840 3763 1130 3836 republica
1157 3773 1430 3833 versatus,
1449 3765 1796 3839 rogationem
1825 3764 1898 3820 ad
1920 3767 2041 3840 ple-

495 3849 628 3903 bem
667 3849 822 3918 tulit,
851 3850 1031 3904 tribus
1057 3860 1121 3905 ut
1147 3848 1451 3905 redderent
1477 3859 1728 3906 montem
1773 3852 2041 3925 Amphia-

496 3953 598 3989 rao
619 3976 635 3999 ‚
681 3936 892 4009 quippe
936 3938 1036 4009 qui
1071 3954 1103 3991 a
1153 3934 1471 3991 finitoribus
1521 3946 1649 3993 ante
1692 3939 2042 3995 sortitionem

497 4032 788 4093 exemptus
814 4020 924 4075 deo
957 4031 1013 4077 et
1051 4035 1407 4078 consecratus
1429 4022 1596 4078 fuerit
1614 4064 1632 4093 ,
1659 4025 2044 4080 restituerent-

501 4126 613 4180 que
646 4110 887 4180 pretium
908 4126 1020 4183 quo
1048 4109 1451 4167 vendidissent.
1501 4110 1740 4167 Addidit
1764 4113 1821 4166 in
1845 4112 2043 4169 eadem

497 4197 824 4269 rogatione,
846 4206 910 4251 ut
933 4198 1161 4270 reliquae
1189 4207 1321 4254 octo
1354 4199 1533 4253 tribus
1562 4198 1771 4253 damno
1797 4199 2039 4256 duarum

498 4294 762 4338 caverent
788 4285 1169 4357 sarcirentque
1195 4286 1301 4339 inae
1326 4286 1486 4358 quod
1517 4288 1844 4345 amisissent.
1893 4290 2041 4345 Huic

498 4372 795 4443 Polyeueti
825 4372 1103 4445 rogationi
1136 4372 1440 4426 intercessit
1463 4374 1655 4427 nescio
1685 4374 1811 4445 quis
1834 4374 1902 4447 tis
1923 4374 2043 4427 for-

499 4472 644 4518 tasse
680 4464 798 4536 ipse
824 4461 1140 4537 Hyperides
1169 4460 1309 4537 fuit)
1337 4465 1559 4517 actione
1594 4463 1730 4537 legis
1765 4464 1909 4518 male
1952 4482 2045 4518 ro-

496 4563 634 4625 gatae
664 4550 1013 4624 perfecitque
1043 4560 1103 4604 ut
1132 4560 1364 4625 rogator
1405 4550 1542 4625 legis
1581 4566 1772 4605 caussa
1815 4550 2043 4605 caderet

496 4641 784 4711 multaque
805 4638 998 4713 viginti
1025 4640 1272 4711 quinque
1291 4637 1680 4693 drachmarum
1706 4636 2041 4698 afficeretur.

499 4730 681 4798 Quam
724 4726 1086 4782 calamitatem
1115 4727 1456 4799 Polyeuctus
1501 4746 1616 4783 non
1643 4728 1832 4800 potuit
1862 4726 2039 4795 ferre,

498 4814 596 4870 sed
625 4816 797 4867 iratus
843 4814 1273 4887 Euxenippum,
1306 4814 1376 4869 de
1419 4816 1576 4887 cujus
1602 4816 1696 4869 ille
1737 4812 1849 4869 fide
1879 4826 2044 4869 antea

498 4902 638 4954 nihil
684 4900 1077 4973 dubitavisset,
1109 4901 1461 4955 denuntiavit
1511 4900 1646 4957 falsa
1692 4900 1940 4955 retulisse
1974 4900 2044 4955 de

502 4988 753 5053 somnio,
779 4989 943 5041 certis
969 4988 1305 5061 quibusdam
1333 4987 1654 5043 hominibus
1678 4988 1736 5039 in
1763 4985 1903 5040 urbe
1928 5002 2043 5059 gra·

501 5072 791 5127 tificatum.
822 5074 996 5128 Simul
1012 5076 1382 5131 diversissima
1403 5076 1496 5129 ille
1518 5071 1757 5130 crimina
1785 5074 1840 5125 in
1861 5075 2043 5129 Euxe-

504 5162 740 5234 nippum
771 5163 1107 5235 congerebat
1134 5173 1188 5219 et
1223 5164 1659 5237 subscriptorem
1701 5161 1805 5217 sibi
1849 5164 2043 5217 accivit

1857 414 2275 477 HYPERIDIS

2114 550 2439 622 Lycurgum
2458 548 2749 607 Butadam.
2783 551 2857 604 At
2882 548 3217 624 Euxenippo
3242 548 3509 605 subvenit
3532 552 3641 622 Hy·

2115 637 2370 711 perideS,
2396 622 2495 691 sed
2524 637 2577 691 is
2606 634 2981 711 secundarum
3012 638 3255 710 partium
3287 646 3456 691 actor
3480 654 3496 694 ε
3526 655 3643 693 nam

2116 735 2247 779 ante
2278 722 2625 796 Hyperidem
2650 724 2791 778 alius
2816 725 3009 779 nescio
3053 726 3177 797 quis
3201 742 3365 779 reum
3394 724 3640 780 defende-

2118 822 2223 867 rat.
2247 813 2345 865 Est
2368 811 2671 883 igiturhaec
2694 811 2883 865 oratio
2905 828 2977 867 ex
3004 828 3207 885 genere
3238 811 3345 865 τῶν
3366 810 3643 887 &scrupolo-

2116 899 2267 972 γιῶν.
2292 897 2464 953 Unde
2486 907 2751 971 apparet,
2779 914 2881 952 cur
2906 898 3163 970 quaedam
3191 898 3397 953 leviter
3436 910 3645 971 tangan-

2118 996 2229 1054 tur,
2258 984 2366 1039 inis
2392 985 2607 1039 scilicet
2634 987 2765 1039 satis
2786 995 2981 1058 aperta
3006 986 3105 1057 qui
3124 986 3409 1058 superiori
3426 987 3649 1039 orationi

2118 1071 2512 1128 interfuissent.
2554 1070 2717 1129 Cadit
2742 1072 2851 1127 heve
2898 1073 2958 1125 in
2986 1089 3110 1126 eam
3139 1072 3496 1144 potissimum
3536 1090 3646 1144 par·

2126 1168 2239 1211 tem
2270 1157 2544 1211 orationis
2562 1198 2577 1224 ,
2602 1174 2715 1229 qua
2738 1159 2991 1213 occurrit
3020 1158 3341 1231 Hyperides
3368 1156 3647 1212 calumnia-

2121 1245 2264 1299 tioni
2294 1245 2582 1317 Polyeucti
2610 1254 2665 1299 et
2707 1245 2917 1301 divitiis
2936 1246 3253 1318 Euxenippi
3282 1262 3391 1317 per
3416 1244 3651 1300 fraudem

2120 1334 2337 1405 partis:
2372 1348 2501 1403 quae
2540 1346 2675 1405 pars
2710 1332 2905 1387 ultima
2954 1342 3055 1389 est.
3103 1332 3417 1404 Perstringi
3454 1331 3653 1387 fodinas

2122 1419 2369 1491 argenti,
2417 1435 2657 1489 quarum
2699 1420 2759 1473 in
2814 1419 3157 1493 possessione
3194 1418 3306 1472 fuit
3338 1436 3495 1485 reus,
3538 1419 3649 1474 licet

2124 1514 2317 1559 orator
2359 1522 2474 1558 non
2506 1504 2767 1560 distincte
2816 1505 2996 1572 dicat,
3038 1506 3218 1559 omnis
3240 1502 3374 1559 finis
3405 1506 3656 1559 orationis

2122 1610 2238 1647 non
2267 1592 2401 1647 sinit
2441 1591 2721 1649 dubitare.
2744 1595 2829 1648 De
2858 1604 3113 1665 tempore
3158 1602 3297 1645 actae
3328 1610 3509 1645 causae
3540 1594 3655 1647 satis

2123 1679 2399 1733 constabit
2437 1680 2775 1752 legentibus,
2798 1680 3053 1733 universe
3083 1678 3323 1752 quidem
3358 1698 3373 1732 :
3402 1680 3501 1750 qui
3528 1699 3651 1753 ope-

2128 1766 2310 1819 rosius
2338 1768 2669 1839 investigare
2695 1766 2915 1837 volent,
2934 1765 3029 1819 -vel
3066 1783 3273 1819 annum
3318 1766 3504 1837 ipsum
3544 1764 3653 1819 defi·

2126 1852 2251 1908 nire
2275 1864 2559 1927 poterunt.
2585 1855 2673 1908 De
2710 1853 3049 1926 Euxenippo
3086 1862 3141 1906 et
3166 1850 3495 1923 polyeucto
3522 1870 3651 1922 quae-

2128 1937 2255 1993 dam
2297 1938 2689 2013 praemittenda
2727 1938 3015 1993 videntur.
3062 1940 3131 1992 Et
3174 1938 3249 1993 de
3290 1938 3399 1991 illo
3446 1938 3655 2009 quidem

2122 2026 2347 2081 aliunde
2384 2026 2557 2093 nihil,
2610 2025 2803 2098 quoad
2856 2026 3060 2091 sciam,
3114 2025 3443 2097 accepimus
3485 2042 3499 2075 :
3542 2042 3651 2077 nam

2126 2128 2288 2183 quem
2326 2114 2417 2169 Ol.
2454 2131 2473 2167 ι
2494 2112 2585 2184 18,
2620 2116 2678 2180 4,
2708 2111 2997 2167 Diodorus
3022 2112 3157 2182 XX,
3182 2110 3251 2165 81
3290 2121 3353 2163 et
3380 2112 3657 2180 Dionysius

2127 2199 2253 2255 Hal.
2280 2200 2337 2252 in
2356 2200 2640 2254 Dinarcho
2666 2218 2719 2255 c.
2742 2218 2778 2271 9
2802 2217 2856 2272 p.
2880 2196 2992 2253 650
3016 2198 3165 2252 Rske
3182 2205 3493 2269 praetorem
3514 2196 3657 2251 fuisse

2128 2296 2395 2341 testantur
2421 2288 2511 2341 vel
2539 2287 2931 2358 Euxenippum
2949 2284 3041 2356 vel
3064 2285 3405 2356 Xenippum
3420 2322 3438 2350 ‚
3460 2286 3651 2336 tametsi

2124 2370 2243 2427 fieri
2267 2392 2428 2447 posse
2468 2384 2530 2428 ut
2556 2373 2707 2428 idem
2744 2374 2813 2427 sit
2847 2390 2965 2427 nen
2991 2388 3295 2443 negamus,
3334 2371 3463 2425 veri
3500 2370 3655 2423 simile

2124 2478 2271 2528 esse,
2305 2460 2469 2515 fuisse
2516 2459 2789 2526 eundem,
2818 2476 2986 2513 nemo
3036 2456 3352 2512 contendet
3382 2475 3397 2511 ι
3432 2457 3650 2525 Polyeu·

2124 2556 2274 2601 ctum
2316 2548 2511 2619 paullo
2556 2545 2763 2601 rectius
2789 2548 3067 2602 novimus.
3114 2544 3341 2611 Etenim
3386 2544 3655 2599 constabat

2125 2646 2252 2689 ante
2308 2634 2454 2688 hanc
2518 2644 2797 2705 repertam
2850 2634 3163 2687 orationem
3181 2672 3197 2699 ,
3252 2641 3373 2687 tres
3421 2630 3655 2685 habuisse

2126 2723 2408 2777 orationes
2442 2720 2820 2793 Hyperidem,
2860 2737 2985 2792 quae
3012 2718 3085 2773 ad
3122 2716 3507 2793 polyeuctum
3545 2737 3653 2791 spe-

2126 2820 2341 2865 ctarent
2378 2826 2391 2862 :
2442 2804 2577 2863 κατὰ
2623 2804 2982 2881 Πολυεύκτου,
3032 2804 3155 2881 περὶ
3206 2809 3297 2861 τοῦ
3350 2803 3655 2863 Πολύευκτον

2125 2900 2453 2971 στρατηγεῖν,
2472 2892 2596 2969 πρὸς
2623 2891 2969 2967 Πολύευκτον,
2989 2894 3059 2948 de
3082 2893 3284 2965 quibus
3308 2904 3467 2949 reete
3488 2893 3659 2947 distin-

2125 2982 2360 3056 guendis
2411 2980 2555 3035 dixit
2594 2979 2889 3035 Boecllhius
2930 2979 3003 3034 de
3050 2996 3111 3033 re
3138 2979 3327 3033 navali
3358 2977 3565 3036 Athen.
3608 2999 3653 3052 p.

2128 3075 2243 3143 249
2271 3078 2329 3123 et
2352 3070 2425 3124 H.
2464 3068 2740 3139 Sauppius
2768 3084 2922 3121 meus
2959 3076 3129 3121 oratt.
3163 3066 3366 3139 fragm.
3418 3085 3479 3139 p.
3526 3064 3653 3137 298,

2128 3158 2225 3229 qui
2250 3158 2501 3211 ultimam
2528 3156 2747 3210 illarum
2772 3164 2903 3227 post
2931 3154 3160 3226 Olymp.
3200 3172 3224 3207 1
3242 3172 3330 3222 ιο,
3364 3172 3385 3207 1
3427 3154 3656 3210 habitam

2129 3260 2243 3297 esse
2284 3243 2612 3299 effecerunt.
2664 3240 2815 3297 lllud
2856 3258 2994 3296 vcro
3030 3242 3353 3295 dubitatum
3390 3251 3520 3307 est,
3546 3241 3657 3311 quis

2132 3332 2467 3402 polyeuctus
2506 3347 2575 3384 ex
2610 3329 2800 3383 multis
2829 3329 2929 3400 qui
2964 3338 3085 3382 tum
3118 3338 3279 3381 erant
3299 3330 3653 3401 cognomines

2134 3416 2359 3471 Athenis
2404 3414 2641 3488 intelligi
2684 3413 2934 3469 deberet.
2986 3414 3057 3467 Et
3114 3414 3397 3485 Sauppius
3448 3413 3657 3485 quidem

2134 3502 2461 3560 Boeckhium
2506 3512 2729 3557 secutus
2776 3492 3089 3574 Sphettium
3137 3501 3327 3569 illum,
3380 3500 3659 3555 celeberri-

2129 3609 2283 3645 mum
2311 3600 2595 3645 oratorem
2618 3629 2636 3662 ,
2674 3598 2913 3662 propter
2953 3606 3229 3643 summam
3273 3588 3653 3658 consiliorum,

2130 3696 2252 3750 quae
2296 3676 2699 3733 Demosthenes
2750 3673 3066 3747 Hyperides
3106 3675 3451 3747 Polyeuctus
3495 3676 3656 3747 agita-

2130 3773 2261 3817 runt
2285 3764 2787 3832 ,communionem
2808 3763 3011 3818 merito
3039 3761 3223 3834 rejicit
3246 3774 3303 3817 et
3330 3774 3537 3819 contra
3552 3764 3657 3835 Cy-

2131 3850 2417 3906 dantidam
2434 3853 2801 3925 polyeuctum
2818 3851 3069 3907 habitam
3082 3853 3337 3917 ultimam
3358 3856 3655 3909 emtionem

2130 3958 2241 3995 esse
2263 3951 2414 3995 certe
2436 3939 2732 3995 verisimile
2756 3937 2878 3993 fieri
2904 3958 2973 3993 ex
2992 3940 3065 3997 fr.
3086 3939 3237 4013 apud
3264 3942 3592 4013 Harpocrat.
3610 3958 3653 3995 v.

2135 4022 2451 4095 Κυδαντίδης
2475 4026 2735 4081 observat
2762 4021 3095 4102 εὙπερεῖδης
3122 4026 3173 4081 ἐν
3201 4026 3279 4101 τῷ
3308 4025 3434 4101 πρὸς
3456 4024 3655 4085 flehite·

2130 4133 2275 4169 κτον·
2330 4110 2493 4185 δῆμός
2538 4111 2649 4168 ἐστι
2696 4114 2789 4181 τῆς
2838 4110 3085 4186 Αἰγηίδος
3134 4110 3473 4169 Κυδαντῖδαι.
3500 4113 3655 4169 Addit

2132 4200 2429 4257 Boeckhius
2468 4217 2539 4255 ne
2566 4200 2807 4273 reliquas
2833 4200 3060 4272 quidem
3092 4202 3379 4255 orationes
3405 4201 3475 4255 ad
3504 4203 3654 4257 alium

2132 4287 2307 4342 videri
2324 4288 2679 4361 pertinuisse.
2748 4289 2865 4343 Nee
2892 4286 3220 4359 conjectura
3240 4290 3397 4343 tenui
3422 4307 3549 4343 sane
3578 4306 3651 4343 ar·

2129 4384 2395 4447 gumento
2428 4374 2653 4429 suffulta
2678 4374 2933 4429 homines
2960 4376 3213 4449 egregios
3238 4373 3455 4433 fefellit.
3532 4376 3653 4429 Nam

2133 4464 2445 4537 Euxenippi
2474 4472 2853 4518 accusatorem
2882 4460 3255 4535 Cydantidam
3290 4461 3484 4529 fuisse,
3514 4466 3649 4529 n'on,

2132 4549 2288 4623 quod
2319 4550 2505 4605 editor
2526 4548 2993 4621 Cantabrigiensis
3014 4549 3119 4603 sibi
3146 4551 3445 4623 persuasit,
3470 4548 3655 4623 Sphet·

2134 4640 2303 4707 tium,
2328 4637 2486 4710 cujus
2514 4636 2769 4710 quaedam
2800 4639 3121 4709 orationum
3160 4639 3415 4710 reliquiae
3456 4648 3655 4691 aetatem

2133 4728 2396 4794 tulerunt,
2418 4726 2731 4799 planissime
2755 4725 2925 4781 docet
2944 4724 3101 4798 quod
3122 4726 3181 4778 in
3206 4744 3293 4782 or.
3318 4727 3365 4799 1,
3389 4725 3425 4798 S
3451 4742 3507 4779 ιι
3532 4724 3655 4795 legi·

2133 4823 2246 4873 tur.
2272 4814 2611 4885 Polyeuctus
2638 4814 2785 4867 enim
2816 4812 3118 4885 aliquando
3144 4813 3201 4867 in
3224 4810 3319 4886 jus
3347 4822 3569 4865 vocatus
3593 4828 3651 4863 ex

2134 4902 2367 4977 AEgeide
2403 4900 2553 4953 tribu
2608 4900 2801 4955 decem
2826 4900 2931 4974 sibi
2984 4899 3291 4954 advocatos
3332 4900 3495 4973 legit,
3524 4900 3653 4951 inter

2135 5006 2278 5060 quos
2304 4986 2618 5061 Hyperides
2646 4985 2783 5053 suit3
2809 4985 3137 5057 Cydantidae
3170 4995 3357 5041 autem
3386 5002 3547 5057 pagus
3584 4984 3651 5035 il·-

2134 5076 2240 5129 lius
2290 5075 2468 5129 tribus
2509 5074 2635 5129 fuit.
2669 5073 2856 5127 Homo
2898 5084 3373 5129 commemoratur
3410 5074 3465 5127 in
3502 5072 3646 5125 titulo

2134 5165 2391 5219 Piraecnsi
2414 5161 2665 5219 Boeckhii
2693 5162 2834 5217 XIII
2860 5178 2895 5215 a
2928 5160 2997 5233 37
3028 5180 3088 5236 p.
3134 5162 3247 5229 423
3276 5173 3529 5235 tanquam
3558 5176 3644 5213 aa·
