<?xml version="1.0" encoding="UTF-8"?>
<!DOCTYPE html PUBLIC "-//W3C//DTD XHTML 1.0 Transitional//EN"
    "http://www.w3.org/TR/xhtml1/DTD/xhtml1-transitional.dtd">
<html xmlns="http://www.w3.org/1999/xhtml" xml:lang="en" lang="en">
 <head>
  <title>
</title>
<meta http-equiv="Content-Type" content="text/html;charset=utf-8" />
  <meta name='ocr-system' content='tesseract 3.04.00' />
  <meta name='ocr-capabilities' content='ocr_page ocr_carea ocr_par ocr_line ocrx_word'/>
</head>
<body>
  <div class='ocr_page' id='page_1' title='image "./oratoresatticia02unkngoog/oratoresatticia02unkngoog_0622.png"; bbox 0 0 3825 5834; ppageno 0'>
   <div class='ocr_carea' id='block_1_1' title="bbox 448 436 2572 507">
    <p class='ocr_par' dir='ltr' id='par_1_1' title="bbox 448 436 2572 507">
     <span class='ocr_line' id='line_1_1' title="bbox 448 436 2572 507; baseline -0.006 0"><span class='ocrx_word' id='word_1_1' title='bbox 448 454 561 507; x_wconf 76' lang='grc'>564</span> <span class='ocrx_word' id='word_1_2' title='bbox 1528 438 1805 500; x_wconf 81' lang='grc' dir='ltr'><strong>ΣΧΟΔΙΑ</strong></span> <span class='ocrx_word' id='word_1_3' title='bbox 1849 438 1978 498; x_wconf 87' lang='grc' dir='ltr'>ΕΙΣ</span> <span class='ocrx_word' id='word_1_4' title='bbox 2019 436 2572 497; x_wconf 82' lang='grc' dir='ltr'>ΔΗΜΟΣΘΕΝΗΝ.</span> 
     </span>
    </p>
   </div>
   <div class='ocr_carea' id='block_1_2' title="bbox 423 560 3627 1118">
    <p class='ocr_par' dir='ltr' id='par_1_2' title="bbox 494 560 3624 645">
     <span class='ocr_line' id='line_1_2' title="bbox 494 560 3624 645; baseline -0.005 -16"><span class='ocrx_word' id='word_1_5' title='bbox 494 592 555 645; x_wconf 85' lang='lat'>91</span> <span class='ocrx_word' id='word_1_6' title='bbox 576 614 591 641; x_wconf 90' lang='lat'><strong>,</strong></span> <span class='ocrx_word' id='word_1_7' title='bbox 616 578 705 628; x_wconf 83' lang='lat'>26.</span> <span class='ocrx_word' id='word_1_8' title='bbox 753 572 1043 644; x_wconf 79' lang='grc' dir='ltr'>Ἆπὲχηται]</span> <span class='ocrx_word' id='word_1_9' title='bbox 1073 570 1227 643; x_wconf 74' lang='grc' dir='ltr'>ἤγουν</span> <span class='ocrx_word' id='word_1_10' title='bbox 1252 570 1454 641; x_wconf 86' lang='grc' dir='ltr'>πολέμῳ</span> <span class='ocrx_word' id='word_1_11' title='bbox 1478 566 1570 639; x_wconf 75' lang='grc' dir='ltr'>οὗχ</span> <span class='ocrx_word' id='word_1_12' title='bbox 1597 569 1826 635; x_wconf 78' lang='grc' dir='ltr'>ἅπτηται.</span> <span class='ocrx_word' id='word_1_13' title='bbox 1858 570 1915 620; x_wconf 89' lang='grc' dir='ltr'>Ρ.</span> <span class='ocrx_word' id='word_1_14' title='bbox 2163 565 2350 619; x_wconf 79' lang='grc' dir='ltr'>Μέλλει</span> <span class='ocrx_word' id='word_1_15' title='bbox 2381 564 2700 635; x_wconf 77' lang='grc' dir='ltr'>πολιορκεῖν]</span> <span class='ocrx_word' id='word_1_16' title='bbox 2727 562 2846 616; x_wconf 77' lang='grc' dir='ltr'>Καθ’</span> <span class='ocrx_word' id='word_1_17' title='bbox 2883 562 3156 634; x_wconf 79' lang='grc' dir='ltr'>ὁμοιότητα</span> <span class='ocrx_word' id='word_1_18' title='bbox 3191 560 3364 624; x_wconf 78' lang='grc' dir='ltr'>λέξεως</span> <span class='ocrx_word' id='word_1_19' title='bbox 3383 600 3397 625; x_wconf 93' lang='grc'><em>,</em></span> <span class='ocrx_word' id='word_1_20' title='bbox 3436 562 3624 631; x_wconf 78' lang='grc' dir='ltr'>δεύτερον</span> 
     </span>
    </p>

    <p class='ocr_par' dir='ltr' id='par_1_3' title="bbox 423 640 3627 875">
     <span class='ocr_line' id='line_1_3' title="bbox 492 640 3621 725; baseline -0.005 -19"><span class='ocrx_word' id='word_1_21' title='bbox 492 672 561 725; x_wconf 84' lang='grc'>92</span> <span class='ocrx_word' id='word_1_22' title='bbox 580 694 595 717; x_wconf 92' lang='grc'><em>,</em></span> <span class='ocrx_word' id='word_1_23' title='bbox 629 657 679 710; x_wconf 88' lang='lat'>8.</span> <span class='ocrx_word' id='word_1_24' title='bbox 729 651 873 704; x_wconf 76' lang='grc' dir='ltr'>Ἀλλὰ</span> <span class='ocrx_word' id='word_1_25' title='bbox 902 650 960 715; x_wconf 85' lang='grc' dir='ltr'>νὴ</span> <span class='ocrx_word' id='word_1_26' title='bbox 984 653 1110 718; x_wconf 75' lang='grc' dir='ltr'>Δία]</span> <span class='ocrx_word' id='word_1_27' title='bbox 1136 649 1281 701; x_wconf 78' lang='grc' dir='ltr'>Ἄλλο</span> <span class='ocrx_word' id='word_1_28' title='bbox 1304 650 1443 719; x_wconf 82' lang='grc' dir='ltr'><strong>μέρος</strong></span> <span class='ocrx_word' id='word_1_29' title='bbox 1469 652 1555 701; x_wconf 73' lang='grc' dir='ltr'>τοῦ</span> <span class='ocrx_word' id='word_1_30' title='bbox 1594 649 1781 701; x_wconf 81' lang='grc' dir='ltr'>δικαίου</span> <span class='ocrx_word' id='word_1_31' title='bbox 1798 688 1813 710; x_wconf 85' lang='grc'><em>,</em></span> <span class='ocrx_word' id='word_1_32' title='bbox 1846 649 1922 699; x_wconf 76' lang='grc' dir='ltr'>ὅτι</span> <span class='ocrx_word' id='word_1_33' title='bbox 1949 646 1998 697; x_wconf 73' lang='grc' dir='ltr'>οἱ</span> <span class='ocrx_word' id='word_1_34' title='bbox 2094 640 2226 705; x_wconf 80' lang='grc' dir='ltr'>εἶδος</span> <span class='ocrx_word' id='word_1_35' title='bbox 2247 647 2332 709; x_wconf 87' lang='grc' dir='ltr'>τῆς</span> <span class='ocrx_word' id='word_1_36' title='bbox 2350 643 2473 696; x_wconf 73' lang='grc' dir='ltr'>κατὰ</span> <span class='ocrx_word' id='word_1_37' title='bbox 2493 641 2618 703; x_wconf 80' lang='grc' dir='ltr'>λέξιν</span> <span class='ocrx_word' id='word_1_38' title='bbox 2640 641 2929 712; x_wconf 78' lang='grc' dir='ltr'>δριμὺτητος</span> <span class='ocrx_word' id='word_1_39' title='bbox 2945 680 2960 705; x_wconf 93' lang='grc'><em>,</em></span> <span class='ocrx_word' id='word_1_40' title='bbox 2987 640 3156 711; x_wconf 74' lang='grc' dir='ltr'>μέλλει</span> <span class='ocrx_word' id='word_1_41' title='bbox 3173 641 3258 692; x_wconf 78' lang='grc' dir='ltr'>καὶ</span> <span class='ocrx_word' id='word_1_42' title='bbox 3283 640 3438 710; x_wconf 78' lang='grc' dir='ltr'>με’λει.</span> <span class='ocrx_word' id='word_1_43' title='bbox 3458 640 3621 692; x_wconf 76' lang='lat' dir='ltr'>BFYP.</span> 
     </span>
     <span class='ocr_line' id='line_1_4' title="bbox 423 717 3627 802; baseline -0.005 -16"><span class='ocrx_word' id='word_1_44' title='bbox 423 732 548 795; x_wconf 80' lang='grc' dir='ltr'>ξένοι</span> <span class='ocrx_word' id='word_1_45' title='bbox 572 730 694 802; x_wconf 81' lang='grc' dir='ltr'>μετὰ</span> <span class='ocrx_word' id='word_1_46' title='bbox 716 730 993 789; x_wconf 72' lang='grc' dir='ltr'>Διοπείθους</span> <span class='ocrx_word' id='word_1_47' title='bbox 1008 728 1378 797; x_wconf 80' lang='grc' dir='ltr'>περικόπτοντες</span> <span class='ocrx_word' id='word_1_48' title='bbox 1396 725 1457 777; x_wconf 80' lang='grc' dir='ltr'>τὰ</span> <span class='ocrx_word' id='word_1_49' title='bbox 1473 725 1629 779; x_wconf 85' lang='grc' dir='ltr'>πλοῖα</span> <span class='ocrx_word' id='word_1_50' title='bbox 1648 725 1729 777; x_wconf 64' lang='grc' dir='ltr'>καὶ</span> <span class='ocrx_word' id='word_1_51' title='bbox 1756 725 1997 795; x_wconf 83' lang='grc' dir='ltr'>βλάπτον·</span> <span class='ocrx_word' id='word_1_52' title='bbox 2163 728 2232 793; x_wconf 86' lang='grc'>96</span> <span class='ocrx_word' id='word_1_53' title='bbox 2247 762 2264 787; x_wconf 94' lang='grc'><em>,</em></span> <span class='ocrx_word' id='word_1_54' title='bbox 2295 726 2384 777; x_wconf 83' lang='grc'>28.</span> <span class='ocrx_word' id='word_1_55' title='bbox 2426 722 2692 792; x_wconf 86' lang='grc' dir='ltr'>Πινάκιον]</span> <span class='ocrx_word' id='word_1_56' title='bbox 2717 719 2782 781; x_wconf 84' lang='grc' dir='ltr'>εἰς</span> <span class='ocrx_word' id='word_1_57' title='bbox 2799 721 2829 771; x_wconf 72' lang='grc' dir='ltr'>’ὁ</span> <span class='ocrx_word' id='word_1_58' title='bbox 2849 722 3116 791; x_wconf 79' lang='grc' dir='ltr'>γράφονται</span> <span class='ocrx_word' id='word_1_59' title='bbox 3133 719 3196 773; x_wconf 83' lang='grc' dir='ltr'>τὰ</span> <span class='ocrx_word' id='word_1_60' title='bbox 3229 718 3512 789; x_wconf 79' lang='grc' dir='ltr'>ἐγκλήματα</span> <span class='ocrx_word' id='word_1_61' title='bbox 3527 717 3627 770; x_wconf 75' lang='grc' dir='ltr'>κατὰ</span> 
     </span>
     <span class='ocr_line' id='line_1_5' title="bbox 428 803 2790 875; baseline -0.004 -11"><span class='ocrx_word' id='word_1_62' title='bbox 428 830 505 873; x_wconf 91' lang='grc' dir='ltr'>τες</span> <span class='ocrx_word' id='word_1_63' title='bbox 522 810 791 862; x_wconf 81' lang='grc' dir='ltr'>ἀδικοῦσιν.</span> <span class='ocrx_word' id='word_1_64' title='bbox 820 810 932 861; x_wconf 80' lang='grc' dir='ltr'>ΛΒ.</span> <span class='ocrx_word' id='word_1_65' title='bbox 2095 809 2191 856; x_wconf 82' lang='grc' dir='ltr'>τῶν</span> <span class='ocrx_word' id='word_1_66' title='bbox 2221 803 2702 875; x_wconf 74' lang='grc' dir='ltr'>εἰσαγγελλομένων.</span> <span class='ocrx_word' id='word_1_67' title='bbox 2726 803 2790 854; x_wconf 86' lang='grc' dir='ltr'>Β.</span> 
     </span>
    </p>

    <p class='ocr_par' dir='ltr' id='par_1_4' title="bbox 423 875 3627 1118">
     <span class='ocr_line' id='line_1_6' title="bbox 496 875 3627 958; baseline -0.005 -16"><span class='ocrx_word' id='word_1_68' title='bbox 496 890 564 958; x_wconf 86' lang='grc'>93</span> <span class='ocrx_word' id='word_1_69' title='bbox 583 928 599 953; x_wconf 92' lang='grc'><em>,</em></span> <span class='ocrx_word' id='word_1_70' title='bbox 652 905 673 940; x_wconf 89' lang='lat'>1</span> <span class='ocrx_word' id='word_1_71' title='bbox 686 912 732 956; x_wconf 62' lang='lat'>3.</span> <span class='ocrx_word' id='word_1_72' title='bbox 781 885 1043 955; x_wconf 86' lang='grc' dir='ltr'>Ἐτησίας]</span> <span class='ocrx_word' id='word_1_73' title='bbox 1074 882 1301 949; x_wconf 85' lang='grc' dir='ltr'>Ἐτήσιος</span> <span class='ocrx_word' id='word_1_74' title='bbox 1336 882 1364 934; x_wconf 85' lang='grc' dir='ltr'>ὁ</span> <span class='ocrx_word' id='word_1_75' title='bbox 1400 884 1506 935; x_wconf 90' lang='grc' dir='ltr'>κατ’</span> <span class='ocrx_word' id='word_1_76' title='bbox 1529 882 1635 945; x_wconf 84' lang='grc' dir='ltr'>ἔτος</span> <span class='ocrx_word' id='word_1_77' title='bbox 1654 902 1665 913; x_wconf 91' lang='grc'><em>·</em></span> <span class='ocrx_word' id='word_1_78' title='bbox 1694 882 1777 935; x_wconf 74' lang='grc' dir='ltr'>καὶ</span> <span class='ocrx_word' id='word_1_79' title='bbox 1812 882 2001 948; x_wconf 74' lang='grc' dir='ltr'>ἐτησίαι</span> <span class='ocrx_word' id='word_1_80' title='bbox 2169 900 2256 950; x_wconf 97' lang='grc'>97,</span> <span class='ocrx_word' id='word_1_81' title='bbox 2286 883 2336 934; x_wconf 87' lang='grc'>3.</span> <span class='ocrx_word' id='word_1_82' title='bbox 2368 878 2644 951; x_wconf 77' lang='grc' dir='ltr'>Ὑπερὸολὴ</span> <span class='ocrx_word' id='word_1_83' title='bbox 2668 879 2877 949; x_wconf 84' lang='grc' dir='ltr'>μανίας]</span> <span class='ocrx_word' id='word_1_84' title='bbox 2905 877 3000 929; x_wconf 74' lang='grc' dir='ltr'>Καὶ</span> <span class='ocrx_word' id='word_1_85' title='bbox 3020 876 3120 947; x_wconf 75' lang='grc' dir='ltr'>γὰρ</span> <span class='ocrx_word' id='word_1_86' title='bbox 3135 880 3222 943; x_wconf 81' lang='grc' dir='ltr'>τῆς</span> <span class='ocrx_word' id='word_1_87' title='bbox 3249 878 3478 947; x_wconf 80' lang='grc' dir='ltr'>μεγίστης</span> <span class='ocrx_word' id='word_1_88' title='bbox 3493 875 3627 937; x_wconf 76' lang='grc' dir='ltr'>ἀνοίας</span> 
     </span>
     <span class='ocr_line' id='line_1_7' title="bbox 426 957 3624 1039; baseline -0.004 -17"><span class='ocrx_word' id='word_1_89' title='bbox 426 969 475 1022; x_wconf 77' lang='grc' dir='ltr'>οἳ</span> <span class='ocrx_word' id='word_1_90' title='bbox 502 968 675 1039; x_wconf 78' lang='grc' dir='ltr'>ἄνεμοι</span> <span class='ocrx_word' id='word_1_91' title='bbox 698 966 749 1019; x_wconf 77' lang='grc' dir='ltr'>οἱ</span> <span class='ocrx_word' id='word_1_92' title='bbox 772 966 879 1019; x_wconf 90' lang='grc' dir='ltr'>κατ’</span> <span class='ocrx_word' id='word_1_93' title='bbox 902 964 1011 1025; x_wconf 85' lang='grc' dir='ltr'>ἔτος</span> <span class='ocrx_word' id='word_1_94' title='bbox 1029 965 1271 1027; x_wconf 81' lang='grc' dir='ltr'>πνέοντες,</span> <span class='ocrx_word' id='word_1_95' title='bbox 1298 962 1517 1023; x_wconf 71' lang='grc' dir='ltr'>οὕστινας</span> <span class='ocrx_word' id='word_1_96' title='bbox 1544 962 1734 1029; x_wconf 80' lang='grc' dir='ltr'>ἐτησίας</span> <span class='ocrx_word' id='word_1_97' title='bbox 1756 960 2003 1032; x_wconf 69' lang='grc' dir='ltr'>Δημιοσθέ-</span> <span class='ocrx_word' id='word_1_98' title='bbox 2095 960 2240 1031; x_wconf 82' lang='grc' dir='ltr'>ἔργον</span> <span class='ocrx_word' id='word_1_99' title='bbox 2284 961 2346 1014; x_wconf 74' lang='grc' dir='ltr'>τὶ)</span> <span class='ocrx_word' id='word_1_100' title='bbox 2389 960 2513 1013; x_wconf 82' lang='grc' dir='ltr'>κατὰ</span> <span class='ocrx_word' id='word_1_101' title='bbox 2547 965 2646 1013; x_wconf 65' lang='grc' dir='ltr'>πῗιν</span> <span class='ocrx_word' id='word_1_102' title='bbox 2681 957 2816 1013; x_wconf 87' lang='grc' dir='ltr'>ἰδίων</span> <span class='ocrx_word' id='word_1_103' title='bbox 2859 957 3076 1011; x_wconf 79' lang='grc' dir='ltr'>πολιτῶν</span> <span class='ocrx_word' id='word_1_104' title='bbox 3117 959 3418 1028; x_wconf 76' lang='grc' dir='ltr'>στρατιώτας</span> <span class='ocrx_word' id='word_1_105' title='bbox 3455 958 3624 1027; x_wconf 73' lang='grc' dir='ltr'>τρέφειν.</span> 
     </span>
     <span class='ocr_line' id='line_1_8' title="bbox 423 1040 2244 1118; baseline -0.005 -18"><span class='ocrx_word' id='word_1_106' title='bbox 423 1068 505 1116; x_wconf 91' lang='grc' dir='ltr'>νης</span> <span class='ocrx_word' id='word_1_107' title='bbox 526 1047 691 1118; x_wconf 83' lang='grc' dir='ltr'>φησίν.</span> <span class='ocrx_word' id='word_1_108' title='bbox 716 1049 775 1099; x_wconf 94' lang='grc' dir='ltr'>Ρ.</span> <span class='ocrx_word' id='word_1_109' title='bbox 2095 1040 2244 1093; x_wconf 83' lang='lat' dir='ltr'>FYP.</span> 
     </span>
    </p>
   </div>
   <div class='ocr_carea' id='block_1_3' title="bbox 431 1114 3628 1354">
    <p class='ocr_par' dir='ltr' id='par_1_5' title="bbox 431 1114 3628 1354">
     <span class='ocr_line' id='line_1_9' title="bbox 504 1114 3570 1199; baseline -0.004 -21"><span class='ocrx_word' id='word_1_110' title='bbox 504 1127 719 1199; x_wconf 82' lang='grc' dir='ltr'>Φθάσῃ]</span> <span class='ocrx_word' id='word_1_111' title='bbox 742 1123 985 1195; x_wconf 79' lang='grc' dir='ltr'>προλάὸῃ.</span> <span class='ocrx_word' id='word_1_112' title='bbox 1018 1124 1078 1176; x_wconf 91' lang='lat' dir='ltr'>P.</span> <span class='ocrx_word' id='word_1_113' title='bbox 2161 1136 2262 1186; x_wconf 85' lang='lat'>97,</span> <span class='ocrx_word' id='word_1_114' title='bbox 2293 1136 2347 1187; x_wconf 90' lang='lat'>7.</span> <span class='ocrx_word' id='word_1_115' title='bbox 2383 1114 2724 1188; x_wconf 87' lang='grc' dir='ltr'>Εἰσαγγελία]</span> <span class='ocrx_word' id='word_1_116' title='bbox 2761 1114 3128 1187; x_wconf 81' lang='grc' dir='ltr'>Ἔμφανισμδς,</span> <span class='ocrx_word' id='word_1_117' title='bbox 3157 1115 3378 1187; x_wconf 82' lang='grc' dir='ltr'>μήνυσις.</span> <span class='ocrx_word' id='word_1_118' title='bbox 3397 1115 3570 1167; x_wconf 85' lang='lat' dir='ltr'>BFYP.</span> 
     </span>
     <span class='ocr_line' id='line_1_10' title="bbox 503 1193 3628 1275; baseline -0.004 -17"><span class='ocrx_word' id='word_1_119' title='bbox 503 1209 572 1275; x_wconf 87' lang='lat'>94</span> <span class='ocrx_word' id='word_1_120' title='bbox 590 1244 605 1271; x_wconf 89' lang='lat'>,</span> <span class='ocrx_word' id='word_1_121' title='bbox 650 1210 703 1269; x_wconf 92' lang='lat'>4.</span> <span class='ocrx_word' id='word_1_122' title='bbox 742 1202 874 1256; x_wconf 72' lang='grc' dir='ltr'>Ἀλλ’</span> <span class='ocrx_word' id='word_1_123' title='bbox 921 1200 1109 1255; x_wconf 78' lang='grc' dir='ltr'>ἐνθένδε</span> <span class='ocrx_word' id='word_1_124' title='bbox 1151 1198 1497 1270; x_wconf 74' lang='grc' dir='ltr'>βοηθήσομεν]</span> <span class='ocrx_word' id='word_1_125' title='bbox 1548 1196 2002 1269; x_wconf 66' lang='grc' dir='ltr'>’Ᾰντιστοχαστικδν</span> <span class='ocrx_word' id='word_1_126' title='bbox 2167 1214 2263 1265; x_wconf 89' lang='lat'>97,</span> <span class='ocrx_word' id='word_1_127' title='bbox 2305 1197 2390 1250; x_wconf 85' lang='lat'>15.</span> <span class='ocrx_word' id='word_1_128' title='bbox 2431 1196 2733 1267; x_wconf 77' lang='grc' dir='ltr'>Θορυὸεῖτε]</span> <span class='ocrx_word' id='word_1_129' title='bbox 2755 1195 2867 1251; x_wconf 75' lang='grc' dir='ltr'>ἀντὶ</span> <span class='ocrx_word' id='word_1_130' title='bbox 2897 1200 2986 1250; x_wconf 77' lang='grc' dir='ltr'>τοῦ</span> <span class='ocrx_word' id='word_1_131' title='bbox 3011 1196 3288 1249; x_wconf 81' lang='grc' dir='ltr'>συντίθεσθε</span> <span class='ocrx_word' id='word_1_132' title='bbox 3313 1193 3444 1266; x_wconf 69' lang='grc' dir='ltr'>αυτῷ</span> <span class='ocrx_word' id='word_1_133' title='bbox 3462 1195 3520 1255; x_wconf 80' lang='grc' dir='ltr'>ὣς</span> <span class='ocrx_word' id='word_1_134' title='bbox 3537 1194 3628 1259; x_wconf 78' lang='grc' dir='ltr'>ἀλη-</span> 
     </span>
     <span class='ocr_line' id='line_1_11' title="bbox 431 1276 2533 1354; baseline -0.003 -18"><span class='ocrx_word' id='word_1_135' title='bbox 431 1286 514 1339; x_wconf 72' lang='grc' dir='ltr'>καὶ</span> <span class='ocrx_word' id='word_1_136' title='bbox 536 1284 647 1353; x_wconf 73' lang='grc' dir='ltr'>περὶ</span> <span class='ocrx_word' id='word_1_137' title='bbox 671 1282 938 1354; x_wconf 74' lang='grc' dir='ltr'>μέλλοντος</span> <span class='ocrx_word' id='word_1_138' title='bbox 965 1280 1047 1333; x_wconf 73' lang='grc' dir='ltr'>καὶ</span> <span class='ocrx_word' id='word_1_139' title='bbox 1076 1278 1264 1344; x_wconf 89' lang='grc' dir='ltr'>ἀδήλου</span> <span class='ocrx_word' id='word_1_140' title='bbox 1288 1280 1589 1349; x_wconf 84' lang='grc' dir='ltr'>πράγματος.</span> <span class='ocrx_word' id='word_1_141' title='bbox 1618 1280 1679 1333; x_wconf 87' lang='grc' dir='ltr'>Ρ.</span> <span class='ocrx_word' id='word_1_142' title='bbox 2099 1276 2307 1331; x_wconf 78' lang='grc' dir='ltr'>θεόοντι.</span> <span class='ocrx_word' id='word_1_143' title='bbox 2338 1279 2533 1331; x_wconf 81' lang='lat' dir='ltr'>BFYP.</span> 
     </span>
    </p>
   </div>
   <div class='ocr_carea' id='block_1_4' title="bbox 504 1353 3625 1511">
    <p class='ocr_par' dir='ltr' id='par_1_6' title="bbox 504 1353 3625 1511">
     <span class='ocr_line' id='line_1_12' title="bbox 504 1353 3625 1429; baseline -0.002 -14"><span class='ocrx_word' id='word_1_144' title='bbox 504 1362 583 1415; x_wconf 74' lang='grc' dir='ltr'>Ἂν</span> <span class='ocrx_word' id='word_1_145' title='bbox 612 1364 656 1414; x_wconf 88' lang='grc' dir='ltr'>δ’</span> <span class='ocrx_word' id='word_1_146' title='bbox 678 1362 768 1414; x_wconf 68' lang='lat' dir='ltr'>{mh</span> <span class='ocrx_word' id='word_1_147' title='bbox 795 1366 885 1413; x_wconf 85' lang='grc' dir='ltr'>τῶν</span> <span class='ocrx_word' id='word_1_148' title='bbox 910 1356 1237 1428; x_wconf 83' lang='grc' dir='ltr'>πνευμάτων]</span> <span class='ocrx_word' id='word_1_149' title='bbox 1271 1353 1525 1417; x_wconf 78' lang='grc' dir='ltr'>Ἀντίθεσις</span> <span class='ocrx_word' id='word_1_150' title='bbox 1548 1354 1867 1426; x_wconf 87' lang='grc' dir='ltr'>στοχαστική.</span> <span class='ocrx_word' id='word_1_151' title='bbox 1899 1354 2001 1408; x_wconf 91' lang='lat' dir='ltr'>FP.</span> <span class='ocrx_word' id='word_1_152' title='bbox 2163 1374 2253 1427; x_wconf 85' lang='lat'>97,</span> <span class='ocrx_word' id='word_1_153' title='bbox 2275 1373 2364 1410; x_wconf 88' lang='lat'>22.</span> <span class='ocrx_word' id='word_1_154' title='bbox 2387 1356 2560 1411; x_wconf 78' lang='grc' dir='ltr'>Αἴτιον</span> <span class='ocrx_word' id='word_1_155' title='bbox 2583 1357 2657 1429; x_wconf 84' lang='grc' dir='ltr'>δὲ]</span> <span class='ocrx_word' id='word_1_156' title='bbox 2685 1356 2990 1427; x_wconf 73' lang='grc' dir='ltr'>Ὗπερθατδν</span> <span class='ocrx_word' id='word_1_157' title='bbox 3009 1356 3134 1410; x_wconf 68' lang='grc' dir='ltr'>κατὰ</span> <span class='ocrx_word' id='word_1_158' title='bbox 3151 1356 3450 1425; x_wconf 83' lang='grc' dir='ltr'>παρένθεσιν.</span> <span class='ocrx_word' id='word_1_159' title='bbox 3469 1356 3625 1410; x_wconf 76' lang='lat' dir='ltr'>BFYP.</span> 
     </span>
     <span class='ocr_line' id='line_1_13' title="bbox 507 1432 3621 1511; baseline -0.005 -16"><span class='ocrx_word' id='word_1_160' title='bbox 507 1444 575 1511; x_wconf 77' lang='grc'>94</span> <span class='ocrx_word' id='word_1_161' title='bbox 591 1480 606 1506; x_wconf 90' lang='grc'><em>,</em></span> <span class='ocrx_word' id='word_1_162' title='bbox 630 1444 681 1495; x_wconf 90' lang='grc'>6.</span> <span class='ocrx_word' id='word_1_163' title='bbox 708 1437 934 1507; x_wconf 73' lang='grc' dir='ltr'>Τούτου]</span> <span class='ocrx_word' id='word_1_164' title='bbox 956 1436 1065 1506; x_wconf 76' lang='grc' dir='ltr'>περὶ</span> <span class='ocrx_word' id='word_1_165' title='bbox 1088 1434 1356 1506; x_wconf 87' lang='grc' dir='ltr'>μέλλοντος</span> <span class='ocrx_word' id='word_1_166' title='bbox 1384 1435 1467 1487; x_wconf 77' lang='grc' dir='ltr'>καὶ</span> <span class='ocrx_word' id='word_1_167' title='bbox 1488 1433 1675 1501; x_wconf 84' lang='grc' dir='ltr'>ἀδήλου</span> <span class='ocrx_word' id='word_1_168' title='bbox 1700 1435 2003 1505; x_wconf 84' lang='grc' dir='ltr'>πράγματος.</span> <span class='ocrx_word' id='word_1_169' title='bbox 2166 1452 2255 1503; x_wconf 85' lang='grc'>97,</span> <span class='ocrx_word' id='word_1_170' title='bbox 2273 1434 2363 1488; x_wconf 88' lang='grc'>23.</span> <span class='ocrx_word' id='word_1_171' title='bbox 2379 1434 2824 1507; x_wconf 85' lang='grc' dir='ltr'>Παρεσκευάκασιν]</span> <span class='ocrx_word' id='word_1_172' title='bbox 2851 1434 3129 1507; x_wconf 81' lang='grc' dir='ltr'>Προσώπου</span> <span class='ocrx_word' id='word_1_173' title='bbox 3150 1432 3374 1499; x_wconf 75' lang='grc' dir='ltr'>ὓποὸολὴ</span> <span class='ocrx_word' id='word_1_174' title='bbox 3393 1433 3446 1486; x_wconf 75' lang='grc' dir='ltr'>τὺ</span> <span class='ocrx_word' id='word_1_175' title='bbox 3469 1438 3621 1503; x_wconf 71' lang='grc' dir='ltr'>σχῆμα.</span> 
     </span>
    </p>
   </div>
   <div class='ocr_carea' id='block_1_5' title="bbox 434 1514 3622 1827">
    <p class='ocr_par' dir='ltr' id='par_1_7' title="bbox 434 1514 3622 1827">
     <span class='ocr_line' id='line_1_14' title="bbox 434 1514 3622 1669; baseline -0.007 -7"><span class='ocrx_word' id='word_1_176' title='bbox 434 1524 604 1669; x_wconf 51' lang='grc' dir='ltr'>ΡΡξίῖι,</span> <span class='ocrx_word' id='word_1_177' title='bbox 636 1614 689 1666; x_wconf 83' lang='grc'>7·</span> <span class='ocrx_word' id='word_1_178' title='bbox 727 1596 885 1666; x_wconf 62' lang='grc' dir='ltr'>Ὥραν</span> <span class='ocrx_word' id='word_1_179' title='bbox 914 1598 1002 1647; x_wconf 62' lang='grc' dir='ltr'>τοῦ</span> <span class='ocrx_word' id='word_1_180' title='bbox 1028 1592 1203 1665; x_wconf 59' lang='grc' dir='ltr'>ἔτους]</span> <span class='ocrx_word' id='word_1_181' title='bbox 1233 1596 1320 1646; x_wconf 70' lang='grc' dir='ltr'>ῗῡῧ</span> <span class='ocrx_word' id='word_1_182' title='bbox 1344 1594 1527 1664; x_wconf 70' lang='grc' dir='ltr'>θέρους·</span> <span class='ocrx_word' id='word_1_183' title='bbox 1557 1595 1619 1646; x_wconf 78' lang='grc' dir='ltr'>Ρ·</span> <span class='ocrx_word' id='word_1_184' title='bbox 2095 1514 2266 1662; x_wconf 44' lang='grc' dir='ltr'><em>Εἲς,</em></span> <span class='ocrx_word' id='word_1_185' title='bbox 2312 1598 2395 1647; x_wconf 85' lang='lat'>16.</span> <span class='ocrx_word' id='word_1_186' title='bbox 2437 1593 2706 1663; x_wconf 86' lang='grc' dir='ltr'>Παρείκατε</span> <span class='ocrx_word' id='word_1_187' title='bbox 2734 1593 2754 1663; x_wconf 97' lang='grc'>]</span> <span class='ocrx_word' id='word_1_188' title='bbox 2779 1591 2842 1645; x_wconf 79' lang='grc' dir='ltr'>Οἳ</span> <span class='ocrx_word' id='word_1_189' title='bbox 2879 1592 3094 1645; x_wconf 78' lang='grc' dir='ltr'>Βοιωτοὶ</span> <span class='ocrx_word' id='word_1_190' title='bbox 3127 1592 3190 1646; x_wconf 72' lang='grc' dir='ltr'>τὸ</span> <span class='ocrx_word' id='word_1_191' title='bbox 3223 1612 3255 1659; x_wconf 85' lang='grc' dir='ltr'>η</span> <span class='ocrx_word' id='word_1_192' title='bbox 3295 1591 3362 1654; x_wconf 85' lang='grc' dir='ltr'>εἰς</span> <span class='ocrx_word' id='word_1_193' title='bbox 3388 1592 3444 1644; x_wconf 72' lang='grc' dir='ltr'>τὸ</span> <span class='ocrx_word' id='word_1_194' title='bbox 3477 1611 3514 1643; x_wconf 91' lang='grc' dir='ltr'>ει</span> <span class='ocrx_word' id='word_1_195' title='bbox 3545 1592 3622 1661; x_wconf 84' lang='grc' dir='ltr'>τρέ-</span> 
     </span>
     <span class='ocr_line' id='line_1_15' title="bbox 507 1672 2370 1748; baseline -0.003 -17"><span class='ocrx_word' id='word_1_196' title='bbox 507 1683 575 1748; x_wconf 87' lang='lat'>94</span> <span class='ocrx_word' id='word_1_197' title='bbox 594 1717 609 1742; x_wconf 90' lang='lat'><strong>,</strong></span> <span class='ocrx_word' id='word_1_198' title='bbox 648 1694 729 1730; x_wconf 84' lang='lat'>12.</span> <span class='ocrx_word' id='word_1_199' title='bbox 764 1675 1025 1745; x_wconf 78' lang='grc' dir='ltr'>Χαλκίδα]</span> <span class='ocrx_word' id='word_1_200' title='bbox 1052 1673 1232 1735; x_wconf 71' lang='grc' dir='ltr'>Χαλκὶς</span> <span class='ocrx_word' id='word_1_201' title='bbox 1258 1672 1399 1734; x_wconf 83' lang='grc' dir='ltr'>πόλις</span> <span class='ocrx_word' id='word_1_202' title='bbox 1427 1672 1658 1734; x_wconf 78' lang='grc' dir='ltr'>Εὗδοίας.</span> <span class='ocrx_word' id='word_1_203' title='bbox 1690 1674 1750 1727; x_wconf 89' lang='grc' dir='ltr'>Ρ.</span> <span class='ocrx_word' id='word_1_204' title='bbox 2097 1690 2262 1725; x_wconf 89' lang='grc' dir='ltr'>πουσι.</span> <span class='ocrx_word' id='word_1_205' title='bbox 2299 1672 2370 1725; x_wconf 88' lang='grc' dir='ltr'>Υ.</span> 
     </span>
     <span class='ocr_line' id='line_1_16' title="bbox 443 1746 3622 1827; baseline -0.003 -17"><span class='ocrx_word' id='word_1_206' title='bbox 443 1752 451 1759; x_wconf 70' lang='grc'><strong>’</strong></span> <span class='ocrx_word' id='word_1_207' title='bbox 510 1762 577 1827; x_wconf 88' lang='lat'>94</span> <span class='ocrx_word' id='word_1_208' title='bbox 596 1796 611 1821; x_wconf 90' lang='lat'>,</span> <span class='ocrx_word' id='word_1_209' title='bbox 653 1758 735 1809; x_wconf 85' lang='lat'>13.</span> <span class='ocrx_word' id='word_1_210' title='bbox 780 1754 990 1825; x_wconf 76' lang='grc' dir='ltr'>Ὠρεὸν]</span> <span class='ocrx_word' id='word_1_211' title='bbox 1018 1752 1169 1814; x_wconf 84' lang='grc' dir='ltr'>Πόλις</span> <span class='ocrx_word' id='word_1_212' title='bbox 1192 1752 1276 1805; x_wconf 76' lang='grc' dir='ltr'>καὶ</span> <span class='ocrx_word' id='word_1_213' title='bbox 1302 1751 1421 1818; x_wconf 78' lang='grc' dir='ltr'>αὕτη</span> <span class='ocrx_word' id='word_1_214' title='bbox 1444 1756 1529 1817; x_wconf 85' lang='grc' dir='ltr'>τῆς</span> <span class='ocrx_word' id='word_1_215' title='bbox 1548 1751 1773 1812; x_wconf 77' lang='grc' dir='ltr'>Εὗὸοίας.</span> <span class='ocrx_word' id='word_1_216' title='bbox 1802 1750 1863 1803; x_wconf 88' lang='grc' dir='ltr'>Ρ.</span> <span class='ocrx_word' id='word_1_217' title='bbox 2173 1752 2240 1819; x_wconf 87' lang='grc'>98</span> <span class='ocrx_word' id='word_1_218' title='bbox 2259 1790 2274 1815; x_wconf 90' lang='grc'><em>,</em></span> <span class='ocrx_word' id='word_1_219' title='bbox 2310 1750 2399 1804; x_wconf 87' lang='grc'>25.</span> <span class='ocrx_word' id='word_1_220' title='bbox 2437 1749 2843 1823; x_wconf 78' lang='grc' dir='ltr'>Ἀποληφθέντος]</span> <span class='ocrx_word' id='word_1_221' title='bbox 2870 1748 3026 1821; x_wconf 79' lang='grc' dir='ltr'>ἤγουν</span> <span class='ocrx_word' id='word_1_222' title='bbox 3053 1748 3418 1820; x_wconf 73' lang='grc' dir='ltr'>ἀπογενομένου</span> <span class='ocrx_word' id='word_1_223' title='bbox 3437 1748 3509 1800; x_wconf 78' lang='grc' dir='ltr'>καὶ</span> <span class='ocrx_word' id='word_1_224' title='bbox 3529 1746 3622 1799; x_wconf 79' lang='grc' dir='ltr'>ἀπο-</span> 
     </span>
    </p>
   </div>
   <div class='ocr_carea' id='block_1_6' title="bbox 440 1827 3622 1985">
    <p class='ocr_par' dir='ltr' id='par_1_8' title="bbox 440 1827 3622 1985">
     <span class='ocr_line' id='line_1_17' title="bbox 511 1827 2532 1907; baseline -0.003 -20"><span class='ocrx_word' id='word_1_225' title='bbox 511 1840 613 1907; x_wconf 87' lang='lat'>94,</span> <span class='ocrx_word' id='word_1_226' title='bbox 656 1852 740 1904; x_wconf 87' lang='lat'>19.</span> <span class='ocrx_word' id='word_1_227' title='bbox 782 1833 1100 1899; x_wconf 88' lang='grc' dir='ltr'>Βασκαίνειν]</span> <span class='ocrx_word' id='word_1_228' title='bbox 1122 1830 1178 1883; x_wconf 81' lang='grc' dir='ltr'>οὗ</span> <span class='ocrx_word' id='word_1_229' title='bbox 1204 1832 1427 1900; x_wconf 78' lang='grc' dir='ltr'>φθονεῖν,</span> <span class='ocrx_word' id='word_1_230' title='bbox 1454 1829 1586 1882; x_wconf 84' lang='grc' dir='ltr'>ἀλλὰ</span> <span class='ocrx_word' id='word_1_231' title='bbox 1620 1830 1887 1900; x_wconf 76' lang='grc' dir='ltr'>μέμφεσθαι</span> <span class='ocrx_word' id='word_1_232' title='bbox 1922 1827 2007 1880; x_wconf 68' lang='grc' dir='ltr'>καὶ</span> <span class='ocrx_word' id='word_1_233' title='bbox 2102 1831 2440 1901; x_wconf 83' lang='grc' dir='ltr'>κρατηθέντος.</span> <span class='ocrx_word' id='word_1_234' title='bbox 2473 1832 2532 1885; x_wconf 91' lang='grc' dir='ltr'>Ρ.</span> 
     </span>
     <span class='ocr_line' id='line_1_18' title="bbox 440 1904 3622 1985; baseline -0.005 -16"><span class='ocrx_word' id='word_1_235' title='bbox 440 1916 779 1985; x_wconf 75' lang='grc' dir='ltr'>συκοφαντεῖν.</span> <span class='ocrx_word' id='word_1_236' title='bbox 854 1912 949 1963; x_wconf 75' lang='grc' dir='ltr'>Δύο</span> <span class='ocrx_word' id='word_1_237' title='bbox 984 1910 1079 1981; x_wconf 81' lang='grc' dir='ltr'>γὰρ</span> <span class='ocrx_word' id='word_1_238' title='bbox 1117 1909 1345 1981; x_wconf 86' lang='grc' dir='ltr'>σημαίνει</span> <span class='ocrx_word' id='word_1_239' title='bbox 1366 1908 1423 1960; x_wconf 73' lang='grc' dir='ltr'>το</span> <span class='ocrx_word' id='word_1_240' title='bbox 1454 1908 1729 1978; x_wconf 78' lang='grc' dir='ltr'>βασκαίνειν</span> <span class='ocrx_word' id='word_1_241' title='bbox 1752 1906 1882 1978; x_wconf 80' lang='grc' dir='ltr'>παρὰ</span> <span class='ocrx_word' id='word_1_242' title='bbox 1910 1908 2016 1967; x_wconf 88' lang='grc' dir='ltr'>τοῖς</span> <span class='ocrx_word' id='word_1_243' title='bbox 2174 1912 2271 1977; x_wconf 84' lang='grc'>98,</span> <span class='ocrx_word' id='word_1_244' title='bbox 2315 1926 2403 1977; x_wconf 75' lang='lat'>27·</span> <span class='ocrx_word' id='word_1_245' title='bbox 2453 1907 2585 1961; x_wconf 85' lang='grc' dir='ltr'>Ἀλλ’</span> <span class='ocrx_word' id='word_1_246' title='bbox 2631 1906 2848 1979; x_wconf 73' lang='grc' dir='ltr'>ἐκεῖνος]</span> <span class='ocrx_word' id='word_1_247' title='bbox 2877 1908 2954 1961; x_wconf 72' lang='lat' dir='ltr'>T&#39;o</span> <span class='ocrx_word' id='word_1_248' title='bbox 2995 1910 3170 1978; x_wconf 79' lang='grc' dir='ltr'>σχῆμα</span> <span class='ocrx_word' id='word_1_249' title='bbox 3205 1906 3468 1959; x_wconf 76' lang='grc' dir='ltr'>ἀντίθετον.</span> <span class='ocrx_word' id='word_1_250' title='bbox 3527 1904 3622 1957; x_wconf 74' lang='grc' dir='ltr'>Οἷον</span> 
     </span>
    </p>
   </div>
   <div class='ocr_carea' id='block_1_7' title="bbox 438 1984 3628 2697">
    <p class='ocr_par' dir='ltr' id='par_1_9' title="bbox 438 1984 3628 2697">
     <span class='ocr_line' id='line_1_19' title="bbox 438 1984 3132 2058; baseline -0.004 -9"><span class='ocrx_word' id='word_1_251' title='bbox 438 1994 685 2054; x_wconf 81' lang='grc' dir='ltr'>παλαιοῖς.</span> <span class='ocrx_word' id='word_1_252' title='bbox 731 1992 881 2045; x_wconf 89' lang='lat' dir='ltr'>FYP.</span> <span class='ocrx_word' id='word_1_253' title='bbox 2104 1985 2243 2058; x_wconf 72' lang='grc' dir='ltr'>ὑμεῖς</span> <span class='ocrx_word' id='word_1_254' title='bbox 2264 1984 2396 2039; x_wconf 80' lang='grc' dir='ltr'>οἴκοι</span> <span class='ocrx_word' id='word_1_255' title='bbox 2412 2026 2428 2051; x_wconf 92' lang='grc'><em>,</em></span> <span class='ocrx_word' id='word_1_256' title='bbox 2455 1986 2639 2047; x_wconf 76' lang='grc' dir='ltr'>ἐκεῖνος</span> <span class='ocrx_word' id='word_1_257' title='bbox 2659 1984 2949 2057; x_wconf 81' lang='grc' dir='ltr'>ἀποδημῶν.</span> <span class='ocrx_word' id='word_1_258' title='bbox 2979 1986 3132 2038; x_wconf 81' lang='lat' dir='ltr'>FYP.</span> 
     </span>
     <span class='ocr_line' id='line_1_20' title="bbox 514 2062 3625 2143; baseline -0.003 -20"><span class='ocrx_word' id='word_1_259' title='bbox 514 2075 584 2143; x_wconf 86' lang='lat'>94</span> <span class='ocrx_word' id='word_1_260' title='bbox 604 2111 619 2137; x_wconf 88' lang='lat'>‚</span> <span class='ocrx_word' id='word_1_261' title='bbox 648 2088 735 2125; x_wconf 89' lang='lat'>22.</span> <span class='ocrx_word' id='word_1_262' title='bbox 766 2069 831 2123; x_wconf 78' lang='grc' dir='ltr'>Εἰ</span> <span class='ocrx_word' id='word_1_263' title='bbox 850 2070 945 2140; x_wconf 92' lang='grc' dir='ltr'>γάρ</span> <span class='ocrx_word' id='word_1_264' title='bbox 967 2068 1070 2138; x_wconf 91' lang='grc' dir='ltr'>τις]</span> <span class='ocrx_word' id='word_1_265' title='bbox 1101 2064 1399 2137; x_wconf 77' lang='grc' dir='ltr'>Ἀποστροφὴ</span> <span class='ocrx_word' id='word_1_266' title='bbox 1421 2064 1539 2135; x_wconf 74' lang='grc' dir='ltr'>πρὸς</span> <span class='ocrx_word' id='word_1_267' title='bbox 1568 2064 1839 2119; x_wconf 83' lang='grc' dir='ltr'>Φίλιππον.</span> <span class='ocrx_word' id='word_1_268' title='bbox 1864 2069 1924 2119; x_wconf 94' lang='lat' dir='ltr'>P.</span> <span class='ocrx_word' id='word_1_269' title='bbox 2175 2086 2246 2136; x_wconf 88' lang='lat'>99</span> <span class='ocrx_word' id='word_1_270' title='bbox 2263 2106 2276 2131; x_wconf 86' lang='lat'><strong>,</strong></span> <span class='ocrx_word' id='word_1_271' title='bbox 2315 2084 2362 2121; x_wconf 89' lang='lat'>1.</span> <span class='ocrx_word' id='word_1_272' title='bbox 2403 2067 2718 2137; x_wconf 79' lang='grc' dir='ltr'>Κατέστησε]</span> <span class='ocrx_word' id='word_1_273' title='bbox 2749 2066 2800 2120; x_wconf 81' lang='grc' dir='ltr'>έν</span> <span class='ocrx_word' id='word_1_274' title='bbox 2819 2068 2883 2137; x_wconf 78' lang='grc' dir='ltr'>τῇ</span> <span class='ocrx_word' id='word_1_275' title='bbox 2914 2064 3138 2136; x_wconf 79' lang='grc' dir='ltr'>Ἐρετρίᾳ</span> <span class='ocrx_word' id='word_1_276' title='bbox 3177 2064 3486 2133; x_wconf 69' lang='grc' dir='ltr'>Κλείταρχον·</span> <span class='ocrx_word' id='word_1_277' title='bbox 3510 2062 3552 2115; x_wconf 80' lang='grc' dir='ltr'>ἔν</span> <span class='ocrx_word' id='word_1_278' title='bbox 3571 2068 3625 2134; x_wconf 71' lang='grc' dir='ltr'>τῷ</span> 
     </span>
     <span class='ocr_line' id='line_1_21' title="bbox 513 2142 2784 2221; baseline -0.001 -18"><span class='ocrx_word' id='word_1_279' title='bbox 513 2156 579 2221; x_wconf 83' lang='lat'>94</span> <span class='ocrx_word' id='word_1_280' title='bbox 598 2192 613 2217; x_wconf 93' lang='lat'><em>,</em></span> <span class='ocrx_word' id='word_1_281' title='bbox 647 2152 733 2203; x_wconf 77' lang='lat'>25.</span> <span class='ocrx_word' id='word_1_282' title='bbox 775 2148 1074 2218; x_wconf 80' lang='grc' dir='ltr'>Εὖσθενεῖν]</span> <span class='ocrx_word' id='word_1_283' title='bbox 1104 2144 1323 2216; x_wconf 72' lang='grc' dir='ltr'>εὐτυχεῖν</span> <span class='ocrx_word' id='word_1_284' title='bbox 1350 2146 1433 2199; x_wconf 83' lang='grc' dir='ltr'>καὶ</span> <span class='ocrx_word' id='word_1_285' title='bbox 1456 2144 1703 2215; x_wconf 81' lang='grc' dir='ltr'>φιλεῖσθαι</span> <span class='ocrx_word' id='word_1_286' title='bbox 1726 2147 1838 2216; x_wconf 89' lang='grc' dir='ltr'>παρ’</span> <span class='ocrx_word' id='word_1_287' title='bbox 1852 2144 2009 2215; x_wconf 72' lang='grc' dir='ltr'>θμῶν.</span> <span class='ocrx_word' id='word_1_288' title='bbox 2111 2142 2268 2217; x_wconf 78' lang='grc' dir='ltr'>Ὠρεῷ</span> <span class='ocrx_word' id='word_1_289' title='bbox 2291 2146 2603 2213; x_wconf 84' lang='grc' dir='ltr'>Φιλιστίδην.</span> <span class='ocrx_word' id='word_1_290' title='bbox 2634 2147 2784 2201; x_wconf 79' lang='lat' dir='ltr'>FYP.</span> 
     </span>
     <span class='ocr_line' id='line_1_22' title="bbox 446 2222 3623 2297; baseline -0.002 -13"><span class='ocrx_word' id='word_1_291' title='bbox 446 2231 601 2285; x_wconf 77' lang='lat' dir='ltr'>FYP.</span> <span class='ocrx_word' id='word_1_292' title='bbox 2177 2245 2244 2294; x_wconf 80' lang='grc'>99</span> <span class='ocrx_word' id='word_1_293' title='bbox 2264 2264 2280 2289; x_wconf 88' lang='grc'><em>,</em></span> <span class='ocrx_word' id='word_1_294' title='bbox 2310 2242 2364 2279; x_wconf 85' lang='grc'>2.</span> <span class='ocrx_word' id='word_1_295' title='bbox 2395 2224 2510 2278; x_wconf 78' lang='grc' dir='ltr'>Ἐπὶ</span> <span class='ocrx_word' id='word_1_296' title='bbox 2531 2224 2732 2297; x_wconf 69' lang='grc' dir='ltr'>Σκιάδῳ</span> <span class='ocrx_word' id='word_1_297' title='bbox 2753 2226 2774 2297; x_wconf 96' lang='grc'>]</span> <span class='ocrx_word' id='word_1_298' title='bbox 2805 2224 3010 2286; x_wconf 81' lang='grc' dir='ltr'>Σκίαθος</span> <span class='ocrx_word' id='word_1_299' title='bbox 3038 2228 3182 2291; x_wconf 76' lang='grc' dir='ltr'>νῆσος</span> <span class='ocrx_word' id='word_1_300' title='bbox 3203 2222 3409 2289; x_wconf 85' lang='grc' dir='ltr'>πλησίον</span> <span class='ocrx_word' id='word_1_301' title='bbox 3434 2222 3623 2286; x_wconf 74' lang='grc' dir='ltr'>Εὖθοίας,</span> 
     </span>
     <span class='ocr_line' id='line_1_23' title="bbox 518 2302 2808 2378; baseline -0 -18"><span class='ocrx_word' id='word_1_302' title='bbox 518 2312 586 2378; x_wconf 89' lang='lat'>94</span> <span class='ocrx_word' id='word_1_303' title='bbox 606 2348 621 2372; x_wconf 83' lang='lat'>,</span> <span class='ocrx_word' id='word_1_304' title='bbox 652 2311 741 2363; x_wconf 88' lang='lat'>28.</span> <span class='ocrx_word' id='word_1_305' title='bbox 777 2305 1181 2378; x_wconf 84' lang='grc' dir='ltr'>Διασπασθῆναι]</span> <span class='ocrx_word' id='word_1_306' title='bbox 1208 2303 1361 2375; x_wconf 82' lang='grc' dir='ltr'>ἤγουν</span> <span class='ocrx_word' id='word_1_307' title='bbox 1393 2302 1731 2373; x_wconf 78' lang='grc' dir='ltr'>συντριδῆναι,</span> <span class='ocrx_word' id='word_1_308' title='bbox 1770 2302 2018 2355; x_wconf 86' lang='grc' dir='ltr'>κατακλα-</span> <span class='ocrx_word' id='word_1_309' title='bbox 2103 2302 2316 2369; x_wconf 69' lang='grc' dir='ltr'>ὑπήκοος</span> <span class='ocrx_word' id='word_1_310' title='bbox 2347 2302 2628 2371; x_wconf 77' lang='grc' dir='ltr'>Ἀθηναίων.</span> <span class='ocrx_word' id='word_1_311' title='bbox 2657 2304 2808 2359; x_wconf 79' lang='lat' dir='ltr'>FYP.</span> 
     </span>
     <span class='ocr_line' id='line_1_24' title="bbox 448 2378 3443 2455; baseline -0.001 -16"><span class='ocrx_word' id='word_1_312' title='bbox 448 2388 640 2455; x_wconf 83' lang='grc' dir='ltr'>σθῆναι.</span> <span class='ocrx_word' id='word_1_313' title='bbox 670 2387 729 2440; x_wconf 90' lang='lat' dir='ltr'>P.</span> <span class='ocrx_word' id='word_1_314' title='bbox 2177 2403 2246 2453; x_wconf 82' lang='grc'>99</span> <span class='ocrx_word' id='word_1_315' title='bbox 2263 2423 2277 2448; x_wconf 92' lang='grc'><em>,</em></span> <span class='ocrx_word' id='word_1_316' title='bbox 2315 2399 2398 2438; x_wconf 86' lang='lat'>12.</span> <span class='ocrx_word' id='word_1_317' title='bbox 2443 2382 2675 2453; x_wconf 84' lang='grc' dir='ltr'>Ποιεῖτε]</span> <span class='ocrx_word' id='word_1_318' title='bbox 2707 2383 2766 2435; x_wconf 75' lang='grc' dir='ltr'>τὸ</span> <span class='ocrx_word' id='word_1_319' title='bbox 2790 2382 3021 2453; x_wconf 79' lang='grc' dir='ltr'>ῥᾳθυμεῖν</span> <span class='ocrx_word' id='word_1_320' title='bbox 3049 2381 3132 2433; x_wconf 78' lang='grc' dir='ltr'>καὶ</span> <span class='ocrx_word' id='word_1_321' title='bbox 3161 2378 3354 2451; x_wconf 83' lang='grc' dir='ltr'>ἀργεῖν.</span> <span class='ocrx_word' id='word_1_322' title='bbox 3379 2382 3443 2436; x_wconf 97' lang='grc' dir='ltr'>Υ.</span> 
     </span>
     <span class='ocr_line' id='line_1_25' title="bbox 520 2460 3147 2535; baseline -0.001 -18"><span class='ocrx_word' id='word_1_323' title='bbox 520 2468 586 2535; x_wconf 88' lang='grc'>95</span> <span class='ocrx_word' id='word_1_324' title='bbox 606 2506 619 2530; x_wconf 91' lang='grc'><em>,</em></span> <span class='ocrx_word' id='word_1_325' title='bbox 644 2469 696 2528; x_wconf 89' lang='lat'>4.</span> <span class='ocrx_word' id='word_1_326' title='bbox 745 2462 1031 2532; x_wconf 80' lang='grc' dir='ltr'>Ἐξετάσαι]</span> <span class='ocrx_word' id='word_1_327' title='bbox 1048 2464 1225 2534; x_wconf 86' lang='grc' dir='ltr'>κρίνειν</span> <span class='ocrx_word' id='word_1_328' title='bbox 1247 2466 1345 2521; x_wconf 81' lang='grc' dir='ltr'>πῶς</span> <span class='ocrx_word' id='word_1_329' title='bbox 1366 2460 1472 2530; x_wconf 78' lang='grc' dir='ltr'>ἔχει</span> <span class='ocrx_word' id='word_1_330' title='bbox 1499 2460 1561 2513; x_wconf 79' lang='grc' dir='ltr'>τὰ</span> <span class='ocrx_word' id='word_1_331' title='bbox 1580 2460 1862 2531; x_wconf 84' lang='grc' dir='ltr'>πράγματα.</span> <span class='ocrx_word' id='word_1_332' title='bbox 1886 2461 1954 2513; x_wconf 95' lang='grc' dir='ltr'>Υ.</span> <span class='ocrx_word' id='word_1_333' title='bbox 2179 2482 2244 2532; x_wconf 89' lang='lat'>99</span> <span class='ocrx_word' id='word_1_334' title='bbox 2263 2502 2278 2527; x_wconf 91' lang='lat'>,</span> <span class='ocrx_word' id='word_1_335' title='bbox 2311 2480 2396 2533; x_wconf 87' lang='lat'>19.</span> <span class='ocrx_word' id='word_1_336' title='bbox 2439 2460 2680 2532; x_wconf 82' lang='grc' dir='ltr'>Ἐδάφει]</span> <span class='ocrx_word' id='word_1_337' title='bbox 2711 2466 2778 2533; x_wconf 76' lang='grc' dir='ltr'>τῇ·</span> <span class='ocrx_word' id='word_1_338' title='bbox 2801 2466 2886 2534; x_wconf 84' lang='grc' dir='ltr'>γῇ.</span> <span class='ocrx_word' id='word_1_339' title='bbox 2913 2464 2974 2515; x_wconf 93' lang='grc' dir='ltr'>Ρ.</span> <span class='ocrx_word' id='word_1_340' title='bbox 3133 2476 3147 2483; x_wconf 86' lang='grc'><em>“</em></span> 
     </span>
     <span class='ocr_line' id='line_1_26' title="bbox 522 2537 3628 2614; baseline -0.002 -18"><span class='ocrx_word' id='word_1_341' title='bbox 522 2546 587 2614; x_wconf 86' lang='grc'>95</span> <span class='ocrx_word' id='word_1_342' title='bbox 602 2586 616 2610; x_wconf 90' lang='grc'><em>,</em></span> <span class='ocrx_word' id='word_1_343' title='bbox 644 2550 678 2599; x_wconf 84' lang='grc'><strong>6</strong></span> <span class='ocrx_word' id='word_1_344' title='bbox 734 2542 857 2595; x_wconf 74' lang='grc' dir='ltr'>Οὔτε</span> <span class='ocrx_word' id='word_1_345' title='bbox 884 2543 1155 2614; x_wconf 88' lang='grc' dir='ltr'>χρήματα]</span> <span class='ocrx_word' id='word_1_346' title='bbox 1185 2542 1485 2612; x_wconf 85' lang='grc' dir='ltr'>Σημείωσαι,</span> <span class='ocrx_word' id='word_1_347' title='bbox 1510 2539 1634 2593; x_wconf 81' lang='grc' dir='ltr'>κατὰ</span> <span class='ocrx_word' id='word_1_348' title='bbox 1657 2540 1821 2593; x_wconf 88' lang='grc' dir='ltr'>κῶλον</span> <span class='ocrx_word' id='word_1_349' title='bbox 1842 2538 2021 2594; x_wconf 79' lang='grc' dir='ltr'>ἐπανα·</span> <span class='ocrx_word' id='word_1_350' title='bbox 2185 2558 2309 2605; x_wconf 85' lang='lat'>100,</span> <span class='ocrx_word' id='word_1_351' title='bbox 2339 2544 2390 2596; x_wconf 88' lang='grc'>3.</span> <span class='ocrx_word' id='word_1_352' title='bbox 2419 2540 2500 2595; x_wconf 76' lang='grc' dir='ltr'>Τὰ</span> <span class='ocrx_word' id='word_1_353' title='bbox 2523 2546 2608 2594; x_wconf 79' lang='grc' dir='ltr'>νῦν</span> <span class='ocrx_word' id='word_1_354' title='bbox 2641 2542 2974 2613; x_wconf 76' lang='grc' dir='ltr'>βεὸιασμένα]</span> <span class='ocrx_word' id='word_1_355' title='bbox 3007 2538 3069 2593; x_wconf 77' lang='grc' dir='ltr'>τὰ</span> <span class='ocrx_word' id='word_1_356' title='bbox 3093 2538 3209 2605; x_wconf 85' lang='grc' dir='ltr'>ἔθνη</span> <span class='ocrx_word' id='word_1_357' title='bbox 3239 2539 3300 2591; x_wconf 79' lang='grc' dir='ltr'>τὰ</span> <span class='ocrx_word' id='word_1_358' title='bbox 3321 2544 3402 2591; x_wconf 79' lang='grc' dir='ltr'>ν’ὕν</span> <span class='ocrx_word' id='word_1_359' title='bbox 3427 2538 3497 2591; x_wconf 66' lang='grc' dir='ltr'>ὑπ’</span> <span class='ocrx_word' id='word_1_360' title='bbox 3515 2537 3628 2590; x_wconf 72' lang='grc' dir='ltr'>αὐτοῦ</span> 
     </span>
     <span class='ocr_line' id='line_1_27' title="bbox 450 2620 2628 2697; baseline -0.001 -22"><span class='ocrx_word' id='word_1_361' title='bbox 450 2624 575 2697; x_wconf 81' lang='grc' dir='ltr'>φορὰ</span> <span class='ocrx_word' id='word_1_362' title='bbox 605 2622 663 2676; x_wconf 73' lang='grc' dir='ltr'>τὸ</span> <span class='ocrx_word' id='word_1_363' title='bbox 684 2620 813 2676; x_wconf 76' lang='grc' dir='ltr'>οὔτε.</span> <span class='ocrx_word' id='word_1_364' title='bbox 840 2624 946 2676; x_wconf 89' lang='grc' dir='ltr'>ΒΡ.</span> <span class='ocrx_word' id='word_1_365' title='bbox 2110 2622 2440 2691; x_wconf 78' lang='grc' dir='ltr'>κατεχόμενα.</span> <span class='ocrx_word' id='word_1_366' title='bbox 2472 2622 2628 2673; x_wconf 85' lang='grc' dir='ltr'>ΕΥΡ.</span> 
     </span>
    </p>
   </div>
   <div class='ocr_carea' id='block_1_8' title="bbox 453 2694 3644 3323">
    <p class='ocr_par' dir='ltr' id='par_1_10' title="bbox 453 2694 3626 2929">
     <span class='ocr_line' id='line_1_28' title="bbox 528 2694 3626 2773; baseline -0.003 -18"><span class='ocrx_word' id='word_1_367' title='bbox 528 2704 594 2773; x_wconf 89' lang='grc'>95</span> <span class='ocrx_word' id='word_1_368' title='bbox 614 2744 628 2766; x_wconf 89' lang='grc'><em>,</em></span> <span class='ocrx_word' id='word_1_369' title='bbox 665 2720 748 2755; x_wconf 91' lang='lat'>12.</span> <span class='ocrx_word' id='word_1_370' title='bbox 787 2701 862 2753; x_wconf 79' lang='grc' dir='ltr'>Τὰ</span> <span class='ocrx_word' id='word_1_371' title='bbox 880 2700 1091 2771; x_wconf 74' lang='grc' dir='ltr'>ἡμέτερα</span> <span class='ocrx_word' id='word_1_372' title='bbox 1111 2699 1267 2751; x_wconf 78' lang='grc' dir='ltr'>αὗτῶν</span> <span class='ocrx_word' id='word_1_373' title='bbox 1290 2700 1556 2771; x_wconf 83' lang='grc' dir='ltr'>πράττειν]</span> <span class='ocrx_word' id='word_1_374' title='bbox 1592 2697 1702 2751; x_wconf 71' lang='grc' dir='ltr'>ἀντὶ</span> <span class='ocrx_word' id='word_1_375' title='bbox 1724 2702 1811 2751; x_wconf 82' lang='grc' dir='ltr'>τοῦ</span> <span class='ocrx_word' id='word_1_376' title='bbox 1839 2694 2022 2766; x_wconf 79' lang='grc' dir='ltr'>ἣσυχά-</span> <span class='ocrx_word' id='word_1_377' title='bbox 2185 2716 2315 2764; x_wconf 89' lang='lat'>100,</span> <span class='ocrx_word' id='word_1_378' title='bbox 2353 2700 2401 2752; x_wconf 90' lang='grc'>5.</span> <span class='ocrx_word' id='word_1_379' title='bbox 2451 2696 2664 2769; x_wconf 79' lang='grc' dir='ltr'>Ἀρχὴν]</span> <span class='ocrx_word' id='word_1_380' title='bbox 2689 2696 2779 2763; x_wconf 78' lang='grc' dir='ltr'>τὴν</span> <span class='ocrx_word' id='word_1_381' title='bbox 2809 2694 3117 2768; x_wconf 81' lang='grc' dir='ltr'>τυραννικὴν,</span> <span class='ocrx_word' id='word_1_382' title='bbox 3144 2696 3202 2749; x_wconf 75' lang='grc' dir='ltr'>οὗ</span> <span class='ocrx_word' id='word_1_383' title='bbox 3225 2694 3315 2761; x_wconf 76' lang='grc' dir='ltr'>τὴν</span> <span class='ocrx_word' id='word_1_384' title='bbox 3343 2696 3532 2769; x_wconf 74' lang='grc' dir='ltr'>ἔννομον</span> <span class='ocrx_word' id='word_1_385' title='bbox 3559 2698 3626 2761; x_wconf 74' lang='grc' dir='ltr'>δη-</span> 
     </span>
     <span class='ocr_line' id='line_1_29' title="bbox 453 2778 2482 2853; baseline -0.001 -18"><span class='ocrx_word' id='word_1_386' title='bbox 453 2788 553 2846; x_wconf 88' lang='grc' dir='ltr'>ζειν</span> <span class='ocrx_word' id='word_1_387' title='bbox 574 2784 656 2834; x_wconf 73' lang='grc' dir='ltr'>καὶ</span> <span class='ocrx_word' id='word_1_388' title='bbox 678 2780 743 2853; x_wconf 88' lang='grc' dir='ltr'>μὴ</span> <span class='ocrx_word' id='word_1_389' title='bbox 763 2781 1193 2851; x_wconf 87' lang='grc' dir='ltr'>πολυπραγμονεῖν</span> <span class='ocrx_word' id='word_1_390' title='bbox 1219 2779 1328 2850; x_wconf 70' lang='grc' dir='ltr'>περὶ</span> <span class='ocrx_word' id='word_1_391' title='bbox 1358 2779 1513 2850; x_wconf 81' lang='grc' dir='ltr'>ἀρχῆς</span> <span class='ocrx_word' id='word_1_392' title='bbox 1536 2778 1618 2832; x_wconf 72' lang='grc' dir='ltr'>καὶ</span> <span class='ocrx_word' id='word_1_393' title='bbox 1637 2778 1902 2851; x_wconf 79' lang='grc' dir='ltr'>ἡγεμονίας</span> <span class='ocrx_word' id='word_1_394' title='bbox 1927 2784 2022 2831; x_wconf 79' lang='grc' dir='ltr'>τῶν</span> <span class='ocrx_word' id='word_1_395' title='bbox 2113 2778 2303 2836; x_wconf 87' lang='grc' dir='ltr'>λονότι.</span> <span class='ocrx_word' id='word_1_396' title='bbox 2340 2780 2482 2833; x_wconf 81' lang='lat' dir='ltr'>FBP.</span> 
     </span>
     <span class='ocr_line' id='line_1_30' title="bbox 460 2854 3494 2929; baseline -0.002 -16"><span class='ocrx_word' id='word_1_397' title='bbox 460 2861 742 2927; x_wconf 81' lang='grc' dir='ltr'>Ἐλλήνων.</span> <span class='ocrx_word' id='word_1_398' title='bbox 770 2861 923 2913; x_wconf 86' lang='lat' dir='ltr'>FYP.</span> <span class='ocrx_word' id='word_1_399' title='bbox 2187 2876 2286 2913; x_wconf 87' lang='lat'>100</span> <span class='ocrx_word' id='word_1_400' title='bbox 2303 2900 2319 2923; x_wconf 92' lang='lat'>‚</span> <span class='ocrx_word' id='word_1_401' title='bbox 2355 2877 2436 2912; x_wconf 91' lang='lat'>11.</span> <span class='ocrx_word' id='word_1_402' title='bbox 2478 2858 2548 2911; x_wconf 77' lang='grc' dir='ltr'>Οὔ</span> <span class='ocrx_word' id='word_1_403' title='bbox 2571 2860 2764 2929; x_wconf 78' lang='grc' dir='ltr'>κακῶς]</span> <span class='ocrx_word' id='word_1_404' title='bbox 2791 2858 3092 2928; x_wconf 86' lang='grc' dir='ltr'>Σημείωσαι·</span> <span class='ocrx_word' id='word_1_405' title='bbox 3123 2854 3371 2926; x_wconf 75' lang='grc' dir='ltr'>ἐπίκρισις.</span> <span class='ocrx_word' id='word_1_406' title='bbox 3394 2858 3494 2909; x_wconf 87' lang='lat' dir='ltr'>BP.</span> 
     </span>
    </p>

    <p class='ocr_par' dir='ltr' id='par_1_11' title="bbox 457 2932 3644 3323">
     <span class='ocr_line' id='line_1_31' title="bbox 530 2932 3640 3011; baseline -0.002 -18"><span class='ocrx_word' id='word_1_407' title='bbox 530 2942 624 3011; x_wconf 87' lang='grc'>95,</span> <span class='ocrx_word' id='word_1_408' title='bbox 658 2940 736 2992; x_wconf 84' lang='lat'>13.</span> <span class='ocrx_word' id='word_1_409' title='bbox 759 2938 1036 3007; x_wconf 82' lang='grc' dir='ltr'>Δέγοντας]</span> <span class='ocrx_word' id='word_1_410' title='bbox 1067 2934 1173 2988; x_wconf 79' lang='grc' dir='ltr'>οἷον</span> <span class='ocrx_word' id='word_1_411' title='bbox 1198 2937 1310 2998; x_wconf 68' lang='grc' dir='ltr'>τοὺς</span> <span class='ocrx_word' id='word_1_412' title='bbox 1344 2936 1579 3007; x_wconf 76' lang='grc' dir='ltr'>λέγοντας</span> <span class='ocrx_word' id='word_1_413' title='bbox 1604 2936 1680 2987; x_wconf 59' lang='lat' dir='ltr'>&amp;tt</span> <span class='ocrx_word' id='word_1_414' title='bbox 1712 2934 1819 2995; x_wconf 72' lang='grc' dir='ltr'>ἔθος</span> <span class='ocrx_word' id='word_1_415' title='bbox 1843 2934 1947 2989; x_wconf 65' lang='grc' dir='ltr'>ἐστὶ</span> <span class='ocrx_word' id='word_1_416' title='bbox 1966 2939 2028 3007; x_wconf 78' lang='grc' dir='ltr'>τῇ</span> <span class='ocrx_word' id='word_1_417' title='bbox 2189 2956 2318 3004; x_wconf 88' lang='lat'>100,</span> <span class='ocrx_word' id='word_1_418' title='bbox 2358 2940 2439 2992; x_wconf 88' lang='lat'>18.</span> <span class='ocrx_word' id='word_1_419' title='bbox 2486 2938 2576 2989; x_wconf 77' lang='grc' dir='ltr'>Καὶ</span> <span class='ocrx_word' id='word_1_420' title='bbox 2613 2940 2736 2990; x_wconf 80' lang='grc' dir='ltr'>ὅπου</span> <span class='ocrx_word' id='word_1_421' title='bbox 2759 2938 2869 3008; x_wconf 86' lang='grc' dir='ltr'>τις]</span> <span class='ocrx_word' id='word_1_422' title='bbox 2905 2937 3062 2989; x_wconf 83' lang='grc' dir='ltr'>Πάλιν</span> <span class='ocrx_word' id='word_1_423' title='bbox 3097 2934 3161 2997; x_wconf 85' lang='grc' dir='ltr'>εἰς</span> <span class='ocrx_word' id='word_1_424' title='bbox 3183 2935 3439 3002; x_wconf 83' lang='grc' dir='ltr'>Διοπείθην</span> <span class='ocrx_word' id='word_1_425' title='bbox 3471 2932 3640 2986; x_wconf 65' lang='grc' dir='ltr'>αἰνίττιο</span> 
     </span>
     <span class='ocr_line' id='line_1_32' title="bbox 457 3012 3362 3089; baseline -0.001 -20"><span class='ocrx_word' id='word_1_426' title='bbox 457 3018 600 3073; x_wconf 83' lang='grc' dir='ltr'>πόλει</span> <span class='ocrx_word' id='word_1_427' title='bbox 627 3016 709 3068; x_wconf 72' lang='grc' dir='ltr'>καὶ</span> <span class='ocrx_word' id='word_1_428' title='bbox 738 3016 843 3074; x_wconf 91' lang='grc' dir='ltr'>τοῖς</span> <span class='ocrx_word' id='word_1_429' title='bbox 865 3014 1123 3083; x_wconf 87' lang='grc' dir='ltr'>προγόνοις</span> <span class='ocrx_word' id='word_1_430' title='bbox 1139 3012 1279 3084; x_wconf 78' lang='grc' dir='ltr'>ἡμῶν</span> <span class='ocrx_word' id='word_1_431' title='bbox 1298 3013 1356 3065; x_wconf 74' lang='grc' dir='ltr'>τὸ</span> <span class='ocrx_word' id='word_1_432' title='bbox 1391 3016 1563 3075; x_wconf 83' lang='grc' dir='ltr'>σώζειν</span> <span class='ocrx_word' id='word_1_433' title='bbox 1584 3014 1695 3075; x_wconf 63' lang='grc' dir='ltr'>τοὺς</span> <span class='ocrx_word' id='word_1_434' title='bbox 1726 3013 2027 3065; x_wconf 75' lang='grc' dir='ltr'>κινδυνεύον-</span> <span class='ocrx_word' id='word_1_435' title='bbox 2111 3038 2222 3082; x_wconf 78' lang='grc' dir='ltr'>ται,</span> <span class='ocrx_word' id='word_1_436' title='bbox 2252 3019 2328 3071; x_wconf 80' lang='grc' dir='ltr'>ὅτι</span> <span class='ocrx_word' id='word_1_437' title='bbox 2359 3015 2410 3069; x_wconf 76' lang='grc' dir='ltr'>ἐν</span> <span class='ocrx_word' id='word_1_438' title='bbox 2435 3019 2497 3089; x_wconf 84' lang='grc' dir='ltr'>τῇ</span> <span class='ocrx_word' id='word_1_439' title='bbox 2518 3017 2684 3089; x_wconf 79' lang='grc' dir='ltr'>Θρᾴκῃ</span> <span class='ocrx_word' id='word_1_440' title='bbox 2719 3015 2866 3069; x_wconf 71' lang='grc' dir='ltr'>αὺτὸν</span> <span class='ocrx_word' id='word_1_441' title='bbox 2897 3014 3174 3086; x_wconf 85' lang='grc' dir='ltr'>ἀμυνεῖται.</span> <span class='ocrx_word' id='word_1_442' title='bbox 3207 3016 3362 3068; x_wconf 83' lang='lat' dir='ltr'>FYP.</span> 
     </span>
     <span class='ocr_line' id='line_1_33' title="bbox 460 3088 3644 3167; baseline -0.001 -20"><span class='ocrx_word' id='word_1_443' title='bbox 460 3115 563 3159; x_wconf 85' lang='grc' dir='ltr'>τας,</span> <span class='ocrx_word' id='word_1_444' title='bbox 608 3093 690 3145; x_wconf 72' lang='grc' dir='ltr'>καὶ</span> <span class='ocrx_word' id='word_1_445' title='bbox 724 3088 1043 3161; x_wconf 81' lang='grc' dir='ltr'>προΐστασθαι</span> <span class='ocrx_word' id='word_1_446' title='bbox 1066 3094 1152 3156; x_wconf 86' lang='grc' dir='ltr'>τῆς</span> <span class='ocrx_word' id='word_1_447' title='bbox 1187 3089 1457 3154; x_wconf 83' lang='grc' dir='ltr'>Ἑλλάδος,</span> <span class='ocrx_word' id='word_1_448' title='bbox 1486 3089 1569 3141; x_wconf 75' lang='grc' dir='ltr'>καὶ</span> <span class='ocrx_word' id='word_1_449' title='bbox 1596 3089 1929 3143; x_wconf 74' lang='grc' dir='ltr'>ἐναντιοῦσθαι</span> <span class='ocrx_word' id='word_1_450' title='bbox 1955 3110 2031 3144; x_wconf 88' lang='grc' dir='ltr'>τυ-</span> <span class='ocrx_word' id='word_1_451' title='bbox 2193 3114 2318 3162; x_wconf 84' lang='grc' dir='ltr'>ιοο,</span> <span class='ocrx_word' id='word_1_452' title='bbox 2364 3112 2450 3150; x_wconf 87' lang='lat'>22.</span> <span class='ocrx_word' id='word_1_453' title='bbox 2499 3096 2776 3167; x_wconf 86' lang='grc' dir='ltr'>Δρογγίλον</span> <span class='ocrx_word' id='word_1_454' title='bbox 2823 3094 2904 3146; x_wconf 73' lang='grc' dir='ltr'>καὶ</span> <span class='ocrx_word' id='word_1_455' title='bbox 2951 3094 3224 3164; x_wconf 74' lang='grc' dir='ltr'>Καδύλην]</span> <span class='ocrx_word' id='word_1_456' title='bbox 3267 3093 3428 3165; x_wconf 81' lang='grc' dir='ltr'>χωρία</span> <span class='ocrx_word' id='word_1_457' title='bbox 3465 3090 3644 3161; x_wconf 68' lang='grc' dir='ltr'>Θρῳιιιὲ</span> 
     </span>
     <span class='ocr_line' id='line_1_34' title="bbox 461 3167 3542 3245; baseline -0.001 -20"><span class='ocrx_word' id='word_1_458' title='bbox 461 3175 652 3244; x_wconf 86' lang='grc' dir='ltr'>ράννοις</span> <span class='ocrx_word' id='word_1_459' title='bbox 669 3191 680 3202; x_wconf 89' lang='grc'><em>·</em></span> <span class='ocrx_word' id='word_1_460' title='bbox 706 3170 755 3224; x_wconf 79' lang='grc' dir='ltr'>ἑν</span> <span class='ocrx_word' id='word_1_461' title='bbox 783 3170 835 3223; x_wconf 75' lang='grc' dir='ltr'>δὲ</span> <span class='ocrx_word' id='word_1_462' title='bbox 861 3170 966 3230; x_wconf 87' lang='grc' dir='ltr'>τοῖς</span> <span class='ocrx_word' id='word_1_463' title='bbox 994 3167 1155 3239; x_wconf 82' lang='grc' dir='ltr'>ἔργοις</span> <span class='ocrx_word' id='word_1_464' title='bbox 1179 3172 1282 3231; x_wconf 86' lang='grc' dir='ltr'>τοῖς</span> <span class='ocrx_word' id='word_1_465' title='bbox 1306 3168 1686 3239; x_wconf 76' lang='grc' dir='ltr'>ἐναντιουμένοις</span> <span class='ocrx_word' id='word_1_466' title='bbox 1707 3168 1903 3233; x_wconf 76' lang='grc' dir='ltr'>ἐκείνοις</span> <span class='ocrx_word' id='word_1_467' title='bbox 1925 3173 2031 3233; x_wconf 91' lang='grc' dir='ltr'>τοῖς</span> <span class='ocrx_word' id='word_1_468' title='bbox 2117 3174 2289 3241; x_wconf 77' lang='grc' dir='ltr'>ιῦτελῆ</span> <span class='ocrx_word' id='word_1_469' title='bbox 2315 3173 2424 3244; x_wconf 67' lang='grc' dir='ltr'>περὶ</span> <span class='ocrx_word' id='word_1_470' title='bbox 2441 3174 2526 3227; x_wconf 74' lang='grc' dir='ltr'>τὸν</span> <span class='ocrx_word' id='word_1_471' title='bbox 2545 3174 2804 3245; x_wconf 85' lang='grc' dir='ltr'>Στρυμόνα</span> <span class='ocrx_word' id='word_1_472' title='bbox 2830 3172 2914 3226; x_wconf 68' lang='grc' dir='ltr'>καὶ</span> <span class='ocrx_word' id='word_1_473' title='bbox 2941 3170 3030 3237; x_wconf 74' lang='grc' dir='ltr'>τὴν</span> <span class='ocrx_word' id='word_1_474' title='bbox 3069 3170 3374 3243; x_wconf 75' lang='grc' dir='ltr'>Ἀμφίπολιν.</span> <span class='ocrx_word' id='word_1_475' title='bbox 3400 3173 3542 3225; x_wconf 81' lang='lat' dir='ltr'>FYP.</span> 
     </span>
     <span class='ocr_line' id='line_1_35' title="bbox 460 3245 3592 3323; baseline -0.002 -17"><span class='ocrx_word' id='word_1_476' title='bbox 460 3253 685 3323; x_wconf 85' lang='grc' dir='ltr'>λέγουσιν</span> <span class='ocrx_word' id='word_1_477' title='bbox 713 3251 779 3311; x_wconf 82' lang='grc' dir='ltr'>ὡς</span> <span class='ocrx_word' id='word_1_478' title='bbox 802 3250 881 3301; x_wconf 74' lang='grc' dir='ltr'>ὅτι</span> <span class='ocrx_word' id='word_1_479' title='bbox 910 3250 994 3301; x_wconf 87' lang='grc' dir='ltr'>δεῖ</span> <span class='ocrx_word' id='word_1_480' title='bbox 1022 3248 1405 3318; x_wconf 75' lang='grc' dir='ltr'>προκινδυνεύειν</span> <span class='ocrx_word' id='word_1_481' title='bbox 1450 3252 1548 3301; x_wconf 85' lang='grc' dir='ltr'>τῶν</span> <span class='ocrx_word' id='word_1_482' title='bbox 1585 3245 1844 3315; x_wconf 76' lang='grc' dir='ltr'>Ἑλλήνων</span> <span class='ocrx_word' id='word_1_483' title='bbox 1887 3269 2030 3303; x_wconf 88' lang='grc' dir='ltr'>συνα-</span> <span class='ocrx_word' id='word_1_484' title='bbox 2192 3271 2291 3308; x_wconf 91' lang='lat'>100</span> <span class='ocrx_word' id='word_1_485' title='bbox 2308 3292 2323 3318; x_wconf 84' lang='lat'>,</span> <span class='ocrx_word' id='word_1_486' title='bbox 2353 3253 2440 3305; x_wconf 84' lang='lat'>23.</span> <span class='ocrx_word' id='word_1_487' title='bbox 2489 3250 2734 3323; x_wconf 79' lang='grc' dir='ltr'>Ἐξαιρεῖ]</span> <span class='ocrx_word' id='word_1_488' title='bbox 2765 3250 2876 3305; x_wconf 78' lang='grc' dir='ltr'>ἀντὶ</span> <span class='ocrx_word' id='word_1_489' title='bbox 2901 3255 2988 3303; x_wconf 71' lang='grc' dir='ltr'>τοῦ</span> <span class='ocrx_word' id='word_1_490' title='bbox 3009 3248 3270 3315; x_wconf 75' lang='grc' dir='ltr'>ἔκθάλλει,</span> <span class='ocrx_word' id='word_1_491' title='bbox 3298 3248 3520 3321; x_wconf 78' lang='grc' dir='ltr'>ἀφανίζει.</span> <span class='ocrx_word' id='word_1_492' title='bbox 3541 3250 3592 3303; x_wconf 90' lang='lat' dir='ltr'>P.</span> 
     </span>
    </p>
   </div>
   <div class='ocr_carea' id='block_1_9' title="bbox 463 3329 3654 3952">
    <p class='ocr_par' dir='ltr' id='par_1_12' title="bbox 463 3329 3650 3481">
     <span class='ocr_line' id='line_1_36' title="bbox 463 3329 3650 3403; baseline 0 -20"><span class='ocrx_word' id='word_1_493' title='bbox 463 3330 794 3403; x_wconf 85' lang='grc' dir='ltr'>γωνιζόμεθα.</span> <span class='ocrx_word' id='word_1_494' title='bbox 818 3329 976 3381; x_wconf 81' lang='lat' dir='ltr'>FYP.</span> <span class='ocrx_word' id='word_1_495' title='bbox 2193 3350 2291 3387; x_wconf 86' lang='grc' dir='ltr'>ιοο</span> <span class='ocrx_word' id='word_1_496' title='bbox 2307 3372 2321 3397; x_wconf 92' lang='grc'><em>,</em></span> <span class='ocrx_word' id='word_1_497' title='bbox 2353 3348 2441 3400; x_wconf 86' lang='grc'>27.</span> <span class='ocrx_word' id='word_1_498' title='bbox 2483 3330 2590 3384; x_wconf 84' lang='grc' dir='ltr'>Τῶν</span> <span class='ocrx_word' id='word_1_499' title='bbox 2622 3330 2863 3402; x_wconf 78' lang='grc' dir='ltr'>ἀργυρίων</span> <span class='ocrx_word' id='word_1_500' title='bbox 2884 3331 2905 3401; x_wconf 84' lang='grc'>]</span> <span class='ocrx_word' id='word_1_501' title='bbox 2931 3330 3002 3382; x_wconf 75' lang='grc' dir='ltr'>Τὸ</span> <span class='ocrx_word' id='word_1_502' title='bbox 3026 3330 3234 3399; x_wconf 75' lang='grc' dir='ltr'>Λαύριον</span> <span class='ocrx_word' id='word_1_503' title='bbox 3261 3330 3406 3399; x_wconf 78' lang='grc' dir='ltr'>φησί·</span> <span class='ocrx_word' id='word_1_504' title='bbox 3431 3331 3564 3390; x_wconf 80' lang='grc' dir='ltr'>τόπος</span> <span class='ocrx_word' id='word_1_505' title='bbox 3575 3330 3650 3399; x_wconf 63' lang='grc' dir='ltr'>γάρ</span> 
     </span>
     <span class='ocr_line' id='line_1_37' title="bbox 535 3405 3410 3481; baseline 0.001 -20"><span class='ocrx_word' id='word_1_506' title='bbox 535 3411 633 3479; x_wconf 86' lang='grc'>95,</span> <span class='ocrx_word' id='word_1_507' title='bbox 675 3410 758 3461; x_wconf 88' lang='lat'>18.</span> <span class='ocrx_word' id='word_1_508' title='bbox 798 3406 858 3459; x_wconf 82' lang='grc' dir='ltr'>Εἰ</span> <span class='ocrx_word' id='word_1_509' title='bbox 879 3406 973 3477; x_wconf 85' lang='grc' dir='ltr'>γὰρ</span> <span class='ocrx_word' id='word_1_510' title='bbox 1001 3406 1126 3477; x_wconf 77' lang='grc' dir='ltr'>μήτε</span> <span class='ocrx_word' id='word_1_511' title='bbox 1158 3405 1411 3477; x_wconf 82' lang='grc' dir='ltr'>εἰσοίσετε]</span> <span class='ocrx_word' id='word_1_512' title='bbox 1432 3407 1567 3461; x_wconf 76' lang='grc' dir='ltr'>Κατὰ</span> <span class='ocrx_word' id='word_1_513' title='bbox 1585 3406 1741 3461; x_wconf 84' lang='grc' dir='ltr'>κῶλον</span> <span class='ocrx_word' id='word_1_514' title='bbox 1764 3408 1846 3461; x_wconf 80' lang='grc' dir='ltr'>καὶ</span> <span class='ocrx_word' id='word_1_515' title='bbox 1862 3410 2031 3481; x_wconf 83' lang='grc' dir='ltr'>κόμμα</span> <span class='ocrx_word' id='word_1_516' title='bbox 2117 3410 2245 3464; x_wconf 85' lang='grc' dir='ltr'>ἔστιν</span> <span class='ocrx_word' id='word_1_517' title='bbox 2267 3410 2316 3463; x_wconf 84' lang='grc' dir='ltr'>ἔν</span> <span class='ocrx_word' id='word_1_518' title='bbox 2349 3407 2589 3475; x_wconf 76' lang='grc' dir='ltr'>Ἀθήναις,</span> <span class='ocrx_word' id='word_1_519' title='bbox 2618 3407 2734 3461; x_wconf 78' lang='grc' dir='ltr'>ἔνθα</span> <span class='ocrx_word' id='word_1_520' title='bbox 2761 3408 2968 3479; x_wconf 74' lang='grc' dir='ltr'>ἄργυρος</span> <span class='ocrx_word' id='word_1_521' title='bbox 2991 3408 3222 3461; x_wconf 83' lang='grc' dir='ltr'>τίκτεται.</span> <span class='ocrx_word' id='word_1_522' title='bbox 3257 3408 3410 3463; x_wconf 80' lang='lat' dir='ltr'>FYP.</span> 
     </span>
    </p>

    <p class='ocr_par' dir='ltr' id='par_1_13' title="bbox 467 3485 3654 3637">
     <span class='ocr_line' id='line_1_38' title="bbox 467 3485 3654 3559; baseline -0.002 -15"><span class='ocrx_word' id='word_1_523' title='bbox 467 3486 762 3559; x_wconf 75' lang='grc' dir='ltr'>ἕπαναφορά.</span> <span class='ocrx_word' id='word_1_524' title='bbox 786 3486 985 3539; x_wconf 82' lang='lat' dir='ltr'>BFYP.</span> <span class='ocrx_word' id='word_1_525' title='bbox 2199 3506 2324 3552; x_wconf 87' lang='lat'>100,</span> <span class='ocrx_word' id='word_1_526' title='bbox 2377 3491 2468 3542; x_wconf 86' lang='lat'>28.</span> <span class='ocrx_word' id='word_1_527' title='bbox 2523 3487 2788 3559; x_wconf 84' lang='grc' dir='ltr'>Μελινῶν]</span> <span class='ocrx_word' id='word_1_528' title='bbox 2831 3486 2936 3553; x_wconf 80' lang='grc' dir='ltr'>Τὴν</span> <span class='ocrx_word' id='word_1_529' title='bbox 2975 3488 3188 3558; x_wconf 81' lang='grc' dir='ltr'>κέγχρον</span> <span class='ocrx_word' id='word_1_530' title='bbox 3233 3488 3379 3559; x_wconf 85' lang='grc' dir='ltr'>φησίν</span> <span class='ocrx_word' id='word_1_531' title='bbox 3394 3508 3423 3531; x_wconf 87' lang='lat'>··</span> <span class='ocrx_word' id='word_1_532' title='bbox 3453 3486 3584 3539; x_wconf 74' lang='grc' dir='ltr'>ἄλλοι</span> <span class='ocrx_word' id='word_1_533' title='bbox 3613 3485 3654 3537; x_wconf 66' lang='grc' dir='ltr'>δὲ</span> 
     </span>
     <span class='ocr_line' id='line_1_39' title="bbox 538 3562 2683 3637; baseline -0 -19"><span class='ocrx_word' id='word_1_534' title='bbox 538 3567 638 3635; x_wconf 91' lang='grc'>95,</span> <span class='ocrx_word' id='word_1_535' title='bbox 674 3581 763 3635; x_wconf 85' lang='grc'>27.</span> <span class='ocrx_word' id='word_1_536' title='bbox 812 3562 999 3626; x_wconf 85' lang='grc' dir='ltr'>Ἐνίους</span> <span class='ocrx_word' id='word_1_537' title='bbox 1036 3565 1210 3635; x_wconf 88' lang='grc' dir='ltr'>μαθεῖν</span> <span class='ocrx_word' id='word_1_538' title='bbox 1234 3564 1341 3635; x_wconf 86' lang='grc' dir='ltr'>δεῖ]</span> <span class='ocrx_word' id='word_1_539' title='bbox 1380 3563 1597 3636; x_wconf 71' lang='grc' dir='ltr'>καὶπερὶ</span> <span class='ocrx_word' id='word_1_540' title='bbox 1630 3565 1815 3618; x_wconf 78' lang='grc' dir='ltr'>τούτων</span> <span class='ocrx_word' id='word_1_541' title='bbox 1852 3584 2030 3634; x_wconf 83' lang='grc' dir='ltr'>προκα·</span> <span class='ocrx_word' id='word_1_542' title='bbox 2118 3568 2290 3637; x_wconf 80' lang='grc' dir='ltr'>ὅμοιον</span> <span class='ocrx_word' id='word_1_543' title='bbox 2321 3567 2536 3637; x_wconf 83' lang='grc' dir='ltr'>κέγχρῳ.</span> <span class='ocrx_word' id='word_1_544' title='bbox 2573 3567 2683 3619; x_wconf 82' lang='lat' dir='ltr'>FY.</span> 
     </span>
    </p>

    <p class='ocr_par' dir='ltr' id='par_1_14' title="bbox 466 3640 3654 3717">
     <span class='ocr_line' id='line_1_40' title="bbox 466 3640 3654 3717; baseline -0.002 -20"><span class='ocrx_word' id='word_1_545' title='bbox 466 3645 810 3717; x_wconf 72' lang='grc' dir='ltr'>τηγοροῦντων</span> <span class='ocrx_word' id='word_1_546' title='bbox 839 3641 1107 3713; x_wconf 80' lang='grc' dir='ltr'>ἀκροᾶσθαι</span> <span class='ocrx_word' id='word_1_547' title='bbox 1134 3644 1183 3695; x_wconf 90' lang='grc' dir='ltr'>τί</span> <span class='ocrx_word' id='word_1_548' title='bbox 1209 3644 1268 3696; x_wconf 77' lang='grc' dir='ltr'>ἄν</span> <span class='ocrx_word' id='word_1_549' title='bbox 1297 3661 1367 3705; x_wconf 90' lang='grc' dir='ltr'>τις</span> <span class='ocrx_word' id='word_1_550' title='bbox 1382 3642 1521 3715; x_wconf 87' lang='grc' dir='ltr'>λέγοι</span> <span class='ocrx_word' id='word_1_551' title='bbox 1539 3682 1555 3709; x_wconf 96' lang='grc'><em>,</em></span> <span class='ocrx_word' id='word_1_552' title='bbox 1588 3642 1709 3697; x_wconf 82' lang='grc' dir='ltr'>ἔνιοι</span> <span class='ocrx_word' id='word_1_553' title='bbox 1726 3648 1968 3713; x_wconf 80' lang='grc' dir='ltr'>φανερῶς,</span> <span class='ocrx_word' id='word_1_554' title='bbox 2000 3642 2030 3709; x_wconf 81' lang='grc' dir='ltr'>ἢ</span> <span class='ocrx_word' id='word_1_555' title='bbox 2196 3663 2328 3717; x_wconf 85' lang='lat'>100,</span> <span class='ocrx_word' id='word_1_556' title='bbox 2371 3660 2460 3715; x_wconf 88' lang='lat'>29.</span> <span class='ocrx_word' id='word_1_557' title='bbox 2499 3644 2699 3715; x_wconf 85' lang='grc' dir='ltr'>Σιροῖς]</span> <span class='ocrx_word' id='word_1_558' title='bbox 2732 3644 2857 3706; x_wconf 64' lang='grc' dir='ltr'>Τοὶις</span> <span class='ocrx_word' id='word_1_559' title='bbox 2901 3643 3168 3715; x_wconf 59' lang='grc' dir='ltr'>θησαυροὺς</span> <span class='ocrx_word' id='word_1_560' title='bbox 3204 3644 3363 3715; x_wconf 72' lang='grc' dir='ltr'>σιροὶις</span> <span class='ocrx_word' id='word_1_561' title='bbox 3401 3644 3588 3697; x_wconf 76' lang='grc' dir='ltr'>ἐκάλουν</span> <span class='ocrx_word' id='word_1_562' title='bbox 3615 3640 3654 3691; x_wconf 79' lang='grc' dir='ltr'>οἳ</span> 
     </span>
    </p>

    <p class='ocr_par' dir='ltr' id='par_1_15' title="bbox 471 3720 3654 3873">
     <span class='ocr_line' id='line_1_41' title="bbox 471 3720 3654 3795; baseline -0.001 -20"><span class='ocrx_word' id='word_1_563' title='bbox 471 3724 519 3775; x_wconf 77' lang='grc' dir='ltr'>οἱ</span> <span class='ocrx_word' id='word_1_564' title='bbox 558 3723 665 3793; x_wconf 79' lang='grc' dir='ltr'>μὲν,</span> <span class='ocrx_word' id='word_1_565' title='bbox 695 3723 726 3789; x_wconf 83' lang='grc' dir='ltr'>ἢ</span> <span class='ocrx_word' id='word_1_566' title='bbox 751 3722 892 3783; x_wconf 88' lang='grc' dir='ltr'>τινές.</span> <span class='ocrx_word' id='word_1_567' title='bbox 914 3724 975 3777; x_wconf 92' lang='grc' dir='ltr'>Ρ.</span> <span class='ocrx_word' id='word_1_568' title='bbox 2120 3722 2302 3795; x_wconf 83' lang='grc' dir='ltr'>θρᾷκες</span> <span class='ocrx_word' id='word_1_569' title='bbox 2330 3724 2412 3776; x_wconf 73' lang='grc' dir='ltr'>καὶ</span> <span class='ocrx_word' id='word_1_570' title='bbox 2439 3723 2486 3775; x_wconf 79' lang='grc' dir='ltr'>οἱ</span> <span class='ocrx_word' id='word_1_571' title='bbox 2514 3724 2680 3785; x_wconf 77' lang='grc' dir='ltr'>Λίὸυες</span> <span class='ocrx_word' id='word_1_572' title='bbox 2716 3724 2748 3775; x_wconf 76' lang='grc' dir='ltr'><strong>ἃ</strong></span> <span class='ocrx_word' id='word_1_573' title='bbox 2775 3728 2860 3775; x_wconf 77' lang='grc' dir='ltr'>νῦν</span> <span class='ocrx_word' id='word_1_574' title='bbox 2891 3724 3068 3794; x_wconf 90' lang='grc' dir='ltr'>φοσσία</span> <span class='ocrx_word' id='word_1_575' title='bbox 3101 3722 3369 3785; x_wconf 82' lang='grc' dir='ltr'>ἰδιωτικῶς.</span> <span class='ocrx_word' id='word_1_576' title='bbox 3396 3724 3538 3777; x_wconf 83' lang='lat' dir='ltr'>FYP.</span> <span class='ocrx_word' id='word_1_577' title='bbox 3597 3720 3654 3771; x_wconf 72' lang='grc' dir='ltr'>Τὰ</span> 
     </span>
     <span class='ocr_line' id='line_1_42' title="bbox 544 3798 3654 3873; baseline -0.001 -19"><span class='ocrx_word' id='word_1_578' title='bbox 544 3804 610 3872; x_wconf 90' lang='grc'>95</span> <span class='ocrx_word' id='word_1_579' title='bbox 630 3842 645 3867; x_wconf 94' lang='grc'><em>,</em></span> <span class='ocrx_word' id='word_1_580' title='bbox 687 3817 778 3871; x_wconf 89' lang='grc'>29.</span> <span class='ocrx_word' id='word_1_581' title='bbox 815 3800 998 3862; x_wconf 82' lang='grc' dir='ltr'>Πάντες</span> <span class='ocrx_word' id='word_1_582' title='bbox 1035 3802 1144 3855; x_wconf 80' lang='grc' dir='ltr'>ὅσοι</span> <span class='ocrx_word' id='word_1_583' title='bbox 1182 3802 1413 3873; x_wconf 66' lang='grc' dir='ltr'>πιῖιποτε]</span> <span class='ocrx_word' id='word_1_584' title='bbox 1448 3800 1730 3872; x_wconf 88' lang='grc' dir='ltr'>Σημείωσαι</span> <span class='ocrx_word' id='word_1_585' title='bbox 1764 3800 2034 3870; x_wconf 75' lang='grc' dir='ltr'>ὗπερδατὸν</span> <span class='ocrx_word' id='word_1_586' title='bbox 2119 3804 2372 3873; x_wconf 86' lang='grc' dir='ltr'>κατάγεια.</span> <span class='ocrx_word' id='word_1_587' title='bbox 2449 3801 2735 3873; x_wconf 82' lang='grc' dir='ltr'>Θεόπομπος</span> <span class='ocrx_word' id='word_1_588' title='bbox 2793 3803 2875 3855; x_wconf 74' lang='grc' dir='ltr'>καὶ</span> <span class='ocrx_word' id='word_1_589' title='bbox 2913 3801 3167 3872; x_wconf 77' lang='grc' dir='ltr'>Σοφοκλῆς</span> <span class='ocrx_word' id='word_1_590' title='bbox 3210 3801 3262 3855; x_wconf 78' lang='grc' dir='ltr'>ἔν</span> <span class='ocrx_word' id='word_1_591' title='bbox 3309 3800 3514 3873; x_wconf 80' lang='grc' dir='ltr'>Ἰνάχῳ,</span> <span class='ocrx_word' id='word_1_592' title='bbox 3551 3798 3654 3868; x_wconf 71' lang='grc' dir='ltr'>σιροὶ</span> 
     </span>
    </p>

    <p class='ocr_par' dir='ltr' id='par_1_16' title="bbox 468 3878 3298 3952">
     <span class='ocr_line' id='line_1_43' title="bbox 468 3878 3298 3952; baseline 0 -18"><span class='ocrx_word' id='word_1_593' title='bbox 468 3881 595 3934; x_wconf 78' lang='grc' dir='ltr'>κατὰ</span> <span class='ocrx_word' id='word_1_594' title='bbox 618 3882 919 3950; x_wconf 82' lang='grc' dir='ltr'>παρένθεσιν,</span> <span class='ocrx_word' id='word_1_595' title='bbox 942 3881 971 3931; x_wconf 74' lang='grc' dir='ltr'>ὅ</span> <span class='ocrx_word' id='word_1_596' title='bbox 993 3878 1121 3933; x_wconf 79' lang='grc' dir='ltr'>ἔστιν</span> <span class='ocrx_word' id='word_1_597' title='bbox 1146 3880 1413 3951; x_wconf 77' lang='grc' dir='ltr'>ἔπεμὸολή.</span> <span class='ocrx_word' id='word_1_598' title='bbox 1444 3882 1643 3935; x_wconf 78' lang='lat' dir='ltr'>BFXP.</span> <span class='ocrx_word' id='word_1_599' title='bbox 2121 3883 2320 3952; x_wconf 86' lang='grc' dir='ltr'>κριθῶν.</span> <span class='ocrx_word' id='word_1_600' title='bbox 2399 3878 2557 3952; x_wconf 79' lang='grc' dir='ltr'>Οἶμαι</span> <span class='ocrx_word' id='word_1_601' title='bbox 2579 3882 2631 3934; x_wconf 84' lang='grc' dir='ltr'>δὲ</span> <span class='ocrx_word' id='word_1_602' title='bbox 2657 3881 2820 3952; x_wconf 85' lang='grc' dir='ltr'>λέγειν</span> <span class='ocrx_word' id='word_1_603' title='bbox 2843 3880 2990 3934; x_wconf 73' lang='grc' dir='ltr'>αὗτδν</span> <span class='ocrx_word' id='word_1_604' title='bbox 3009 3882 3205 3951; x_wconf 86' lang='grc' dir='ltr'>φοσσία.</span> <span class='ocrx_word' id='word_1_605' title='bbox 3233 3883 3298 3935; x_wconf 86' lang='grc' dir='ltr'>Β.</span> 
     </span>
    </p>
   </div>
   <div class='ocr_carea' id='block_1_10' title="bbox 478 3955 3654 4190">
    <p class='ocr_par' dir='ltr' id='par_1_17' title="bbox 478 3955 3654 4190">
     <span class='ocr_line' id='line_1_44' title="bbox 546 3955 3654 4031; baseline 0.001 -21"><span class='ocrx_word' id='word_1_606' title='bbox 546 3963 644 4027; x_wconf 90' lang='lat'>96,</span> <span class='ocrx_word' id='word_1_607' title='bbox 678 3976 723 4010; x_wconf 91' lang='lat'>1.</span> <span class='ocrx_word' id='word_1_608' title='bbox 762 3956 838 4009; x_wconf 86' lang='grc' dir='ltr'><strong>Ἢ</strong></span> <span class='ocrx_word' id='word_1_609' title='bbox 878 3955 978 4029; x_wconf 79' lang='grc' dir='ltr'>ἐγὼ</span> <span class='ocrx_word' id='word_1_610' title='bbox 1008 3960 1254 4031; x_wconf 86' lang='grc' dir='ltr'>πάσχειν]</span> <span class='ocrx_word' id='word_1_611' title='bbox 1280 3961 1349 4014; x_wconf 77' lang='grc' dir='ltr'>Τὸ</span> <span class='ocrx_word' id='word_1_612' title='bbox 1374 3960 1406 4027; x_wconf 79' lang='grc' dir='ltr'><strong>ἦ</strong></span> <span class='ocrx_word' id='word_1_613' title='bbox 1435 3960 1546 4014; x_wconf 73' lang='grc' dir='ltr'>ἀντὶ</span> <span class='ocrx_word' id='word_1_614' title='bbox 1572 3966 1659 4015; x_wconf 76' lang='grc' dir='ltr'>τοῦ</span> <span class='ocrx_word' id='word_1_615' title='bbox 1691 3960 1795 4014; x_wconf 77' lang='grc' dir='ltr'>ἐπεί</span> <span class='ocrx_word' id='word_1_616' title='bbox 1813 3980 1825 3992; x_wconf 89' lang='grc'><em>·</em></span> <span class='ocrx_word' id='word_1_617' title='bbox 1854 3959 1958 4015; x_wconf 70' lang='grc' dir='ltr'>ἐπεὶ</span> <span class='ocrx_word' id='word_1_618' title='bbox 1989 3960 2032 4014; x_wconf 80' lang='grc' dir='ltr'>εἰ</span> <span class='ocrx_word' id='word_1_619' title='bbox 2197 3977 2289 4015; x_wconf 89' lang='lat'>101</span> <span class='ocrx_word' id='word_1_620' title='bbox 2309 4000 2325 4025; x_wconf 89' lang='lat'><strong>,</strong></span> <span class='ocrx_word' id='word_1_621' title='bbox 2375 3976 2458 4015; x_wconf 87' lang='lat'>12.</span> <span class='ocrx_word' id='word_1_622' title='bbox 2501 3961 2784 4031; x_wconf 84' lang='grc' dir='ltr'>Βοηθείαις]</span> <span class='ocrx_word' id='word_1_623' title='bbox 2825 3962 2932 4023; x_wconf 86' lang='grc' dir='ltr'>ταῖς</span> <span class='ocrx_word' id='word_1_624' title='bbox 2955 3962 3178 4031; x_wconf 79' lang='grc' dir='ltr'>μερικαῖς</span> <span class='ocrx_word' id='word_1_625' title='bbox 3213 3960 3302 4012; x_wconf 79' lang='grc' dir='ltr'>καὶ</span> <span class='ocrx_word' id='word_1_626' title='bbox 3335 3959 3455 4013; x_wconf 76' lang='grc' dir='ltr'>κατὰ</span> <span class='ocrx_word' id='word_1_627' title='bbox 3492 3958 3654 4027; x_wconf 59' lang='grc' dir='ltr'>καιροὺς</span> 
     </span>
     <span class='ocr_line' id='line_1_45' title="bbox 478 4035 2840 4111; baseline 0.003 -22"><span class='ocrx_word' id='word_1_628' title='bbox 478 4036 545 4108; x_wconf 83' lang='grc' dir='ltr'>μὴ</span> <span class='ocrx_word' id='word_1_629' title='bbox 567 4036 717 4096; x_wconf 71' lang='grc' dir='ltr'>οὕτως</span> <span class='ocrx_word' id='word_1_630' title='bbox 742 4035 850 4105; x_wconf 79' lang='grc' dir='ltr'>ἔχει</span> <span class='ocrx_word' id='word_1_631' title='bbox 871 4035 929 4089; x_wconf 74' lang='grc' dir='ltr'>τὸ</span> <span class='ocrx_word' id='word_1_632' title='bbox 950 4040 1152 4109; x_wconf 76' lang='grc' dir='ltr'>πρᾶγμα</span> <span class='ocrx_word' id='word_1_633' title='bbox 1168 4040 1235 4102; x_wconf 85' lang='grc' dir='ltr'>ὡς</span> <span class='ocrx_word' id='word_1_634' title='bbox 1250 4040 1383 4110; x_wconf 88' lang='grc' dir='ltr'>λέγω</span> <span class='ocrx_word' id='word_1_635' title='bbox 1398 4080 1413 4105; x_wconf 91' lang='grc'><em>,</em></span> <span class='ocrx_word' id='word_1_636' title='bbox 1436 4046 1767 4111; x_wconf 79' lang='grc' dir='ltr'>προτιμῶμαι.</span> <span class='ocrx_word' id='word_1_637' title='bbox 1792 4041 1943 4096; x_wconf 80' lang='lat' dir='ltr'>FYP.</span> <span class='ocrx_word' id='word_1_638' title='bbox 2123 4041 2398 4111; x_wconf 83' lang='grc' dir='ltr'>γινομέναις</span> <span class='ocrx_word' id='word_1_639' title='bbox 2426 4039 2710 4111; x_wconf 87' lang='grc' dir='ltr'>στρατείαις.</span> <span class='ocrx_word' id='word_1_640' title='bbox 2735 4040 2840 4095; x_wconf 83' lang='grc' dir='ltr'>8Υ.</span> 
     </span>
     <span class='ocr_line' id='line_1_46' title="bbox 547 4112 3652 4190; baseline -0.001 -22"><span class='ocrx_word' id='word_1_641' title='bbox 547 4119 647 4185; x_wconf 78' lang='grc'>96,</span> <span class='ocrx_word' id='word_1_642' title='bbox 680 4119 732 4178; x_wconf 88' lang='lat'>4.</span> <span class='ocrx_word' id='word_1_643' title='bbox 780 4112 842 4166; x_wconf 81' lang='lat' dir='ltr'>‘H</span> <span class='ocrx_word' id='word_1_644' title='bbox 862 4113 1197 4189; x_wconf 78' lang='grc' dir='ltr'>ἐπαναστροφὴ</span> <span class='ocrx_word' id='word_1_645' title='bbox 1223 4122 1395 4189; x_wconf 79' lang='grc' dir='ltr'>σχῆμα</span> <span class='ocrx_word' id='word_1_646' title='bbox 1414 4122 1501 4171; x_wconf 80' lang='grc' dir='ltr'>τοῦ</span> <span class='ocrx_word' id='word_1_647' title='bbox 1524 4118 1736 4179; x_wconf 89' lang='grc' dir='ltr'>κάλλους</span> <span class='ocrx_word' id='word_1_648' title='bbox 1759 4118 2034 4185; x_wconf 74' lang='grc' dir='ltr'>ποιητικὸν,</span> <span class='ocrx_word' id='word_1_649' title='bbox 2201 4135 2323 4183; x_wconf 87' lang='lat'>101,</span> <span class='ocrx_word' id='word_1_650' title='bbox 2357 4136 2446 4175; x_wconf 89' lang='lat'>20.</span> <span class='ocrx_word' id='word_1_651' title='bbox 2487 4118 2548 4169; x_wconf 78' lang='lat' dir='ltr'>Et</span> <span class='ocrx_word' id='word_1_652' title='bbox 2569 4119 2622 4171; x_wconf 82' lang='grc' dir='ltr'>δέ</span> <span class='ocrx_word' id='word_1_653' title='bbox 2643 4136 2714 4190; x_wconf 82' lang='grc' dir='ltr'>τῳ</span> <span class='ocrx_word' id='word_1_654' title='bbox 2737 4119 2912 4189; x_wconf 87' lang='grc' dir='ltr'>δοκεῖ]</span> <span class='ocrx_word' id='word_1_655' title='bbox 2945 4114 3196 4179; x_wconf 81' lang='grc' dir='ltr'>Ἆντίθεσις</span> <span class='ocrx_word' id='word_1_656' title='bbox 3223 4117 3320 4172; x_wconf 69' lang='grc' dir='ltr'>ἀπὸ</span> <span class='ocrx_word' id='word_1_657' title='bbox 3349 4122 3432 4172; x_wconf 80' lang='grc' dir='ltr'>τοῦ</span> <span class='ocrx_word' id='word_1_658' title='bbox 3457 4118 3652 4169; x_wconf 70' lang='grc' dir='ltr'>δυνατοῦ.</span> 
     </span>
    </p>
   </div>
   <div class='ocr_carea' id='block_1_11' title="bbox 478 4194 3656 5127">
    <p class='ocr_par' dir='ltr' id='par_1_18' title="bbox 478 4194 3656 5127">
     <span class='ocr_line' id='line_1_47' title="bbox 479 4194 2278 4265; baseline 0.001 -18"><span class='ocrx_word' id='word_1_659' title='bbox 479 4194 611 4248; x_wconf 76' lang='grc' dir='ltr'>ἀλλὰ</span> <span class='ocrx_word' id='word_1_660' title='bbox 636 4198 723 4247; x_wconf 76' lang='grc' dir='ltr'>τοῦ</span> <span class='ocrx_word' id='word_1_661' title='bbox 747 4200 1071 4265; x_wconf 78' lang='grc' dir='ltr'>κομματικοῦ.</span> <span class='ocrx_word' id='word_1_662' title='bbox 1096 4198 1163 4252; x_wconf 79' lang='lat' dir='ltr'>R.</span> <span class='ocrx_word' id='word_1_663' title='bbox 2125 4198 2278 4250; x_wconf 79' lang='lat' dir='ltr'>FYP.</span> 
     </span>
     <span class='ocr_line' id='line_1_48' title="bbox 550 4274 3656 4348; baseline -0.001 -18"><span class='ocrx_word' id='word_1_664' title='bbox 550 4280 618 4347; x_wconf 88' lang='lat'>96</span> <span class='ocrx_word' id='word_1_665' title='bbox 636 4314 651 4339; x_wconf 87' lang='lat'><strong>,</strong></span> <span class='ocrx_word' id='word_1_666' title='bbox 675 4280 731 4327; x_wconf 84' lang='grc'>6.</span> <span class='ocrx_word' id='word_1_667' title='bbox 768 4274 865 4326; x_wconf 75' lang='grc' dir='ltr'>’Καὶ</span> <span class='ocrx_word' id='word_1_668' title='bbox 900 4276 1140 4348; x_wconf 82' lang='grc' dir='ltr'>διδόασιν]</span> <span class='ocrx_word' id='word_1_669' title='bbox 1169 4274 1471 4347; x_wconf 65' lang='grc' dir='ltr'>’Υπερθατδν</span> <span class='ocrx_word' id='word_1_670' title='bbox 1500 4275 1623 4330; x_wconf 76' lang='grc' dir='ltr'>κατὰ</span> <span class='ocrx_word' id='word_1_671' title='bbox 1652 4274 1863 4342; x_wconf 81' lang='grc' dir='ltr'>ἔννοιαν,</span> <span class='ocrx_word' id='word_1_672' title='bbox 1893 4279 2039 4347; x_wconf 73' lang='grc' dir='ltr'>μέσον</span> <span class='ocrx_word' id='word_1_673' title='bbox 2202 4291 2328 4340; x_wconf 86' lang='lat'>102,</span> <span class='ocrx_word' id='word_1_674' title='bbox 2373 4292 2456 4329; x_wconf 84' lang='lat'>11.</span> <span class='ocrx_word' id='word_1_675' title='bbox 2497 4276 2634 4347; x_wconf 86' lang='grc' dir='ltr'>Ποῖ]</span> <span class='ocrx_word' id='word_1_676' title='bbox 2679 4274 2788 4329; x_wconf 70' lang='grc' dir='ltr'>ἀντὶ</span> <span class='ocrx_word' id='word_1_677' title='bbox 2827 4278 2913 4329; x_wconf 74' lang='grc' dir='ltr'>τοῦ</span> <span class='ocrx_word' id='word_1_678' title='bbox 2951 4276 3044 4337; x_wconf 74' lang='grc' dir='ltr'>ἕως</span> <span class='ocrx_word' id='word_1_679' title='bbox 3084 4279 3198 4331; x_wconf 79' lang='grc' dir='ltr'>ποῦ.</span> <span class='ocrx_word' id='word_1_680' title='bbox 3234 4278 3297 4331; x_wconf 87' lang='grc' dir='ltr'>Ρ.</span> <span class='ocrx_word' id='word_1_681' title='bbox 3371 4276 3566 4347; x_wconf 87' lang='grc' dir='ltr'>Ὅμοιον</span> <span class='ocrx_word' id='word_1_682' title='bbox 3599 4276 3656 4341; x_wconf 77' lang='grc' dir='ltr'>τῷ</span> 
     </span>
     <span class='ocr_line' id='line_1_49' title="bbox 480 4346 3406 4425; baseline 0.002 -19"><span class='ocrx_word' id='word_1_683' title='bbox 480 4353 600 4424; x_wconf 84' lang='grc' dir='ltr'>ἔχον</span> <span class='ocrx_word' id='word_1_684' title='bbox 624 4350 713 4417; x_wconf 81' lang='grc' dir='ltr'>τὴν</span> <span class='ocrx_word' id='word_1_685' title='bbox 746 4350 925 4405; x_wconf 86' lang='grc' dir='ltr'>αἰτίαν.</span> <span class='ocrx_word' id='word_1_686' title='bbox 949 4354 1145 4408; x_wconf 80' lang='lat' dir='ltr'>BFYP.</span> <span class='ocrx_word' id='word_1_687' title='bbox 2133 4377 2154 4405; x_wconf 75' lang='grc' dir='ltr'>α</span> <span class='ocrx_word' id='word_1_688' title='bbox 2183 4346 2277 4408; x_wconf 76' lang='grc' dir='ltr'>ποῖ</span> <span class='ocrx_word' id='word_1_689' title='bbox 2291 4357 2451 4425; x_wconf 86' lang='grc' dir='ltr'>μενεῖς</span> <span class='ocrx_word' id='word_1_690' title='bbox 2471 4354 2680 4425; x_wconf 74' lang='grc' dir='ltr'>ῥᾴθυμος</span> <span class='ocrx_word' id='word_1_691' title='bbox 2708 4380 2731 4401; x_wconf 77' lang='grc' dir='ltr'>ι</span> <span class='ocrx_word' id='word_1_692' title='bbox 2765 4354 2876 4409; x_wconf 79' lang='grc' dir='ltr'>ἀντὶ</span> <span class='ocrx_word' id='word_1_693' title='bbox 2892 4358 2980 4409; x_wconf 80' lang='grc' dir='ltr'>τοῦ</span> <span class='ocrx_word' id='word_1_694' title='bbox 3003 4356 3148 4425; x_wconf 81' lang='grc' dir='ltr'>μέχρι</span> <span class='ocrx_word' id='word_1_695' title='bbox 3167 4356 3316 4417; x_wconf 86' lang='grc' dir='ltr'>τίνος.</span> <span class='ocrx_word' id='word_1_696' title='bbox 3339 4358 3406 4411; x_wconf 90' lang='grc' dir='ltr'>Υ.</span> 
     </span>
     <span class='ocr_line' id='line_1_50' title="bbox 552 4428 3656 4507; baseline -0.001 -23"><span class='ocrx_word' id='word_1_697' title='bbox 552 4435 647 4501; x_wconf 90' lang='grc'>96,</span> <span class='ocrx_word' id='word_1_698' title='bbox 676 4450 729 4499; x_wconf 90' lang='lat'>9.</span> <span class='ocrx_word' id='word_1_699' title='bbox 766 4430 1212 4501; x_wconf 81' lang='grc' dir='ltr'>Παραπέμπεσθαι]</span> <span class='ocrx_word' id='word_1_700' title='bbox 1248 4432 1401 4488; x_wconf 73' lang='grc' dir='ltr'>οἱονεὶ</span> <span class='ocrx_word' id='word_1_701' title='bbox 1436 4433 1799 4503; x_wconf 81' lang='grc' dir='ltr'>προπέμπεσθαι</span> <span class='ocrx_word' id='word_1_702' title='bbox 1836 4432 1921 4485; x_wconf 66' lang='grc' dir='ltr'>καὶ</span> <span class='ocrx_word' id='word_1_703' title='bbox 1948 4435 2040 4485; x_wconf 74' lang='grc' dir='ltr'>σώ-</span> <span class='ocrx_word' id='word_1_704' title='bbox 2203 4431 2565 4505; x_wconf 81' lang='grc' dir='ltr'>Ἇναδυόμεθα]</span> <span class='ocrx_word' id='word_1_705' title='bbox 2609 4433 2720 4487; x_wconf 73' lang='grc' dir='ltr'>ἀντὶ</span> <span class='ocrx_word' id='word_1_706' title='bbox 2749 4437 2837 4487; x_wconf 76' lang='grc' dir='ltr'>τοῦ</span> <span class='ocrx_word' id='word_1_707' title='bbox 2880 4436 3192 4505; x_wconf 75' lang='grc' dir='ltr'>χωριζόμεθα</span> <span class='ocrx_word' id='word_1_708' title='bbox 3226 4440 3314 4488; x_wconf 75' lang='grc' dir='ltr'>τοῦ</span> <span class='ocrx_word' id='word_1_709' title='bbox 3347 4437 3558 4507; x_wconf 75' lang='grc' dir='ltr'>πράττειν</span> <span class='ocrx_word' id='word_1_710' title='bbox 3589 4428 3656 4480; x_wconf 67' lang='grc' dir='ltr'>καὶ</span> 
     </span>
     <span class='ocr_line' id='line_1_51' title="bbox 479 4508 3654 4585; baseline 0.002 -24"><span class='ocrx_word' id='word_1_711' title='bbox 479 4508 666 4570; x_wconf 84' lang='grc' dir='ltr'>ζεσθαι.</span> <span class='ocrx_word' id='word_1_712' title='bbox 699 4508 846 4560; x_wconf 79' lang='lat' dir='ltr'>FYP.</span> <span class='ocrx_word' id='word_1_713' title='bbox 2130 4510 2424 4583; x_wconf 76' lang='grc' dir='ltr'>ἐκφεύγομεν</span> <span class='ocrx_word' id='word_1_714' title='bbox 2444 4513 2554 4575; x_wconf 66' lang='grc' dir='ltr'>τοὺς</span> <span class='ocrx_word' id='word_1_715' title='bbox 2571 4516 2760 4575; x_wconf 90' lang='grc' dir='ltr'>πόνους.</span> <span class='ocrx_word' id='word_1_716' title='bbox 2845 4512 2960 4567; x_wconf 79' lang='grc' dir='ltr'>Ἀπὸ</span> <span class='ocrx_word' id='word_1_717' title='bbox 2996 4516 3270 4585; x_wconf 75' lang='grc' dir='ltr'>μεταφορᾶς</span> <span class='ocrx_word' id='word_1_718' title='bbox 3288 4521 3382 4567; x_wconf 85' lang='grc' dir='ltr'>τῶν</span> <span class='ocrx_word' id='word_1_719' title='bbox 3409 4510 3654 4581; x_wconf 61' lang='grc' dir='ltr'>ὓπυζυγίων</span> 
     </span>
     <span class='ocr_line' id='line_1_52' title="bbox 554 4585 3298 4665; baseline 0.004 -28"><span class='ocrx_word' id='word_1_720' title='bbox 554 4591 621 4655; x_wconf 79' lang='grc'>96</span> <span class='ocrx_word' id='word_1_721' title='bbox 642 4626 657 4651; x_wconf 94' lang='grc'><em>,</em></span> <span class='ocrx_word' id='word_1_722' title='bbox 696 4603 775 4641; x_wconf 87' lang='grc' dir='ltr'>ιο.</span> <span class='ocrx_word' id='word_1_723' title='bbox 817 4585 889 4637; x_wconf 76' lang='grc' dir='ltr'>Τὰ</span> <span class='ocrx_word' id='word_1_724' title='bbox 912 4588 1150 4653; x_wconf 78' lang='grc' dir='ltr'>τοιαῦτα]</span> <span class='ocrx_word' id='word_1_725' title='bbox 1179 4586 1289 4639; x_wconf 75' lang='grc' dir='ltr'>ἀντὶ</span> <span class='ocrx_word' id='word_1_726' title='bbox 1316 4589 1401 4639; x_wconf 79' lang='grc' dir='ltr'>τοῦ</span> <span class='ocrx_word' id='word_1_727' title='bbox 1421 4586 1502 4638; x_wconf 68' lang='grc' dir='ltr'>διὰ</span> <span class='ocrx_word' id='word_1_728' title='bbox 1528 4590 1697 4640; x_wconf 82' lang='grc' dir='ltr'>ταῦτα.</span> <span class='ocrx_word' id='word_1_729' title='bbox 1722 4587 1790 4638; x_wconf 89' lang='lat' dir='ltr'>Y.</span> <span class='ocrx_word' id='word_1_730' title='bbox 2128 4596 2224 4644; x_wconf 84' lang='grc' dir='ltr'>τῶν</span> <span class='ocrx_word' id='word_1_731' title='bbox 2249 4591 2331 4643; x_wconf 73' lang='grc' dir='ltr'>καὶ</span> <span class='ocrx_word' id='word_1_732' title='bbox 2351 4593 2630 4663; x_wconf 82' lang='grc' dir='ltr'>φευγόντων</span> <span class='ocrx_word' id='word_1_733' title='bbox 2663 4591 2896 4646; x_wconf 79' lang='grc' dir='ltr'>ὓποδῦναι</span> <span class='ocrx_word' id='word_1_734' title='bbox 2921 4594 3008 4647; x_wconf 78' lang='grc' dir='ltr'>τὸν</span> <span class='ocrx_word' id='word_1_735' title='bbox 3035 4596 3205 4665; x_wconf 81' lang='grc' dir='ltr'>ζυγόν.</span> <span class='ocrx_word' id='word_1_736' title='bbox 3229 4596 3298 4649; x_wconf 88' lang='grc' dir='ltr'>Υ.</span> 
     </span>
     <span class='ocr_line' id='line_1_53' title="bbox 554 4660 3653 4744; baseline 0.001 -27"><span class='ocrx_word' id='word_1_737' title='bbox 554 4668 650 4733; x_wconf 87' lang='grc'>96,</span> <span class='ocrx_word' id='word_1_738' title='bbox 686 4663 943 4717; x_wconf 77' lang='grc' dir='ltr'>13.Πόθεν</span> <span class='ocrx_word' id='word_1_739' title='bbox 970 4662 1066 4735; x_wconf 74' lang='grc' dir='ltr'>γὰρ</span> <span class='ocrx_word' id='word_1_740' title='bbox 1096 4660 1277 4735; x_wconf 80' lang='grc' dir='ltr'>οἴεσθε]</span> <span class='ocrx_word' id='word_1_741' title='bbox 1316 4660 1614 4733; x_wconf 76' lang='grc' dir='ltr'>Ὑπερὸατδν</span> <span class='ocrx_word' id='word_1_742' title='bbox 1641 4661 1749 4715; x_wconf 86' lang='grc' dir='ltr'>καθ’</span> <span class='ocrx_word' id='word_1_743' title='bbox 1773 4661 2040 4731; x_wconf 79' lang='grc' dir='ltr'>ὓπέρθεσιν·</span> <span class='ocrx_word' id='word_1_744' title='bbox 2206 4686 2334 4735; x_wconf 86' lang='lat'>102,</span> <span class='ocrx_word' id='word_1_745' title='bbox 2383 4687 2471 4724; x_wconf 86' lang='lat'>21.</span> <span class='ocrx_word' id='word_1_746' title='bbox 2511 4670 2634 4725; x_wconf 75' lang='grc' dir='ltr'>Οὔτε</span> <span class='ocrx_word' id='word_1_747' title='bbox 2679 4672 2842 4742; x_wconf 83' lang='grc' dir='ltr'>λέγειν</span> <span class='ocrx_word' id='word_1_748' title='bbox 2892 4674 3059 4744; x_wconf 75' lang='grc' dir='ltr'>ἄξιον]</span> <span class='ocrx_word' id='word_1_749' title='bbox 3084 4672 3356 4743; x_wconf 80' lang='grc' dir='ltr'>Συμφώνως</span> <span class='ocrx_word' id='word_1_750' title='bbox 3394 4676 3460 4743; x_wconf 70' lang='grc' dir='ltr'>τῷ</span> <span class='ocrx_word' id='word_1_751' title='bbox 3493 4668 3653 4721; x_wconf 78' lang='grc' dir='ltr'>Θουκυ-</span> 
     </span>
     <span class='ocr_line' id='line_1_54' title="bbox 478 4743 3650 4823; baseline 0.003 -28"><span class='ocrx_word' id='word_1_752' title='bbox 478 4743 679 4795; x_wconf 86' lang='lat' dir='ltr'>BFYP.</span> <span class='ocrx_word' id='word_1_753' title='bbox 2131 4749 2281 4820; x_wconf 74' lang='grc' dir='ltr'>δίδη(</span> <span class='ocrx_word' id='word_1_754' title='bbox 2309 4766 2464 4812; x_wconf 89' lang='lat'>1,122</span> <span class='ocrx_word' id='word_1_755' title='bbox 2489 4750 2506 4821; x_wconf 97' lang='lat'>)</span> <span class='ocrx_word' id='word_1_756' title='bbox 2535 4750 2564 4801; x_wconf 81' lang='grc' dir='ltr'>δ</span> <span class='ocrx_word' id='word_1_757' title='bbox 2589 4750 2673 4802; x_wconf 75' lang='grc' dir='ltr'>καὶ</span> <span class='ocrx_word' id='word_1_758' title='bbox 2693 4750 2835 4823; x_wconf 82' lang='grc' dir='ltr'>λόγῳ</span> <span class='ocrx_word' id='word_1_759' title='bbox 2854 4748 3192 4817; x_wconf 72' lang='grc' dir='ltr'>ἔνδοιασθῆναι</span> <span class='ocrx_word' id='word_1_760' title='bbox 3214 4750 3411 4822; x_wconf 76' lang='grc' dir='ltr'>αἰσχρὸν</span> <span class='ocrx_word' id='word_1_761' title='bbox 3437 4754 3505 4819; x_wconf 77' lang='grc' dir='ltr'>τῷ</span> <span class='ocrx_word' id='word_1_762' title='bbox 3521 4746 3650 4797; x_wconf 71' lang='grc' dir='ltr'>Πεὶῡ·</span> 
     </span>
     <span class='ocr_line' id='line_1_55' title="bbox 556 4818 2566 4900; baseline 0.004 -25"><span class='ocrx_word' id='word_1_763' title='bbox 556 4826 653 4890; x_wconf 88' lang='grc'>96,</span> <span class='ocrx_word' id='word_1_764' title='bbox 704 4826 788 4875; x_wconf 88' lang='lat'>16.</span> <span class='ocrx_word' id='word_1_765' title='bbox 835 4820 932 4874; x_wconf 86' lang='grc' dir='ltr'>Ἐκ</span> <span class='ocrx_word' id='word_1_766' title='bbox 966 4825 1053 4875; x_wconf 77' lang='grc' dir='ltr'>τοῦ</span> <span class='ocrx_word' id='word_1_767' title='bbox 1092 4819 1343 4892; x_wconf 76' lang='grc' dir='ltr'>οὗρανοῦ]</span> <span class='ocrx_word' id='word_1_768' title='bbox 1374 4820 1759 4891; x_wconf 82' lang='grc' dir='ltr'>Σχετλιάζοντος</span> <span class='ocrx_word' id='word_1_769' title='bbox 1798 4818 1854 4871; x_wconf 64' lang='grc' dir='ltr'>τὸ</span> <span class='ocrx_word' id='word_1_770' title='bbox 1890 4818 2044 4890; x_wconf 77' lang='grc' dir='ltr'>ῥῆμα.</span> <span class='ocrx_word' id='word_1_771' title='bbox 2133 4827 2384 4900; x_wconf 82' lang='grc' dir='ltr'>ποννήσῳ.</span> <span class='ocrx_word' id='word_1_772' title='bbox 2416 4830 2566 4883; x_wconf 80' lang='lat' dir='ltr'>FYP.</span> 
     </span>
     <span class='ocr_line' id='line_1_56' title="bbox 484 4900 3402 4981; baseline 0.002 -26"><span class='ocrx_word' id='word_1_773' title='bbox 484 4900 577 4955; x_wconf 83' lang='lat' dir='ltr'>FY</span> <span class='ocrx_word' id='word_1_774' title='bbox 580 4902 639 4953; x_wconf 83' lang='lat' dir='ltr'>P.</span> <span class='ocrx_word' id='word_1_775' title='bbox 2215 4922 2339 4969; x_wconf 87' lang='lat'>102,</span> <span class='ocrx_word' id='word_1_776' title='bbox 2374 4922 2462 4958; x_wconf 86' lang='lat'>22.</span> <span class='ocrx_word' id='word_1_777' title='bbox 2502 4906 2974 4961; x_wconf 81' lang='grc' dir='ltr'>Καταπολιτεόονται</span> <span class='ocrx_word' id='word_1_778' title='bbox 2992 4912 3012 4977; x_wconf 93' lang='grc'>]</span> <span class='ocrx_word' id='word_1_779' title='bbox 3033 4909 3142 4962; x_wconf 82' lang='grc' dir='ltr'>καθ’</span> <span class='ocrx_word' id='word_1_780' title='bbox 3168 4908 3320 4981; x_wconf 69' lang='grc' dir='ltr'>ὑμῶν.</span> <span class='ocrx_word' id='word_1_781' title='bbox 3346 4909 3402 4962; x_wconf 91' lang='grc' dir='ltr'>Ρ.</span> 
     </span>
     <span class='ocr_line' id='line_1_57' title="bbox 485 4978 3651 5111; baseline -0.001 -78"><span class='ocrx_word' id='word_1_782' title='bbox 485 4984 655 5111; x_wconf 55' lang='lat'>5193,</span> <span class='ocrx_word' id='word_1_783' title='bbox 706 4984 787 5035; x_wconf 83' lang='lat'>18.</span> <span class='ocrx_word' id='word_1_784' title='bbox 827 4981 1028 5050; x_wconf 80' lang='grc' dir='ltr'>Διάγει]</span> <span class='ocrx_word' id='word_1_785' title='bbox 1068 4979 1123 5032; x_wconf 75' lang='grc' dir='ltr'>οὔ</span> <span class='ocrx_word' id='word_1_786' title='bbox 1152 4982 1333 5051; x_wconf 80' lang='grc' dir='ltr'>τρυφᾷ,</span> <span class='ocrx_word' id='word_1_787' title='bbox 1378 4978 1509 5032; x_wconf 80' lang='grc' dir='ltr'>ἀλλὰ</span> <span class='ocrx_word' id='word_1_788' title='bbox 1546 4979 1686 5052; x_wconf 88' lang='grc' dir='ltr'>μόλις</span> <span class='ocrx_word' id='word_1_789' title='bbox 1728 4980 2044 5049; x_wconf 87' lang='grc' dir='ltr'>διατρέφεται.</span> <span class='ocrx_word' id='word_1_790' title='bbox 2212 5000 2340 5048; x_wconf 85' lang='lat'>102,</span> <span class='ocrx_word' id='word_1_791' title='bbox 2367 4991 2454 5038; x_wconf 87' lang='lat'>26.</span> <span class='ocrx_word' id='word_1_792' title='bbox 2493 4986 2662 5058; x_wconf 80' lang='grc' dir='ltr'>Τινὲς]</span> <span class='ocrx_word' id='word_1_793' title='bbox 2687 4988 2716 5039; x_wconf 79' lang='grc' dir='ltr'><strong>ὃ</strong></span> <span class='ocrx_word' id='word_1_794' title='bbox 2741 4988 3051 5059; x_wconf 83' lang='grc' dir='ltr'>Δημοσθένης</span> <span class='ocrx_word' id='word_1_795' title='bbox 3069 5010 3080 5021; x_wconf 85' lang='grc'><em>·</em></span> <span class='ocrx_word' id='word_1_796' title='bbox 3129 4988 3280 5051; x_wconf 70' lang='grc' dir='ltr'>οὔτως</span> <span class='ocrx_word' id='word_1_797' title='bbox 3299 4987 3387 5059; x_wconf 79' lang='grc' dir='ltr'>γὰρ</span> <span class='ocrx_word' id='word_1_798' title='bbox 3407 4984 3568 5053; x_wconf 83' lang='grc' dir='ltr'>ἔλεγον</span> <span class='ocrx_word' id='word_1_799' title='bbox 3593 4996 3651 5027; x_wconf 74' lang='grc' dir='ltr'>τι·</span> 
     </span>
     <span class='ocr_line' id='line_1_58' title="bbox 510 5066 2323 5127; baseline 0.015 -36"><span class='ocrx_word' id='word_1_800' title='bbox 510 5074 520 5091; x_wconf 88' lang='grc'>.</span> <span class='ocrx_word' id='word_1_801' title='bbox 628 5098 641 5111; x_wconf 55' lang='lat'><strong>·</strong></span> <span class='ocrx_word' id='word_1_802' title='bbox 1840 5096 1849 5103; x_wconf 84' lang='lat'><strong>·</strong></span> <span class='ocrx_word' id='word_1_803' title='bbox 2137 5066 2230 5127; x_wconf 88' lang='grc' dir='ltr'>νές.</span> <span class='ocrx_word' id='word_1_804' title='bbox 2253 5066 2323 5118; x_wconf 89' lang='grc' dir='ltr'>Υ.</span> 
     </span>
    </p>
   </div>
   <div class='ocr_carea' id='block_1_12' title="bbox 478 5134 3654 5289">
    <p class='ocr_par' dir='ltr' id='par_1_19' title="bbox 478 5134 3654 5289">
     <span class='ocr_line' id='line_1_59' title="bbox 560 5134 3654 5218; baseline 0.002 -29"><span class='ocrx_word' id='word_1_805' title='bbox 560 5142 659 5207; x_wconf 87' lang='grc'>96,</span> <span class='ocrx_word' id='word_1_806' title='bbox 696 5154 780 5190; x_wconf 84' lang='grc'>22.</span> <span class='ocrx_word' id='word_1_807' title='bbox 823 5138 965 5191; x_wconf 79' lang='grc' dir='ltr'>Τοῦτ’</span> <span class='ocrx_word' id='word_1_808' title='bbox 991 5138 1109 5192; x_wconf 74' lang='grc' dir='ltr'>εἰσὶν</span> <span class='ocrx_word' id='word_1_809' title='bbox 1139 5141 1185 5192; x_wconf 80' lang='grc' dir='ltr'>οἷ</span> <span class='ocrx_word' id='word_1_810' title='bbox 1210 5140 1392 5212; x_wconf 87' lang='grc' dir='ltr'>λόγοι]</span> <span class='ocrx_word' id='word_1_811' title='bbox 1416 5138 1524 5195; x_wconf 71' lang='grc' dir='ltr'>ἀντὶ</span> <span class='ocrx_word' id='word_1_812' title='bbox 1556 5144 1642 5195; x_wconf 69' lang='grc' dir='ltr'>τοῦ</span> <span class='ocrx_word' id='word_1_813' title='bbox 1667 5138 1731 5201; x_wconf 86' lang='grc' dir='ltr'>εἰς</span> <span class='ocrx_word' id='word_1_814' title='bbox 1766 5143 1911 5193; x_wconf 82' lang='grc' dir='ltr'>τοῦτο</span> <span class='ocrx_word' id='word_1_815' title='bbox 1937 5158 2048 5195; x_wconf 88' lang='grc' dir='ltr'>συν-</span> <span class='ocrx_word' id='word_1_816' title='bbox 2213 5158 2340 5207; x_wconf 86' lang='lat'>102,</span> <span class='ocrx_word' id='word_1_817' title='bbox 2379 5160 2469 5211; x_wconf 87' lang='lat'>27.</span> <span class='ocrx_word' id='word_1_818' title='bbox 2516 5143 2896 5218; x_wconf 75' lang='grc' dir='ltr'>Ἆναὸάλλουσι]</span> <span class='ocrx_word' id='word_1_819' title='bbox 2945 5146 3300 5200; x_wconf 79' lang='grc' dir='ltr'>ἀναδάλλεσθαι</span> <span class='ocrx_word' id='word_1_820' title='bbox 3331 5143 3406 5198; x_wconf 81' lang='grc' dir='ltr'>καὶ</span> <span class='ocrx_word' id='word_1_821' title='bbox 3435 5134 3654 5209; x_wconf 52' lang='lat' dir='ltr'>§aptific-</span> 
     </span>
     <span class='ocr_line' id='line_1_60' title="bbox 478 5217 2661 5289; baseline 0.006 -21"><span class='ocrx_word' id='word_1_822' title='bbox 478 5217 723 5273; x_wconf 62' lang='grc' dir='ltr'>«τείνουσιν</span> <span class='ocrx_word' id='word_1_823' title='bbox 746 5217 793 5272; x_wconf 75' lang='grc' dir='ltr'>,οἱ</span> <span class='ocrx_word' id='word_1_824' title='bbox 820 5217 983 5289; x_wconf 89' lang='grc' dir='ltr'>λόγοι.</span> <span class='ocrx_word' id='word_1_825' title='bbox 1016 5218 1167 5273; x_wconf 85' lang='grc' dir='ltr'>ΕΥΡ.</span> <span class='ocrx_word' id='word_1_826' title='bbox 2139 5224 2248 5276; x_wconf 86' lang='grc' dir='ltr'>σθαι</span> <span class='ocrx_word' id='word_1_827' title='bbox 2273 5226 2514 5279; x_wconf 81' lang='grc' dir='ltr'>ποιοῦσιν.</span> <span class='ocrx_word' id='word_1_828' title='bbox 2551 5228 2661 5282; x_wconf 84' lang='lat' dir='ltr'>VP.</span> 
     </span>
    </p>
   </div>
   <div class='ocr_carea' id='block_1_13' title="bbox 3757 20 3767 1493">
    <p class='ocr_par' dir='ltr' id='par_1_20' title="bbox 3757 20 3767 1493">
     <span class='ocr_line' id='line_1_61' title="bbox 3757 20 3767 1493; baseline 0 0"><span class='ocrx_word' id='word_1_829' title='bbox 3757 20 3767 1493; x_wconf 95' lang='lat' dir='ltr'> </span> 
     </span>
    </p>
   </div>
   <div class='ocr_carea' id='block_1_14' title="bbox 3753 2980 3773 5792">
    <p class='ocr_par' dir='ltr' id='par_1_21' title="bbox 3753 2980 3773 5792">
     <span class='ocr_line' id='line_1_62' title="bbox 3753 2980 3773 5792; baseline 0 0"><span class='ocrx_word' id='word_1_830' title='bbox 3753 2980 3773 5792; x_wconf 95' lang='lat' dir='ltr'> </span> 
     </span>
    </p>
   </div>
  </div>
 </body>
</html>
