3825 5834
565 443 678 494 336

639 565 1020 638 Harpocratio
1053 587 1063 618 :
1094 561 1332 632 Ἐπιση
1347 583 1386 636 μ
1402 583 1433 617 α
1448 559 1534 618 ίνε
1549 565 1622 620 σθ
1639 581 1700 619 αι
1729 559 1843 619 ἀντὶ
1863 564 1957 619 τοῦ
1976 561 2117 619 ἐπαι-

562 657 664 708 νεῖν
690 649 785 726 μὲν
817 648 902 708 καὶ
932 653 1002 716 ὡς
1027 651 1078 706 ἐν
1098 652 1164 728 τῇ
1191 647 1432 727 συνηθείᾳ
1452 649 1670 725 λέγομεν
1689 650 1963 727 ἐπιφωνεῖν
1982 647 2113 705 Ἰσο-

560 736 754 816 κράτης
773 739 1184 812 Παναθηναϊκῷ,
1206 734 1320 794 ἀντὶ
1340 735 1394 792 δὲ
1422 740 1513 793 τοῦ
1536 734 1912 814 ἐπισφραγίσαι
1929 734 2116 800 Ἰσαῖος

560 828 613 884 ἐν
638 829 706 904 τῇ
726 823 932 895 ἐξούλης
959 825 1232 882 Καλυδῶνι
1251 822 1376 900 πρὸς
1397 821 1660 900 Ἁγνόθεον
1685 821 1963 900 ἀπολογίᾳ.
1989 825 2118 878 Pol·

561 915 660 970 lux
700 914 855 982 vlu,
885 914 919 988 S
947 933 1018 984 27
1052 933 1066 968 ι
1109 909 1607 986 Ἐπισημηνάμενος
1637 909 1690 969 δὲ
1721 909 1910 975 Ἰσαῖος
1948 899 2109 966 εἶπεν.

606 1017 828 1078 XXIV.
877 1017 1085 1077 ΠΡΟΣ
1127 1015 1541 1077 ΚΑΛΥΔΩΝΔ
1585 1015 2052 1075 ΕΠΙΤΡΟΠΗΣ.

1300 1104 1384 1174 ,6.

641 1193 1023 1266 Harpocratio
1068 1211 1081 1247 ς
1125 1189 1485 1266 Ἀνθεμόκρ
1505 1211 1660 1255 ιτος.
1709 1189 1900 1254 Ἰσαῖος
1947 1189 1999 1245 ἐν
2040 1190 2114 1268 τῷ

561 1275 691 1355 πρὸς
717 1281 1012 1338 Καλυδῶνα
1029 1301 1043 1316 ·
1064 1305 1089 1333 α
1119 1278 1200 1338 Τό
1217 1301 1274 1336 τε
1307 1280 1582 1356 βαλανεῖον
1623 1277 1683 1335 τὸ
1710 1277 1834 1356 παρ’
1861 1281 2117 1354 Ἀνθεμο-

562 1363 740 1444 κρίτου
763 1365 1066 1444 ἀνδριάντα,
1109 1391 1134 1418 n
1160 1365 1395 1424 τουτέστι
1417 1364 1543 1444 πρὸς
1567 1371 1678 1431 ταῖς
1707 1363 1987 1444 Θριασίαις
2012 1364 2117 1422 πύ-

563 1455 698 1519 λαις.
731 1443 898 1518 Οὗτος
929 1445 991 1524 ἦν
1014 1450 1297 1522 Ἀθηναίων
1327 1451 1422 1528 μὲν
1453 1449 1645 1530 κῆρυξ,
1681 1455 1782 1511 ὑπὸ
1827 1451 2113 1532 Μεγαρέων

563 1541 610 1597 δ’
648 1541 929 1619 ἀπεσφάγη
969 1539 1308 1619 ἀπαγορεύων
1340 1540 1514 1607 αὐτοῖς
1540 1539 1634 1611 τὴν
1662 1539 1804 1622 ἱερὰν
1831 1541 1948 1601 ταῖν
1976 1541 2115 1600 θεαῖν

559 1626 756 1706 ὀργάδα
781 1627 854 1705 μὴ
884 1627 1277 1707 ἕπεργάζεσθαι.
1441 1695 1444 1698 ,

637 1801 796 1860 Idem
845 1801 1015 1879 2’Aq>’
1071 1799 1296 1866 ἑστίας
1345 1805 1701 1876 μυεῖσθαι·
1731 1799 1923 1866 Ἰσαῖος
1961 1803 2013 1858 ἐν
2041 1804 2115 1879 τῷ

559 1885 689 1966 πρὸς
733 1889 1048 1949 Καλυδῶνα.
1101 1885 1172 1948 Ὁ
1214 1890 1302 1965 ἀφ’
1327 1887 1502 1956 ἑστίας
1541 1887 1823 1964 μυούμενος
1850 1881 2117 1957 Ἀθηναῖος

561 1965 626 2047 ἦν
669 1973 910 2050 πάντως,
939 1974 1120 2054 κλήρῳ
1173 1973 1228 2033 δὲ
1269 1973 1448 2054 λαχὼν
1497 1976 1514 2050 (
1537 1975 1626 2032 καὶ
1673 1977 1778 2053 ὁρῶ
1827 1975 1881 2033 δὲ
1928 1976 2116 2035 Λάκων

561 2064 734 2124 codd.
765 2065 782 2141 )
816 2068 1046 2142 ἐμυεῖτο.
1078 2065 1162 2126 Cf.
1191 2067 1388 2122 Arsen.
1421 2085 1482 2140 p.
1515 2065 1588 2122 86
1619 2066 1828 2140 Walz.;
1873 2067 2111 2124 Bekker.

557 2152 774 2212 Aneed.
800 2173 857 2230 p.
885 2161 1019 2225 204,
1049 2153 1156 2226 πο,
1181 2158 1381 2230 Apost.
1403 2153 1576 2214 Prov,
1599 2154 1655 2224 5,
1680 2173 1781 2225 203
1803 2155 1940 2212 Lex.
1964 2156 2113 2213 rhet.

557 2243 620 2298 in
647 2243 819 2300 Bekk.
843 2245 954 2302 An.
983 2261 1043 2317 p.
1085 2249 1196 2308 204
1236 2259 1252 2294 ε
1279 2238 1389 2318 Ἀφ’
1413 2240 1587 2305 ἑστίας
1617 2243 1896 2317 μυηθῆναι.
1918 2237 1941 2320 ]
1964 2239 2029 2300 Ὁ
2059 2242 2117 2299 ἐκ

557 2329 663 2386 τῶν
681 2328 974 2407 προκρίτων
999 2327 1282 2398 Ἀθηναίων
1301 2329 1378 2384 x).
1392 2328 1426 2397 τί,
1443 2351 1522 2408 ρῳ
1549 2329 1584 2384 λ
1599 2325 1772 2406 αχὼν
1799 2329 2118 2404 παῖςδημο-

558 2413 648 2490 σία
681 2413 912 2490 μυηθείς.
961 2417 1109 2472 Hinc
1151 2415 1336 2472 Suidae
1370 2418 1560 2471 locum
1611 2418 1827 2490 optime
1871 2419 2118 2473 correxit

557 2505 860 2577 Sauppius.
891 2503 1190 2560 Boeekhius
1225 2505 1288 2558 in
1311 2504 1371 2560 C.
1401 2506 1580 2563 lnscr.
1615 2515 1655 2559 t.
1688 2507 1735 2574 Ι,
1764 2524 1824 2579 p.
1859 2504 1973 2570 445
2002 2524 2117 2579 pu-

559 2593 700 2646 tavit
720 2593 918 2647 lsaeum
947 2591 1152 2668 (immo
1178 2595 1604 2667 grammaticum
1626 2589 1642 2668 )
1669 2592 1856 2648 dicere
1877 2593 2118 2648 voluisse

557 2678 648 2736 τὸν
671 2680 758 2758 ἀφ’
777 2677 950 2743 ἑστίας
973 2675 1235 2764 μυηθέντα
1256 2681 1490 2736 omnino
1518 2681 1910 2735 Atheniensem
1932 2679 2118 2748 fuisse,

559 2768 660 2823 sed
687 2768 969 2822 initiatum
999 2785 1114 2823 esse
1139 2769 1308 2823 etiam
1336 2769 1506 2824 alium
1533 2769 1894 2843 peregrinum
1912 2809 1931 2837 ,
1958 2769 2115 2824 ideo·

559 2873 672 2928 que
733 2855 1096 2910 scribendum
1160 2854 1376 2910 censuit
1442 2872 1457 2912 z
1518 2851 1747 2931 Κάστωρ
1815 2851 1869 2910 δὲ
1926 2852 2117 2912 Λάκιον

560 2942 770 3015 ἐμυεῖτο
788 2981 804 3011 ,
838 2961 1013 3014 quum
1041 2953 1240 2996 notum
1263 2944 1333 2998 sit
1359 2943 1666 2998 Dioscuros
1687 2943 1981 2998 Eleusiniis
2009 2943 2115 2998 ini·

559 3030 726 3084 tiatos
745 3047 881 3087 esse.
909 3027 1174 3085 Ceterum
1201 3029 1277 3086 ita
1297 3030 1472 3085 habet
1497 3045 1512 3086 t
1537 3054 1561 3079 σι
1585 3033 1789 3086 Lectus
1813 3041 1998 3087 autem
2025 3031 2117 3087 ille

562 3114 849 3192 μυούμενος
881 3117 969 3194 ἀφ’
999 3115 1176 3181 ἑστίας
1209 3135 1277 3172 ex
1323 3119 1637 3192 insignibus
1677 3117 1940 3188 familiis;
1975 3120 2116 3174 insi-

559 3223 695 3279 gnes
723 3205 972 3278 intellige
999 3202 1093 3260 eas'
1110 3224 1232 3278 quae
1253 3205 1310 3259 in
1337 3207 1506 3260 sacris
1531 3218 1707 3260 essent
1727 3207 2038 3280 principes,
2064 3217 2120 3262 et

557 3293 801 3347 maxime
827 3293 887 3347 in
911 3293 1204 3347 Eleusiniis
1223 3331 1238 3362 ,
1261 3291 1751 3364 Eumolpidarum,
1773 3293 2118 3365 Lycomida-

562 3396 729 3448 rum,
772 3379 1233 3453 Phytalidarum‚
1275 3380 1549 3452 Cerycum
1563 3399 1580 3448 3
1629 3389 1694 3433 ut
1741 3380 1774 3448 ἡ
1827 3379 1913 3456 ἀφ’
1945 3379 2119 3443 ἑστίας

559 3467 732 3524 inscr.
765 3486 826 3522 n.
862 3466 977 3532 448
1006 3485 1074 3522 ex
1102 3466 1514 3523 Daducliorum
1553 3466 1764 3522 familia
1797 3477 1915 3535 est,
1943 3467 2117 3523 credo

560 3555 734 3610 etiam
758 3571 830 3610 ex
869 3554 1338 3629 Eumolpidarum
1372 3565 1556 3629 gente.
1586 3557 1793 3610 Lectus
1833 3564 2021 3609 autem
2052 3572 2119 3608 ex

561 3643 672 3697 illis
697 3654 849 3698 sorte
870 3684 885 3714 ,
912 3661 1030 3698 non
1059 3661 1092 3698 a
1131 3645 1244 3698 suis
1263 3684 1279 3714 ,
1305 3653 1369 3697 ut
1397 3643 1572 3697 ceteri
1612 3641 1872 3696 initiandi
1897 3683 1914 3711 ,
1950 3641 2046 3698 sed
2088 3661 2119 3696 a

559 3726 856 3804 republica
899 3727 1164 3807 (δημοσίᾳ
1189 3731 1295 3787 lex.
1321 3730 1465 3786 rhet.
1491 3748 1552 3803 p.
1589 3737 1700 3796 204
1726 3726 1742 3805 )
1776 3729 2121 3784 offerebatur

563 3892 744 3941 xxm.
777 3893 902 3942 PRO
951 3892 1646 4011 CALYDONgssAiJJYERSUS
1687 3893 2123 3942 HAGNOTHEUM

1304 4041 1383 4088 75.

627 4111 1050 4174 Ἐπισημαίνεσθαι
1085 4127 1170 4174 pro
1215 4126 1272 4163 eo
1324 4113 1454 4176 quod
1510 4117 1582 4164 est
1633 4114 1860 4165 laudare
1899 4120 1947 4164 et
1990 4115 2124 4178 quod

566 4183 711 4244 vulgo
751 4183 957 4231 dicimus
1001 4183 1274 4245 ἐπιφωνεῖν,
1317 4185 1637 4235 clamoribus
1680 4185 1972 4247 approbare
2013 4185 2125 4235 dicit

565 4255 808 4305 Isocrates
827 4253 876 4302 in
897 4255 1250 4304 Panathenaico
1273 4255 1322 4319 (§
1349 4257 1418 4318 2),
1445 4256 1527 4305 sed
1553 4269 1637 4318 pro
1660 4268 1717 4304 eo
1737 4257 1868 4318 quod
1897 4259 1973 4304 est
1991 4257 2125 4306 obst-

567 4337 736 4388 οπως
755 4324 871 4374 dicit
891 4326 1046 4375 Isaeus
1069 4326 1114 4374 ln
1147 4327 1364 4390 apologia
1395 4341 1481 4390 pro
1504 4327 1745 4390 Calydone
1778 4328 2008 4378 adversus
2031 4331 2125 4378 Ha-

567 4393 830 4458 gnotheum
854 4394 915 4444 de
939 4395 1010 4444 vi.

672 4475 846 4524 xxlv.
877 4475 1199 4525 ADVERSUS
1237 4475 1618 4526 GALYDONEM
1650 4477 1733 4526 DE
1763 4479 2025 4528 TUTELA.

637 4627 1005 4694 Ἀνθεμόκριτος.
1031 4633 1180 4680 lsoeus
1204 4631 1252 4678 in
1295 4559 1513 4680 ‹iri-tione
1537 4629 1768 4679 adversus
1793 4631 2081 4693 Calydonem
2115 4653 2126 4681 ι

577 4716 604 4741 ι
628 4700 692 4748 Et
722 4700 946 4750 balneum
971 4700 1100 4762 quod
1123 4702 1199 4749 est
1215 4700 1356 4762 juxta
1393 4700 1732 4748 Antliemocriti
1765 4704 2001 4760 statuam,
2020 4719 2047 4745 ν
2082 4701 2128 4750 id

2070 431 2245 492 ISAEI

2208 563 2578 620 initiationi...
2616 561 2689 616 At
2717 561 3003 636 peculiare
3032 559 3305 634 quiddam
3326 568 3431 626 τοῖς
3458 561 3535 639 ἀφ’
3566 559 3694 624 ἑστίας

2210 651 2449 722 μυηθεῖσι
2471 647 2855 723 peragendum
2884 650 2945 702 in
2968 650 3246 720 mysteriis
3275 648 3382 704 suit
3398 690 3415 720 ,
3442 649 3577 703 unde
3598 647 3697 724 ὁᾶᾃ

2208 733 2381 799 ἑστίας
2411 732 2699 810 μυούμενος
2738 736 2995 791 Himerio
3034 735 3168 810 (23,
3201 756 3255 806 7,
3296 737 3367 792 18
3440 753 3538 808 per
3560 737 3697 790 excel-

2206 824 2429 879 lentiam
2456 834 2539 878 est
2558 824 2587 878 ὁ
2606 819 2741 898 ἱερὸς
2768 824 2893 887 παῖς
2920 842 2933 877 :
2968 824 3121 878 unde
3149 826 3195 878 is
3224 823 3241 896 (
3264 825 3481 878 Himer.
3507 823 3591 894 23,
3614 823 3641 876 8
3660 835 3697 876 et

2208 911 2489 984 Porphyr.
2520 913 2605 966 De
2645 910 2790 967 abst:
2828 915 2885 979 4,
2920 909 2985 984 5)
3015 912 3343 984 simpliciter
3370 910 3651 986 appellatur
3680 912 3698 963 ὅ

2208 997 2296 1076 ἀφ’
2323 995 2527 1067 ἑστίας,
2579 1008 2637 1051 et
2676 997 2866 1070 puella
2893 1000 2928 1066 ἡ
2972 998 3060 1072 ἀφ’
3090 995 3263 1060 ἑστίας
3294 996 3488 1072 (inser.
3520 1017 3570 1054 n.
3600 997 3697 1068 445,

2210 1083 2387 1159 448),
2432 1086 2636 1140 omisso
2664 1083 2783 1155 jam
2814 1085 3143 1140 initiationis
3184 1085 3504 1153 vocabu103
3535 1095 3580 1139 et
3618 1086 3697 1138 for·

2205 1173 2361 1226 mula
2412 1190 2475 1227 ea
2519 1171 2806 1240 adhibita,
2846 1190 2971 1245 quae
3012 1171 3186 1228 officii
3231 1174 3317 1228 sui
3364 1174 3590 1227 muneris
3620 1176 3699 1225 rim

2204 1259 2395 1314 habet.
2416 1261 2495 1314 Ut
2514 1260 2713 1331 paucis
2736 1258 3032 1334 defungar,
3057 1260 3084 1314 ὁ
3106 1259 3192 1335 ἀφ’
3216 1256 3393 1320 ἑστίας
3420 1257 3607 1330 μυηθεὶς
3622 1260 3695 1330 ipsi

2207 1344 2337 1400 foco
2363 1347 2657 1418 proximus
2688 1345 2911 1401 adstans
2934 1365 3003 1401 ex
3030 1347 3143 1402 hoc
3175 1344 3299 1422 (ἀφ’
3330 1342 3529 1419 ἑστίας)
3558 1347 3695 1398 initia·

2206 1431 2377 1486 batur
2406 1449 2439 1486 a
2469 1433 2735 1489 ministris
2761 1433 2932 1487 sacris
2974 1434 3091 1486 ritu
3116 1433 3429 1501 sanctiore,
3474 1432 3623 1486 credo
3658 1433 3699 1483 in

2206 1519 2376 1591 ipsius
2396 1518 2506 1574 soci
2532 1519 2739 1594 gradus
2768 1519 3071 1576 ascendens
3098 1537 3115 1572 ε
3154 1522 3329 1576 ceteri
3352 1521 3700 1576 remotiorem

2205 1625 2271 1662 ex
2295 1607 2633 1680 longinquo·
2666 1631 2691 1656 ι

2936 1698 3031 1769 78.

2285 1787 2448 1843 Idem
2483 1805 2498 1846 :
2526 1784 2760 1846 Ἱππία
2790 1785 2844 1844 Ἀ
2863 1791 2972 1857 θην
2990 1795 3049 1844 ἃ·
3080 1784 3273 1852 Ἰσαῖος
3296 1787 3350 1844 ἐν
3380 1787 3455 1862 τῷ
3482 1783 3593 1861 πρὸς
3614 1787 3697 1842 Κι-

2206 1870 2429 1930 λυδῶνα.
2467 1871 2715 1938 Μνασέας
2743 1875 2795 1932 ἐν
2828 1871 2878 1930 α’
2911 1871 3173 1950 Εὐρώπης
3190 1871 3287 1942 τὴν
3315 1871 3500 1931 ἱππίαν
3539 1871 3699 1940 Ἀθηνᾶν

2208 1961 2533 2028 Ποσειδῶνος
2560 1951 2689 2021 εἷναί
2714 1983 2842 2038 φησι
2864 1961 3119 2040 θυγατέρα
3147 1961 3238 2020 καὶ
3272 1960 3514 2041 Κορύφης
3542 1957 3699 2036 (Holi-

2211 2071 2309 2128 φης
2350 2052 2568 2126 codd.)
2608 2054 2700 2120 τῆς
2740 2049 3021 2123 Ὠκεανοῦ,
3064 2050 3209 2130 ἅρμα
3256 2049 3311 2110 δὲ
3341 2050 3546 2128 πρώτην
3576 2070 3698 2106 κατα·

2207 2137 2537 2196 σκευάσασαν
2554 2137 2638 2196 διὰ
2657 2143 2808 2198 τοῦτο
2826 2137 3012 2196 ἱππίαν
3027 2141 3336 2208 κεκλῆσθαι.
3366 2165 3387 2189 ι
3406 2145 3513 2196 Ara
3528 2139 3700 2194 Aduena

2208 2229 2479 2300 equestris
2508 2247 2623 2283 non
2652 2229 2819 2303 longe
2848 2228 3028 2284 abfuit
3072 2228 3145 2282 ab
3190 2228 3591 2284 Anthemocriti
3616 2242 3701 2277 mo-

2206 2326 2480 2370 numento
2508 2315 2771 2390 (Pausan.
2809 2335 2861 2384 ι,
2890 2313 2944 2384 3,
2971 2321 3004 2381 4
3030 2314 3071 2390 ).
3094 2314 3334 2372 Videtur
3359 2317 3526 2390 igitur
3543 2313 3699 2368 mentio

2210 2421 2317 2456 arae
2346 2404 2495 2458 illius
2522 2403 2595 2459 ad
2629 2405 2749 2477 agri
2772 2404 2860 2458 vel
2890 2402 3091 2459 domus
3119 2403 3295 2458 situm
3332 2399 3701 2460 describendum

2201 2491 2555 2564 pertinuisse.
2590 2515 2615 2540 v·
2641 2492 2927 2550 Siamus.

2285 2673 2441 2731 Idem
2476 2692 2489 2731 :
2528 2673 2665 2752 Κεφ
2683 2672 2804 2743 αλῆ
2822 2675 2958 2730 θεν·
3002 2671 3192 2736 Ἰσαῖος
3216 2672 3271 2729 ἐν
3302 2675 3380 2750 τῷ
3411 2671 3531 2750 πρὸς
3564 2670 3699 2729 Καλυ-

2209 2760 2343 2817 δῶνα
2382 2761 2688 2839 ἐπιτροπῆς.
2738 2757 2957 2838 Κεφαλὴ
3006 2760 3169 2836 δῆμος
3214 2763 3311 2830 τῆς
3358 2756 3701 2834 Ἀκαμαντίδος,

2210 2846 2295 2926 ἀφ’
2318 2839 2379 2918 ἧς
2406 2852 2435 2906 ὁ
2453 2846 2684 2924 δημότης
2702 2843 2909 2923 λέγεται
2946 2847 3287 2926 Κεφαλῆθεν,
3326 2845 3463 2904 καθά
3486 2866 3597 2924 φησι
3622 2839 3701 2899 Διό·

2209 2935 2386 3014 δωρος.

2920 3031 3017 3090 80.

2288 3121 2447 3176 Idem
2494 3135 2508 3178 :
2537 3119 2588 3178 X
2608 3120 2681 3197 ρῆ
2693 3140 2807 3177 στα
2828 3139 2871 3175 ι·
2900 3115 2992 3175 δύο
3032 3115 3279 3193 σημαίνει
3323 3117 3547 3192 τοῦνομα
3568 3114 3702 3169 τάναν-

2207 3205 2324 3263 τία·
2358 3204 2583 3284 καὶγὰρ
2625 3203 2745 3272 τοὺς
2774 3203 3072 3276 δανειστάς,
3116 3205 3187 3269 ὡς
3224 3207 3356 3283 παρ’
3384 3201 3553 3281 Ἰσαίῳ
3586 3201 3627 3258 ἐν
3653 3197 3701 3252 τῖ·

2210 3292 2336 3374 πρὸς
2390 3293 2677 3352 Καλυδῶνα
2729 3293 2821 3350 καὶ
2846 3294 2973 3370 παρ’
2994 3289 3351 3372 Ἀριστοφάνει
3386 3293 3437 3348 ἐν
3472 3287 3700 3366 Νεφελῶν

2208 3380 2336 3458 φησὶ
2358 3380 2461 3459 γάρ
2478 3405 2491 3418 ·
2520 3379 2621 3440 ὑπὸ
2644 3380 2791 3459 [γὰρ]
2814 3381 2983 3438 τόκων
3008 3379 3255 3456 χρήστων
3282 3401 3339 3437 τε
3360 3373 3703 3438 sauciandum

2209 3469 2404 3546 ἄγομαι
2419 3465 2667 3548 φέρομαι,
2680 3467 2747 3528 τὰ
2763 3465 2995 3546 χρήματ’
3007 3465 3406 3546 ἐνεχυράζομαι.
3426 3494 3449 3516 υ
3462 3463 3577 3523 Ἐπὶ
3590 3459 3631 3518 δὲ
3644 3459 3701 3512 '⁸03

2212 3555 2571 3632 δανειζομένου
2600 3555 2885 3634 κέχρηνται
2915 3557 2992 3633 τῷ
3016 3554 3237 3630 ὀνόματι
3266 3555 3417 3612 ἄλλοι
3443 3573 3497 3609 τε
3526 3547 3603 3608 καὶ
3624 3550 3699 3612 Aa·

2214 3640 2467 3719 μοσθένης
2493 3645 2547 3700 ἐν
2574 3647 2641 3720 τῇ
2682 3641 2813 3721 ὖπὲρ
2848 3639 3157 3719 Φορμίωνος
3194 3643 3535 3718 παραγραφῇ·
3568 3633 3640 3690 καὶ
3666 3631 3703 3684 ἓ*

2217 3733 2288 3808 τῇ
2312 3731 2440 3811 πρὸς
2464 3731 2752 3807 Ζηνόθεμιν
2770 3732 3093 3808 παραγραφῇ
3113 3726 3293 3807 φησίν·
3322 3753 3347 3779 ε.
3364 3728 3412 3786 οἱ
3428 3724 3480 3783 δὲ
3502 3713 3703 3781 δανεισταὶ

2902 3823 3687 3850 -—-.......-......---

2280 3965 2440 4014 Ἱππία
2468 3965 2657 4022 Ἀθηνᾶ.
2704 3967 2860 4014 Isaeus
2884 3963 2931 4012 in
2954 3897 3168 4013 iiii-itione
3196 3960 3424 4010 adversus
3449 3953 3699 4018 Calydonem·

2216 4035 2437 4084 Mnaseas
2462 4035 2509 4083 in
2540 4037 2743 4095 Europoe
2770 4033 2891 4081 libro
2924 4032 3077 4094 primo
3114 4031 3209 4093 (sr.
3231 4031 3299 4088 2)
3326 4031 3573 4080 Minervam
3601 4029 3703 4078 “1¹¹‘'

2140 4109 2143 4113 ’
2213 4107 2358 4152 strem
2383 4103 2589 4164 Neptuni
2619 4116 2723 4152 esse
2746 4101 2859 4151 dicit
2892 4101 3035 4150 filiam
3058 4103 3107 4150 et
3130 4100 3372 4160 Coryphae
3392 4101 3567 4146 Oceano
3590 4092 3700 4138 natae.

2214 4185 2421 4234 eamque
2470 4177 2739 4233 equestrem
2784 4175 3007 4222 vocatam
3051 4183 3157 4221 esse
3200 4169 3333 4232 quod
3378 4177 3559 4217 currum
3596 4158 3702 4221 prim

2214 4243 2509 4293 instruxerit.

2950 4307 3031 4352 79.

2279 4376 2545 4436 Κεφαλῆθεν
2564 4409 2577 4436 ,
2602 4387 2629 4423 e
2662 4371 2898 4436 cephale.
2920 4376 3069 4422 Isaeus
3100 4371 3147 4418 in
3170 4371 3387 4420 oratione
3410 4367 3612 4415 adversus
3640 4355 3701 4434 9²·

2219 4445 2461 4507 lydonern.
2502 4445 2709 4506 Cepliale
2738 4458 2883 4506 pagus
2916 4446 2991 4493 est
3042 4442 3373 4492 Acamantidis
3414 4437 3577 4492 tribus,
3606 4434 3705 4484 0⁰1⁸*

2218 4515 2337 4562 civis
2384 4513 2557 4564 dicitur
2600 4515 2886 4576 Κεφαλῆθεν,
2941 4525 2968 4562 e
3020 4511 3241 4574 cephale
3285 4506 3533 4558 oriundus
3553 4536 3567 4560 ι
3610 4497 3701 4545 25¹⁶

2218 4584 2447 4634 Diodoro.

2955 4647 3031 4691 80.

2282 4719 2496 4780 Χρῆσται
2533 4714 2631 4762 duo
2674 4713 2909 4762 contraria
2946 4709 3209 4774 significan
3238 4721 3349 4758 nam
3390 4709 3438 4756 et
3478 4699 3708 4754 feneratores

573 4771 728 4819 estad
761 4773 948 4832 portam
979 4771 1264 4821 Thriasiam.
1293 4770 1380 4820 Hic
1405 4770 1494 4820 fuit
1522 4771 1876 4820 Atheniensium
1907 4785 2084 4834 praeco,
2104 4786 2133 4821 a
2224 4785 2315 4834 hoc
2340 4786 2535 4834 nomin„
2558 4784 2799 4844 dicuntur,
2836 4786 2891 4832 ug
2918 4783 3045 4843 ,pud
3074 4783 3246 4830 Jsaeum
3290 4780 3336 4827 j„
3358 4777 3556 4826 ‘maone
3578 4767 3707 4817 adrer-

575 4841 934 4901 Megarensibus
978 4841 1256 4891 interfectus
1297 4839 1429 4903 quod
1469 4841 1527 4890 iis
1563 4841 1809 4890 interdixit
1852 4856 1910 4891 ne
1956 4844 2130 4891 terram
2223 4870 2306 4906 sus
2326 4856 2650 4918 Caiydonem,
2676 4857 2725 4902 01
2754 4853 2877 4916 apud
2905 4852 3273 4913 Arfggopbanem
3297 4850 3345 4897 in
3372 4846 3571 4898 Nubibus
3594 4833 3709 4900 (240).

576 4909 758 4961 deabus
780 4924 966 4960 sacram
985 4910 1214 4961 colerent.

1317 4991 1393 5039 77.

645 5062 746 5125 Ἀφ’
761 5065 916 5122 ἑστίας
942 5068 1172 5126 μυεῖσθαι.
1195 5069 1346 5116 isaeus
1369 5068 1416 5115 in
1439 5067 1654 5116 oratione
1677 5065 1907 5115 adversus
1930 5067 2137 5128 Calydo-

2224 4927 2361 4990 ⁶¹¹J¹¹S
2392 4926 2570 4974 verba:
2600 4943 2625 4966 «t
2652 4927 2771 4975 Nam
2805 4923 2866 4970 ab
2896 4923 3056 4970 usuris
3080 4924 3128 4970 et
3149 4919 3459 4969 creditoribus
3494 4901 3709 4986 moleslissi·

2227 4997 2320 5044 mis
2344 5009 2457 5056 agor
2487 4996 2710 5054 ferorque
2733 4995 2783 5042 et
2804 4993 2927 5041 bona
2955 5005 3059 5041 mea
3083 4991 3355 5052 oppignero.
3391 5007 3415 5030 ι·
3444 4989 3524 5036 Pru
3544 4979 3709 5028 debitore

2227 5067 2386 5114 autem
2412 5065 2460 5113 id
2488 5063 2770 5113 vocabulum
2798 5065 3081 5123 acceperunt
3114 5063 3219 5110 tum
3242 5060 3317 5108 alii
3353 5057 3605 5117 scriptores,
3632 5047 3707 5090 ΨΦ

585 5143 714 5181 nem.
777 5133 870 5188 Qui
900 5135 962 5183 ab
995 5135 1099 5196 ipso
1127 5135 1326 5184 dearum
1361 5136 1466 5185 foco
1493 5134 1788 5194 initiabatur,
1817 5135 1923 5197 inre
1958 5137 2139 5200 optimo
2230 5136 2570 5185 Demosthenes
2588 5135 2635 5182 in
2659 5134 2937 5193 exceptione
2962 5145 3047 5194 pro
3078 5131 3359 5179 Phormione
3386 5125 3431 5191 (ς
3451 5125 3521 5186 6);
3540 5125 3580 5168 0²
3608 5115 3647 5164 5⁰
3668 5121 3709 5156 ‘⁸

591 5202 890 5254 Atheniensis
906 5205 1035 5265 erat3
1067 5205 1340 5257 initiabatur
1365 5220 1479 5257 vero
1506 5209 1636 5257 sorte
1660 5207 1828 5257 lectus.

2230 5208 2398 5255 contra
2421 5203 2809 5255 zenothemidem
2830 5199 2890 5264 (§
2922 5205 3008 5264 12)
3038 5201 3155 5251 dicit
3178 5220 3189 5249 ι
3216 5219 3239 5242 «ι
3268 5199 3357 5250 sed
3393 5193 3617 5246 emitteres
3639 5184 3707 5230 ⁵1⁸·
