3825 5834
1507 398 2010 461 FRAGMENTA.

642 532 799 595 Ἰδιον
818 530 875 593 δὲ
915 530 1225 612 Ὑπερείδου
1255 531 1317 593 τὸ
1343 532 1433 591 καὶ
1469 540 1581 599 ταῖς
1604 530 1703 589 λέ-
1799 544 1994 589 ortum
2033 536 2104 589 sit
2145 554 2214 591 ex
2257 536 2496 591 Himerii
2537 538 2658 592 sive
2685 536 2912 595 Libanii
2943 538 3357 597 declamatione

149 534 357 595 σπάνιον
381 538 554 594 τοῦτο.

151 622 279 689 ξεσιν
300 621 662 703 ἀφειδέστερόν
694 644 807 689 πως
836 621 929 679 καὶ
950 620 1291 700 ἀμελέστερον
1318 624 1569 701 χρῆσθαι.

3241 416 3353 469 373

1800 623 2114 696 Hyperidis
2129 664 2146 693 ,
2169 624 2242 679 de
2266 642 2378 697 qua
2395 642 2566 698 supra
2587 624 2864 681 diximus?
2881 628 3184 683 Voemelius
3198 646 3358 694 vero,

226 714 511 786 Longinus
538 734 601 771 π.
631 708 789 789 ὕψους
816 730 867 769 c.
894 710 969 776 34
998 729 1014 766 ι
1046 706 1115 767 Ὁ
1136 707 1232 783 μὲν
1259 708 1363 788 γὰρ
1397 704 1704 785 Ὑπερείδης
1800 709 2040 785 diligens
2065 710 2332 767 codicum
2360 713 2935 769 Demosthenicorum
2967 732 3190 783 censor,
3215 716 3360 770 nihil

152 796 271 876 πρὸς
294 800 369 877 τῷ
409 797 585 855 πάντα
604 842 623 875 ,
656 797 753 865 ἔξω
780 818 841 873 γε
862 798 954 867 τῆς
976 794 1263 863 συνθέσεως
1281 838 1299 871 ,
1333 798 1607 871 μιμεῖσθαι
1633 795 1703 852 τὰ

154 885 505 963 Δημοσθένεια
532 884 920 966 κατορθώματα
944 882 1037 942 καὶ
1083 880 1179 950 τὰς
1201 881 1477 949 Λυσιακὸς
1512 884 1575 941 ἐκ
1600 904 1703 941 πε·-

152 980 311 1054 ριττοῧ
330 974 663 1057 περιείληφεν
682 971 870 1054 ἀρετάς
894 995 954 1031 τε
976 970 1069 1031 καὶ
1091 969 1337 1051 χάριτας·
1359 971 1449 1031 καὶ
1474 970 1579 1052 γὰρ
1604 972 1707 1029 λα-

150 1066 227 1121 λεῖ
260 1063 393 1139 μετὰ
421 1062 663 1143 ἀφελείας
681 1105 699 1138 ,
718 1060 840 1119 ἔνθα
859 1058 965 1140 χρή
982 1104 1003 1135 ,
1026 1060 1117 1118 καὶ
1137 1062 1196 1118 οὗ
1216 1059 1389 1120 πάντα
1412 1058 1529 1129 ἑξῆς
1548 1079 1707 1136 μονο-

150 1143 331 1213 τόνως,
373 1145 447 1209 ὣς
492 1146 523 1200 ὃ
565 1139 929 1217 Δημοσθένης,
956 1138 1133 1217 λέγει,
1173 1138 1235 1197 τό
1280 1161 1338 1197 τε
1368 1137 1547 1210 ἠθικὸν
1596 1138 1709 1218 ἔχει

152 1229 277 1306 μετὰ
302 1226 659 1307 γλυκύτητος,
675 1231 832 1297 λιτῶς
848 1226 1227 1307 ἔφηδυνόμενον
1244 1249 1257 1264 ·
1282 1225 1475 1305 ἄφατοί
1500 1248 1557 1285 τε
1586 1226 1707 1304 περὶ

153 1320 299 1378 αὐτόν
332 1322 467 1378 εἰσιν
492 1317 771 1395 ἀστεῖσμοί
783 1362 798 1388 ,
840 1315 1046 1396 μυκτὴρ
1074 1314 1485 1381 πολιτικώτατος
1498 1358 1517 1387 ,
1560 1313 1709 1391 εὐγέ-

152 1432 259 1467 νεια
276 1453 294 1483 ,
324 1408 385 1465 τὸ
406 1406 548 1466 κατὰ
576 1404 671 1473 τὰς
709 1403 974 1485 εἰρωνείας
1004 1402 1707 1479 εὐπάλαιστον,σκώμματα

150 1498 241 1555 οὐκ
266 1497 475 1573 ἄμουσα
498 1496 607 1554 οὐδ’
645 1494 897 1572 ἀνάγωγα
924 1492 1061 1553 κατὰ
1106 1491 1226 1560 τοὺς
1274 1490 1539 1558 Ἀττικοὺς
1566 1490 1709 1550 ἐκεί·

151 1606 289 1653 νους,
318 1582 440 1642 ἀλλ’
462 1581 793 1659 ἐπικείμενα·
821 1580 1106 1660 διασυρμός
1118 1604 1176 1641 τε
1200 1578 1447 1648 ἐπιδέξιος
1463 1580 1553 1639 καὶ
1576 1580 1709 1639 πολὺ

152 1671 209 1727 τὸ
230 1670 463 1747 κωμικὸν
490 1669 583 1728 καὶ
613 1670 749 1745 μετὰ
775 1670 987 1735 παιδιᾶς
1024 1667 1275 1748 εὗστόχου
1304 1667 1517 1744 κέντρον
1530 1715 1545 1741 ,
1574 1667 1709 1743 ἀμί-

153 1780 310 1832 μητον
340 1756 395 1815 δὲ
423 1758 591 1814 εἰπεῖν
614 1754 673 1814 τὸ
698 1758 751 1814 ἐν
774 1765 907 1815 πᾶσι
926 1756 1127 1823 τούτοις
1155 1757 1495 1836 ἐπαφρόδιτον
1512 1800 1528 1829 ,
1547 1754 1711 1814 οἰκτί-

154 1842 339 1903 σασθαί
360 1866 417 1902 τε
445 1843 897 1923 προσφυέστατος,
919 1844 997 1904 ἔτι
1026 1842 1079 1902 δὲ
1102 1845 1455 1921 μυθολογῆσαι
1486 1842 1713 1921 κεχυμέ-

155 1954 249 1996 νως
276 1931 366 1988 καὶ
390 1932 443 1989 ἐν
474 1934 615 2011 ὑγρῷ
646 1930 906 2007 πνεύματι
924 1930 1241 1999 διεξοδεῦσαί
1269 1934 1407 1990 ἐστιν
1433 1928 1712 2007 εὐκαμπὴς

155 2018 353 2096 ἄκρως,
375 2015 556 2095 ὥσπερ
602 2016 785 2095 ἀμέλει
810 2017 875 2077 τὰ
908 2017 1002 2094 μὲν
1040 2016 1165 2097 περὶ
1192 2018 1287 2091 τὴν
1314 2015 1478 2091 Δητὼ
1504 2039 1711 2087 ποιητι-

151 2103 351 2184 κώτερα
366 2150 381 2177 ,
404 2106 493 2164 τὸν
517 2104 571 2164 δὲ
599 2105 875 2183 ἐπιτάφιον
902 2106 1261 2172 ἐπιδεικτικῶς
1276 2152 1293 2181 ,
1313 2108 1385 2173 ὡς
1410 2107 1503 2164 οὐκ
1528 2095 1625 2164 οἷδ’
1664 2103 1713 2163 εἴ

154 2216 227 2259 τις
254 2195 439 2265 ἄλλος,
460 2192 679 2254 διέθετο.

229 2291 489 2346 Ceterum
530 2292 900 2366 Kiesslingius
924 2292 965 2351 l.
1020 2292 1060 2349 l.
1092 2310 1154 2365 p.
1202 2298 1311 2357 14⁰
1356 2292 1438 2347 ita
1482 2290 1655 2346 habet
1692 2310 1707 2345 ι

156 2402 183 2425 ⁴1
214 2380 508 2435 Laetabere
527 2397 689 2447 sane,
716 2379 876 2453 quod
906 2389 1021 2433 tam
1047 2379 1223 2433 multa
1246 2388 1304 2433 et
1322 2378 1435 2433 late
1465 2378 1583 2433 fusa
1604 2377 1713 2451 Hy-

152 2467 367 2539 peridis
390 2468 713 2521 orationum
738 2466 1051 2540 fragmenta
1084 2464 1160 2520 ad
1176 2484 1281 2520 nos
1310 2466 1707 2540 pervenerint,

148 2553 245 2608 sed
270 2554 599 2628 deplorabis
626 2571 889 2627 quoque,
914 2552 1075 2627 quod
1094 2572 1167 2609 ne
1184 2570 1301 2607 uua
1328 2553 1559 2627 quidem
1578 2554 1715 2607 inte-

149 2659 245 2713 gra
273 2652 497 2696 servata
514 2652 598 2697 est
616 2642 801 2696 oratio
817 2683 833 2711 ‚
851 2660 921 2695 ex
954 2659 1067 2714 qua
1096 2660 1235 2695 num
1260 2659 1393 2696 vere
1428 2640 1500 2695 de
1526 2642 1715 2714 Hype-

152 2730 275 2783 ride
322 2728 707 2801 judicaverint
748 2728 1001 2784 rhetores
1048 2729 1295 2802 perspici
1334 2729 1532 2803 possit.
1583 2729 1715 2783 Non

150 2836 386 2891 prorsus
408 2827 599 2873 autem
612 2818 839 2873 videtur
862 2834 989 2891 spes
1018 2816 1331 2887 abjicienda
1355 2834 1471 2872 esse
1500 2817 1621 2872 sore
1652 2828 1717 2873 ut

156 2908 211 2959 in
236 2907 603 2961 bibliothecae
623 2904 857 2976 alicujus
885 2905 1231 2959 obscuritate
1272 2903 1577 2979 Hyperidis
1598 2924 1717 2960 ora·

156 2994 335 3048 tiones
374 2994 609 3048 latentes
636 2991 947 3065 aliquando
972 3010 1045 3046 ex
1081 2992 1191 3046 situ
1219 2999 1276 3046 et
1304 2991 1548 3046 tenebris
1572 3008 1717 3065 pro-

152 3081 467 3140 trahantur.
516 3081 793 3153 Taylorus
838 3079 987 3134 enim
1036 3078 1254 3153 praesat.
1301 3078 1377 3134 ad
1424 3080 1715 3139 Demosth.

152 3169 267 3224 vol.
304 3169 397 3223 111
438 3166 703 3223 meminit
740 3166 983 3236 codicis,
1011 3184 1183 3240 quem
1222 3165 1553 3240 possederat
1579 3168 1718 3221 olim

150 3258 401 3312 Jacobns
436 3257 637 3312 {larris
686 3255 1107 3311 sarisberiensis
1148 3264 1207 3309 et
1255 3255 1356 3327 qui
1407 3253 1612 3309 deinde
1658 3257 1715 3309 iu

152 3364 350 3399 manus
386 3344 691 3399 devenerat
716 3342 1034 3399 Emanuelis
1056 3342 1318 3409 Martini,
1344 3342 1556 3395 Decani
1584 3342 1715 3396 Alo-

151 3433 365 3502 nensis,
398 3450 429 3486 a
450 3448 567 3504 quo
602 3430 838 3505 Epistol.
866 3430 965 3484 lib.
990 3431 1089 3497 vl,
1133 3447 1201 3483 ια
1228 3430 1307 3483 ita
1329 3426 1667 3483 describitur
1699 3448 1713 3485 τ

159 3546 185 3569 κ
216 3520 463 3577 Codices
504 3537 685 3594 porro
733 3536 904 3574 manu
950 3528 1210 3573 exaratos
1234 3527 1431 3572 nactus
1468 3536 1593 3573 sum
1618 3518 1718 3572 ali·

153 3620 290 3681 quot
308 3630 408 3682 ς...
440 3607 588 3662 alter
615 3607 985 3679 antiquorum
1014 3606 1309 3667 rhetorum
1338 3605 1567 3659 selectas
1599 3622 1721 3659 ora·

154 3698 333 3751 tionoe
356 3695 638 3765 continet,
662 3706 728 3749 ut
750 3694 1146 3751 Demosthenis
1161 3734 1177 3765 ‚
1199 3692 1458 3747 Aristidis
1474 3732 1491 3761 ‚
1526 3693 1720 3747 Hime-

156 3786 255 3856 rii,
284 3784 632 3858 Hyperidis,
662 3783 886 3839 Libanii
926 3801 941 3837 ε
974 3782 1069 3837 cui
1097 3779 1327 3852 adjectae
1359 3790 1489 3834 sunt
1520 3777 1719 3835 Philo-

154 3874 311 3927 strati
368 3871 499 3925 τίω
566 3869 959 3944 sophistarum
1023 3880 1081 3924 et
1153 3868 1405 3923 Platonis
1460 3866 1722 3940 Gorgias.

158 3960 397 4014 Videtur
440 3970 631 4014 autem
657 3959 752 4014 hic
794 3956 977 4013 codex
1020 3957 1189 4012 fuisse
1238 3957 1375 4010 olim
1414 3955 1722 4028 Nicephori

156 4050 455 4122 Gregorae,
479 4056 547 4101 ut
573 4044 822 4101 ostendit
848 4046 967 4118 ejus
1004 4044 1446 4118 chirographum
1476 4044 1548 4097 in·
1576 4044 1725 4099 inte-

158 4138 309 4193 riore
339 4134 539 4191 tabula
572 4135 709 4189 hinc
738 4134 871 4189 inde
892 4134 1190 4207 scriptum.
1219 4154 1243 4182 υ
1271 4133 1352 4186 Ex
1366 4131 1479 4186 hoc
1499 4130 1721 4203 codice,

160 4227 257 4297 qni
292 4240 675 4299 pergamenus
708 4220 815 4277 fuit
844 4232 903 4277 et
944 4221 1201 4277 melioris
1230 4230 1412 4293 notae,
1449 4220 1725 4291 Taylorus

162 4322 361 4369 nactus
416 4320 542 4366 ent
598 4334 623 4359 α
672 4310 969 4365 variantes
1030 4306 1480 4381 Philippicarum
1530 4305 1603 4364 lv
1650 4332 1675 4357 n
1705 4326 1723 4379 3

164 4420 337 4473 quum
358 4416 501 4455 vero
524 4394 806 4453 beneficio
828 4397 1061 4452 Martini
1084 4397 1158 4451 ad
1187 4396 1491 4470 Taylorum
1517 4394 1723 4452 Canta-

166 4486 407 4563 brigiam
422 4487 759 4553 mitteretur,
778 4495 844 4540 ut
860 4496 1173 4541 ceterarum
1194 4484 1515 4539 orationum
1543 4486 1726 4539 varias

165 4575 279 4649 ipse
306 4568 604 4642 αὗτολεξεί,
630 4582 696 4627 ut
720 4573 831 4641 ait,
862 4581 1221 4645 excerperet,
1258 4573 1317 4626 in
1356 4572 1553 4626 itinere
1577 4574 1723 4627 mala

166 4662 529 4734 quorundam
549 4658 663 4716 fide
694 4662 1043 4734 interceptus
1066 4669 1181 4728 est,
1212 4670 1269 4715 et
1288 4678 1355 4715 ex
1380 4676 1450 4713 eo
1478 4670 1728 4732 tempore

168 4749 265 4804 diu
286 4750 611 4820 frustraque
635 4764 668 4802 a
690 4748 937 4819 Tayloro
966 4748 1246 4819 quaesitus,
1278 4746 1416 4817 Quis
1433 4787 1450 4820 ,
1492 4746 1538 4800 si
1576 4748 1728 4801 oculi

172 4840 459 4893 Dccanum
486 4839 659 4892 istum
683 4854 801 4890 non
825 4835 1172 4910 fefellerunt,
1200 4853 1317 4890 non
1338 4853 1467 4889 cum
1485 4836 1727 4909 Tayloro

172 4926 567 4982 exclamaverit
594 4943 607 4977 :
645 4949 667 4971 ·
696 4924 861 4981 Hunc
890 4925 939 4977 si
966 4925 1091 4995 quis
1118 4924 1303 4979 adhuc
1334 4915 1487 4978 domi
1516 4924 1575 4977 in
1606 4925 1731 4999 plu·

174 5024 261 5069 teo
284 5013 658 5080 concluserit,
684 5012 772 5065 vel
812 5013 1011 5083 quovis
1032 5011 1210 5065 modo
1248 5009 1507 5065 fraudem
1553 5011 1691 5065 faxit
1710 5052 1725 5077 ,

174 5104 299 5157 Deae
348 5101 513 5157 Fidei
542 5114 703 5155 sacer
737 5108 878 5153 esto.
908 5122 933 5148 υ
969 5100 1055 5155 Me
1096 5099 1201 5153 hac
1230 5098 1289 5151 in
1328 5114 1390 5152 re
1434 5099 1727 5154 nominum

175 5190 481 5247 collocatio
536 5186 795 5244 offendit.
845 5186 993 5259 Quid
1010 5229 1026 5261 ,
1076 5188 1119 5241 si
1176 5186 1475 5261 Hyperidis
1517 5204 1725 5244 nomen

1796 796 1958 870 quod
1983 809 2144 853 antea
2165 816 2286 853 non
2303 797 2422 869 jam
2445 801 2736 875 cognitum
2767 800 2986 871 fuisset,
3011 801 3081 857 de
3113 802 3227 858 hoc
3248 822 3354 857 co-

1798 885 1929 941 dice
1947 904 2145 941 eruere
2169 888 2380 959 potuit.
2407 910 2432 935 υ

1876 996 1901 1023 ι
1934 970 2068 1029 Pari
2093 974 2274 1029 modo
2301 992 2428 1048 spes
2451 984 2648 1031 nostra
2689 976 2940 1033 eluditur
2973 977 3079 1033 alia
3111 977 3358 1051 quadarn

1796 1063 2066 1118 memoria
2101 1062 2200 1119 Jo.
2239 1062 2402 1119 Alex.
2446 1061 2784 1132 Brassicani,
2833 1066 2890 1119 in
2923 1064 3250 1138 praefatione
3285 1066 3360 1121 ad

1797 1147 2118 1203 salvianum
2144 1146 2261 1204 haec
2276 1151 2591 1207 narrantis:
2617 1175 2639 1199 ιι
2662 1150 2730 1207 In
2747 1150 3093 1206 bibliotheca
3116 1150 3362 1207 Budensi

1797 1236 2048 1291 Matthiae
2074 1237 2305 1292 Corvini
2329 1238 2476 1311 regis
2513 1238 2758 1293 vidimus
2788 1239 3070 1312 integrum
3107 1240 3360 1312 Hyperi-

1800 1323 1929 1379 dem
1959 1342 2090 1379 cum
2131 1324 2582 1397 locupletissimis
2613 1326 2868 1395 scholiis,
2916 1326 3123 1381 librum
3172 1328 3363 1382 multis

1798 1414 1969 1467 etiam
2017 1412 2276 1467 censibus
2307 1410 2723 1470 redimendum.
2759 1436 2780 1462 ι
2815 1414 3028 1467 Notum
3056 1424 3138 1469 est
3173 1424 3360 1469 autem

1798 1500 2206 1555 bibliothecam
2227 1499 2541 1555 Budensem
2563 1500 2812 1555 Matthiae
2836 1500 3066 1556 Corvini
3087 1520 3118 1556 a
3150 1501 3356 1557 Turcis

1800 1604 1920 1643 esse
1950 1588 2302 1643 combustam
2334 1605 2655 1663 paucasque
2673 1589 2942 1661 reliquias
2963 1588 3362 1643 vindobonam

1800 1692 1915 1731 esse
1952 1685 2391 1750 transportatas,
2424 1678 2484 1730 in
2515 1676 2722 1749 quibus
2769 1676 3120 1750 Hyperidem
3151 1676 3360 1731 frustra

1800 1764 2142 1836 quaesiveris.
2188 1765 2414 1819 Belinus
2463 1764 2652 1818 Ballus
2697 1765 2843 1821 Hist.
2889 1764 3052 1837 Eloq.
3086 1782 3171 1837 gr.
3203 1766 3253 1833 Ι,
3299 1782 3360 1838 p.

1804 1849 1915 1907 313
1945 1852 2266 1925 suspicatus
2293 1860 2380 1906 est
2413 1848 2748 1925 Euripidem
2777 1850 2942 1905 fuisse
2965 1868 2996 1905 a
3032 1851 3359 1907 Brassicano

1800 1938 2100 1995 confusum
2149 1958 2281 1995 cum
2319 1938 2609 2011 Hyperide
2651 1957 2663 1992 :
2713 1938 2875 2011 quod
2919 1941 3020 1993 etsi
3063 1940 3364 2013 aliquoties

1801 2026 2012 2081 factum
2043 2036 2152 2097 est,
2184 2044 2290 2081 nec
2317 2026 2411 2081 hic
2453 2025 2660 2080 factum
2698 2044 2814 2081 esse
2858 2027 3090 2100 probari
3136 2038 3360 2102 potest,

1800 2132 1938 2183 nec,
1967 2115 2012 2168 si
2037 2130 2236 2170 verum
2261 2122 2436 2179 esset,
2461 2110 2694 2184 jacturae
2725 2112 2984 2169 dolorem
3018 2134 3363 2189 magnopere

1798 2200 2022 2257 leniret.
2059 2226 2084 2251 ο

1880 2312 1904 2339 ι
1924 2289 2104 2345 Porro
2132 2290 2380 2365 Angelus
2397 2286 2608 2360 Majus,
2633 2288 2792 2363 quod
2813 2301 3006 2346 narrat
3025 2293 3089 2347 A.
3113 2290 3364 2345 Wester·

1798 2394 2040 2431 mannus
2079 2378 2220 2435 Hist.
2255 2377 2426 2449 Eloq.
2457 2394 2544 2450 gr.
2589 2394 2652 2450 p.
2692 2374 2828 2445 311,
2863 2376 3176 2451 Hyperidia
3217 2395 3367 2449 quae-

1802 2460 1936 2516 dam
1965 2464 2027 2517 in
2049 2462 2249 2519 codice
2271 2464 2638 2538 palimpsesto
2661 2462 2923 2520 Aristidis
2939 2506 2955 2533 ,
2995 2465 3056 2517 in
3093 2465 3366 2519 Vaticana

1800 2548 2152 2607 bibliotheca
2179 2562 2460 2607 asservato
2478 2593 2494 2621 ,
2525 2551 2634 2606 sibi
2664 2551 2938 2607 detexisse
2979 2553 3128 2607 visus
3149 2564 3265 2621 est,
3295 2552 3368 2607 dc

1806 2637 2016 2711 quibus
2039 2640 2102 2693 in
2127 2639 2580 2713 ephemeridibus
2619 2658 2746 2713 quae
2790 2639 3060 2694 dicuntur
3103 2640 3368 2694 Ge'omale

1802 2728 2095 2794 Arcadico,
2130 2744 2325 2783 mense
2349 2727 2656 2802 septembr.
2694 2746 2787 2786 nn.
2819 2726 2968 2782 1820
2993 2746 3056 2801 p.
3089 2725 3224 2802 339,
3257 2746 3366 2801 pu-

1802 2812 1949 2869 blice
1977 2816 2236 2888 quaedam
2255 2818 2500 2875 monuit.
2526 2839 2550 2867 ι

1882 2900 2022 2957 Post
2042 2904 2161 2959 haec
2191 2905 2430 2978 contigit
2457 2914 2520 2958 ut
2547 2920 2657 2958 una
2685 2902 2877 2957 saltem
2910 2901 3216 2975 Hyperidis
3239 2921 3368 2957 ora·

1804 2992 1885 3045 tio
1912 2993 2127 3067 integra
2147 2994 2496 3066 aliarumque
2519 2993 2758 3048 duarum
2783 2991 3077 3065 particulae
3096 2990 3153 3043 iu
3184 2990 3368 3043 lucem

1802 3081 2272 3153 protraherentur
2291 3088 2437 3137 unde
2451 3100 2618 3137 nemo
2642 3088 3022 3152 exspectaret3
3045 3076 3198 3132 haud
3219 3078 3368 3131 enim

1806 3186 1837 3223 e
1864 3168 2228 3225 bibliothecis
2267 3172 2473 3226 uostris
2501 3170 2600 3226 sed
2645 3166 2914 3243 AEgyptiis
2947 3184 3014 3223 ex
3063 3166 3372 3241 σωματοθή-

1805 3276 1922 3319 καις
1949 3267 2352 3329 provenerunt.
2373 3258 2598 3312 Scilicet
2625 3272 2778 3309 anno
2809 3254 2954 3324 1847
2975 3254 3054 3312 Ἀ.
3084 3253 3144 3309 C.
3177 3254 3372 3309 Hatris

1807 3344 2109 3399 voluminis
2133 3345 2441 3421 papyracei
2465 3344 2540 3400 ad
2557 3344 2778 3399 Thebas
2795 3344 3007 3416 reperti
3029 3342 3371 3416 particulam

1805 3435 1877 3489 ab
1933 3437 2120 3492 Arabe
2167 3436 2417 3510 quodam
2451 3437 2618 3504 emit,
2675 3446 2732 3491 et
2773 3432 3102 3490 Londinum
3145 3434 3370 3488 allatam

1806 3533 1928 3578 arte
1962 3524 2378 3599 lithographica
2408 3524 2469 3577 in
2509 3522 2774 3579 undecim
2822 3521 3026 3576 tabulis
3047 3521 3372 3595 exprimen-

1807 3609 1941 3664 dam
1990 3611 2214 3667 cumvit
2261 3610 2628 3685 (Fragments
2663 3607 2742 3681 of
2765 3628 2842 3663 an
2883 3613 3101 3663 orau'on
3145 3612 3374 3681 against

1807 3698 2206 3753 Demosthenes
2231 3702 2547 3771 res-pectitvg
2575 3696 2670 3751 the
2719 3714 2916 3767 money
2955 3691 3034 3765 of
3056 3697 3366 3769 Harpalus.

1807 3784 2122 3841 Publisked
2137 3786 2210 3857 by
2229 3788 2302 3843 A.
2331 3785 2395 3843 C.
2416 3786 2610 3839 Hatris
2629 3782 2709 3853 of
2711 3788 2764 3839 A
2768 3784 3069 3839 texandria
3090 3784 3178 3837 M.
3205 3784 3273 3840 R.
3302 3784 3350 3841 S
3349 3822 3376 3843 ε

1808 3874 1877 3931 L.
1910 3874 2140 3928 london
2171 3872 2320 3938 1848
2350 3868 2599 3947 in-fol.).
2635 3873 2901 3927 Continet
2923 3888 3196 3945 papyrus,
3236 3888 3364 3943 pes·

1808 3961 1947 4015 sime
1969 3961 2064 4015 ille
2089 3969 2408 4033 temporum
2441 3958 2651 4029 injuria
2676 3959 2939 4027 affectus,
2971 3959 3197 4012 lacinias
3236 3975 3372 4013 ona-

1811 4047 1982 4102 tionis
2031 4056 2231 4102 contra
2277 4046 2716 4103 Demosthenem
2757 4048 2816 4100 in
2857 4064 3024 4101 causa
3066 4046 3370 4119 Harpalica

1810 4135 2047 4205 habitae,
2083 4145 2255 4207 atque
2301 4133 2614 4209 fragmenta
2642 4134 2914 4189 orationis
2946 4144 3144 4188 contra
3179 4136 3370 4207 Lyco-

1810 4222 2110 4297 phronem.
2151 4222 2370 4280 Deinde
2415 4224 2529 4279 Jos.
2574 4222 2855 4277 Ardenius
2899 4239 3050 4275 anno
3088 4218 3235 4275 1852
3264 4239 3372 4295 pet

1812 4308 2060 4366 Orientis
2071 4318 2246 4364 terras
2265 4310 2373 4363 iter
2396 4307 2601 4363 faciens
2614 4310 2776 4365 aliam
2794 4308 3048 4380 ejusdem
3067 4308 3373 4363 uoluminis

1811 4397 2121 4471 papyracei
2149 4404 2372 4469 partem
2405 4398 2542 4451 emit
2591 4413 2623 4451 a
2671 4396 2898 4452 duobus
2924 4396 3238 4464 Arabibus,
3273 4397 3374 4468 qui

1813 4494 2102 4558 repertum
2129 4482 2401 4539 volumen
2447 4500 2562 4539 esse
2609 4481 2877 4539 dicebant
2921 4485 2980 4537 in
3021 4482 3374 4557 sarcophago

1816 4570 2064 4643 quodam
2087 4570 2330 4643 sepulcri
2363 4588 2546 4644 prope
2570 4570 2800 4625 Thebas
2811 4571 2921 4624 siti.
2945 4571 3194 4625 Alteram
3225 4568 3372 4624 hanc

1812 4667 2034 4731 partem
2082 4656 2280 4711 libello
2330 4656 2790 4731 splendidissimo
2839 4655 3021 4711 edidit
3054 4654 3374 4729 Babington

1817 4742 2084 4819 (London
2117 4742 2285 4819 1853)
2312 4754 2366 4800 et
2389 4744 2696 4819 posthunc
2717 4743 3197 4802 Schneidewinus.
3226 4746 3380 4800 lnest

1816 4834 2001 4889 oratio
2035 4850 2142 4906 pro
2182 4834 2514 4907 Euxenippo
2551 4831 2774 4907 integra
2797 4874 2812 4900 ,
2844 4842 2902 4887 et
2950 4832 3224 4886 orationis
3261 4852 3372 4907 pro

1814 4920 2193 4994 Lycophrone
2213 4920 2374 4975 dictae
2393 4938 2524 4994 pars
2549 4921 2850 4994 posterior.
2879 4920 3144 4975 Auctoris
3161 4938 3376 4977 nomen

1818 5012 1912 5066 etsi
1935 5011 1995 5064 in
2027 5027 2249 5085 papyro
2269 5026 2390 5064 non
2415 5019 2682 5083 apparet,
2718 5017 2904 5063 tamen
2935 5006 3240 5081 Hyperidis
3263 5025 3372 5063 nos

1818 5101 2106 5155 orationes
2137 5110 2332 5154 tenere
2373 5097 2766 5171 compluribus
2807 5098 2944 5151 locis
2983 5114 3126 5169 quos
3169 5114 3237 5151 ex
3283 5097 3371 5163 iis,

1819 5188 2018 5245 addito
2047 5188 2290 5244 auctoris
2307 5188 2567 5257 nomine,
2593 5182 2944 5262 grammatici
2973 5185 3240 5259 laudant,
3266 5184 3372 5241 do-
