3825 5834
1678 305 1711 336 0

516 570 775 630 πτεύσατε
786 570 1085 646 διενεχθῆνα
1092 590 1205 641 i,—
1218 567 1455 639 τοιαύτης
1471 569 1516 625 δ’
1538 566 1897 644 ἐμπιπτούσης
1912 589 2073 648 ταρα·

440 681 491 722 τε
516 662 615 737 χ’ῆς
634 655 768 733 μετὰ
785 659 889 715 τῶν
912 653 1190 736 συμφύτων
1210 655 1546 730 νοσημάτων,
1569 657 1711 734 αὑτῷ
1730 655 1835 726 ἤδη
1850 654 1918 713 τὰ
1939 654 2072 731 μετὰ

515 751 685 805 ταῦτα
723 741 1028 804 έδουλεύετο
1047 787 1063 814 ,
1094 742 1229 819 μετὰ
1258 741 1451 808 δειλίας
1484 741 1575 800 καὶ
1611 747 1705 814 τῆς
1736 742 1865 820 πρὸς
1902 743 2072 801 Φιλο-

518 833 715 913 κράτην
730 832 863 911 ὑπὲρ
882 835 975 903 τῆς
996 828 1309 908 δωροδοκίας
1326 829 1640 901 ζηλοτυπίας
1654 873 1671 900 ,
1698 828 1790 888 καὶ
1816 827 2073 906 ἡγήσατο,

515 923 561 977 εἰ
578 923 681 978 τῶν
715 917 1214 998 συμπρεσὸευόντων
1242 915 1447 976 καὶτοῦ
1471 915 1751 977 Φιλίππου
1781 916 2073 995 κατήγορος

518 1006 805 1086 ἀναφανείη
821 1051 840 1081 ,
867 1004 953 1063 τὸν
975 1001 1069 1081 μὲν
1097 1001 1430 1082 Φιλοκράτην
1450 1003 1720 1082 προδήλως
1746 1003 2073 1074 ἀπολεῖσθαι,

515 1090 633 1158 τοὺς
661 1091 711 1151 δὲ
747 1091 935 1158 ἄλλους
958 1087 1311 1169 συμπρέσὸεις
1338 1089 1705 1166 κινδυνεύσειν,
1731 1086 1882 1154 αὐτὸς
1920 1089 1966 1146 δ’
1991 1090 2074 1146 εὖ·

516 1179 815 1256 δοκιμήσειν
854 1177 943 1235 καὶ
990 1177 1243 1255 προδότης
1276 1173 1346 1234 ὢν
1384 1179 1487 1234 τῶν
1518 1174 1681 1254 φίλων
1723 1173 1817 1233 καὶ
1854 1174 2076 1252 πονηρὸς

434 1290 489 1329 ao
514 1267 697 1333 πιστὸς
718 1269 793 1346 τῷ
822 1265 975 1344 δήμῳ
998 1264 1341 1344 φανήσεσθαι.
1391 1268 1477 1342 (aa)
1520 1263 1835 1330 Κατιδόντες
1854 1263 1898 1322 δ’
1922 1261 2076 1321 αὐτὸν

514 1357 561 1412 οῖ
608 1357 673 1433 τῇ
714 1357 809 1424 τῆς
846 1353 1046 1419 πόλεως
1086 1353 1565 1432 προσπολεμοῦντες
1614 1352 1809 1431 ἡσυχία
1857 1349 2074 1428 ἄσμενοι

514 1439 845 1521 παρεκάλουν
886 1439 974 1498 ἐπὶ
1018 1438 1083 1504 τὸ,
1125 1443 1272 1519 βῆμα
1288 1483 1305 1511 ,
1348 1439 1435 1496 τὸν
1483 1439 1637 1516 μόνον
1678 1437 2073 1518 ἀδωροδόκητον

514 1525 853 1603 ὀνομάζοντες
877 1529 943 1604 τῇ
974 1525 1155 1584 πόλει·
1185 1529 1216 1585 δ
1240 1525 1293 1584 δὲ
1318 1547 1393 1583 πα
1432 1525 1521 1582 ιὼν
1556 1523 1723 1606 ἀρχὰς
1749 1524 1924 1589 αὐτοῖς
1957 1524 2069 1580 ἐνε-

514 1613 655 1672 δίδου
677 1611 911 1688 πολέμου
928 1611 1018 1670 καὶ
1039 1616 1297 1692 ταραχῆς.
1344 1616 1393 1672 Ο
1428 1610 1512 1678 τός
1540 1615 1697 1683 ἐστιν,
1716 1599 1760 1668 ὦ
1798 1609 2074 1681 Ἀθηναῖοι,

514 1704 543 1758 ὁ
577 1703 779 1779 πρῶτος
814 1697 1032 1778 ἐξευρὼν
1076 1698 1291 1778 Σέρριον
1334 1702 1506 1778 τεῖχος
1546 1698 1637 1756 καὶ
1683 1698 1938 1775 Δορίσκον
1981 1695 2072 1755 καὶ

514 1785 801 1866 Ἐργίσκην
845 1785 935 1844 καὶ
979 1785 1283 1864 Μυρτίσκην
1338 1784 1429 1842 καὶ
1476 1785 1642 1851 Γάνος
1698 1784 1787 1842 καὶ
1831 1783 2030 1844 Γανίδα
2052 1825 2071 1857 ,

516 1873 689 1954 χωρία
716 1863 789 1930 ὧν
816 1871 933 1932 οὐδὲ
958 1870 1025 1930 τὰ
1057 1871 1291 1949 ὀνόματα
1310 1871 1522 1948 ᾔδειμεν
1567 1871 1829 1950 πρότερον.
1866 1869 1975 1930 Καὶ
2005 1872 2075 1935 εἷς

434 1985 487 2024 25
516 1965 667 2018 τοῦτο
692 1959 859 2040 φέρων
887 1955 1195 2038 περιέστησε
1224 1957 1290 2016 τὰ
1318 1957 1633 2037 πράγματα,
1657 1956 1783 2014 ὥστ’
1810 1959 1853 2014 εἰ
1878 1955 1972 2032 μὲν
1999 1955 2072 2032 μὴ

515 2043 716 2122 πέμποι
736 2043 1005 2112 Φίλιππος
1023 2043 1295 2126 πρέσὸεις,
1320 2051 1659 2125 καταφρονεῖν
1684 2043 1837 2102 αὐτὸν
1863 2043 1960 2121 ἔφη
1983 2047 2077 2113 τῆς

513 2134 740 2206 πόλεως,
776 2135 822 2192 εἰ
852 2132 907 2191 δὲ
948 2131 1178 2208 πέμποι,
1208 2131 1567 2199 κατασκόπους
1608 2130 1833 2206 πέμπειν
1874 2130 1989 2188 ἀλλ’
2018 2133 2075 2189 οὗ

512 2219 777 2300 πρέσὸεις.
866 2221 957 2298 (8³)
990 2221 1057 2282 Εἰ
1084 2218 1139 2278 δὲ
1168 2219 1461 2298 ἐπιτρέπειν
1488 2217 1651 2277 ἐθέλοι
1684 2217 1833 2276 πόλει
1860 2217 1960 2275 τινὶ
1985 2216 2074 2295 ἴσῃ

514 2307 605 2366 καὶ
628 2307 783 2389 ὁμοία
805 2307 926 2385 περὶ
952 2310 1055 2365 τῶν
1084 2305 1453 2384 ἐγκλημάτων,
1480 2309 1573 2364 οὐκ
1600 2299 1731 2365 εἶναι
1759 2305 1941 2385 κριτὴν
1966 2305 2076 2364 ἴσον

513 2395 641 2471 ἡμῖν
669 2394 769 2471 ἔφη
797 2393 887 2452 καὶ
908 2393 1187 2473 Φιλίππῳ.
1270 2391 1577 2464 Ἁλόννησον
1604 2393 1795 2453 ἐδίδου·
1818 2397 1847 2450 ὁ
1869 2393 1914 2451 δ’
1939 2395 2076 2462 ἀπη-

515 2481 694 2560 γόρευε
723 2481 797 2556 μὴ
825 2481 1135 2556 λαμὸάνειν,
1167 2483 1211 2537 εἰ
1240 2481 1445 2538 δίδωσιν
1474 2479 1610 2538 ἀλλὰ
1641 2479 1715 2556 μὴ
1754 2481 2073 2554 ἀποδίδωσι,

437 2589 491 2627 ao
518 2566 639 2648 περὶ
668 2565 942 2626 συλλαὸῶν
972 2565 1355 2646 διαφερόμενος.
1445 2568 1550 2626 Καὶ
1580 2567 1637 2624 τὸ
1654 2570 1948 2626 τελευταῖον
1971 2589 2080 2625 στε-

518 2651 762 2734 φανώσας
800 2651 919 2720 τοὺς
952 2651 1085 2729 μετὰ
1114 2651 1485 2730 Ἀριστοδήμου
1526 2655 1595 2720 εἰς
1636 2653 1933 2713 Θετταλίαν
1986 2651 2076 2712 καὶ

518 2737 834 2817 Μαγνησίαν
866 2737 1012 2819 παρὰ
1038 2737 1130 2804 τὰς
1161 2740 1252 2807 τῆς
1292 2737 1497 2815 εἰρήνης
1541 2739 1797 2810 συνθήκας
1824 2741 2078 2820 ἐπιστρα-

516 2822 799 2892 τεύσαντας
824 2823 919 2896 τὴν
961 2823 1053 2899 μὲν
1084 2820 1289 2902 εἰρήνην
1320 2823 1521 2884 διέλυσε
1542 2869 1557 2898 ,
1587 2823 1684 2896 τὴν
1713 2825 1767 2883 δὲ
1805 2825 2076 2906 συμφορὰν

518 2915 609 2972 καὶ
636 2911 723 2970 τὸν
746 2911 975 2988 πόλεμον
1003 2909 1418 2990 παρεσκεύασεν.

597 3018 672 3059 st.
718 2997 853 3071 Ναί,
892 2996 1027 3056 ἀλλὰ
1067 2999 1282 3076 χαλκοῖς
1327 2997 1416 3056 καὶ
1446 2997 1808 3074 ἀδαμαντίνοις
1835 2997 2078 3078 τείχεσιν,

511 3090 583 3153 ὡς
610 3085 762 3151 αὗτός
788 3108 953 3166 φησι,
978 3083 1074 3158 τὴν
1103 3083 1282 3164 χώραν
1311 3089 1463 3162 ἡμῶν
1494 3084 1740 3165 ἐτείχισε,
1764 3091 1827 3162 τῇ
1853 3089 1956 3142 τῶν
1987 3087 2080 3144 Εὖ-

517 3173 675 3232 6οέων
697 3173 787 3232 καὶ
809 3172 1062 3243 Θηὸαίων
1079 3173 1379 3254 συμμαχίᾳ.
1410 3173 1572 3246 Ἀλλ’,
1598 3153 1936 3248 ιθἈθηναῒοι,
1960 3174 2080 3251 περὶ

438 3282 493 3323 aa
518 3265 684 3320 ταῦτα
712 3260 829 3340 τρία
861 3259 1081 3336 μέγιστα
1109 3257 1354 3330 ἠδίκησθε
1384 3259 1473 3317 καὶ
1502 3259 1732 3333 μάλιστα
1764 3257 2077 3338 ἠγνοήκατε.

520 3347 772 3408 Σπεύδων
808 3348 855 3404 δ’
883 3348 1046 3404 εἰπεῖν
1084 3345 1205 3424 περὶ
1240 3350 1332 3417 τῆς
1368 3346 1615 3423 μεγίστης
1648 3346 1956 3426 συμμαχίας
1983 3349 2080 3416 τῆς

517 3437 623 3493 τῶν
669 3431 945 3506 Θηὸαίων,
994 3431 1062 3490 ἵν’
1103 3430 1283 3511 ἐφεξῆς
1326 3431 1489 3506 εἴπω,
1530 3432 1648 3510 περὶ
1692 3435 1795 3490 τῶν
1838 3431 2078 3493 Εὗὸοέων

516 3524 723 3604 πρῶτον
751 3519 1139 3597 μνησθήσομαι.
1718 3535 1729 3546 ·

592 3629 667 3671 88.
715 3608 900 3687 Ὑμεῖς
921 3596 1101 3688 γάρμῗ)
1124 3607 1403 3679 Ἀθηναῖοι,
1420 3606 1590 3666 πολλὰ
1610 3605 1700 3664 καὶ
1726 3605 1933 3683 μεγάλα
1960 3607 2076 3676 ἠδι-

514 3697 730 3775 κημένοι
758 3696 859 3754 ὑπὸ
886 3695 1213 3776 Μνησάρχου
1237 3700 1328 3754 τοῦ
1364 3692 1697 3766 Χαλκιδέως,
1722 3699 1811 3752 τοῦ
1845 3692 2080 3753 Καλλίου

514 3785 605 3843 καὶ
630 3781 1013 3864 Ταυροσθένους
1034 3783 1255 3862 πατρός,
1284 3781 1368 3848 οὒς
1392 3771 1535 3848 οὗτος
1562 3779 1879 3857 νυνὶμισθὸν
1898 3777 2078 3838 λαὸὼν

516 3869 812 3942 Ἀθηναίους
841 3859 971 3928 εἶναι
1001 3871 1173 3950 τολμᾷ
1197 3867 1429 3950 γράφειν,
1463 3867 1551 3926 καὶ
1579 3867 1734 3925 πάλιν
1766 3867 1863 3926 ὑπὸ
1905 3868 2080 3944 Θεμί-

438 3981 493 4018 εο
520 3980 677 4023 σωνος
698 3961 787 4015 τοῦ
810 3953 1112 4034 Ἐρετριέως
1127 3999 1141 4026 ,
1162 3953 1216 4021 ὃς
1240 3959 1390 4030 ἡμῶν
1413 3955 1621 4034 εἰρήνης
1648 3953 1801 4026 οὔσης
1830 3952 2078 4032 Ὠρωπὸν

520 4043 759 4124 ἀφείλετο
772 4087 789 4114 ,
807 4041 1001 4101 τούτων
1022 4041 1223 4108 ἑκόντες
1235 4041 1617 4117 ἐπιλαθόμενοι,
1634 4039 1812 4112 ἐπειδὴ
1832 4040 2078 4111 διέόησαν

518 4134 590 4199 εἰς
620 4128 849 4193 Εὔὸοιαν
878 4128 1110 4202 Θηὸαἶοι
1132 4127 1631 4188 καταδουλώσασθαι
1653 4128 1745 4194 τὰς
1766 4129 1944 4194 πόλεις
1964 4151 2077 4185 πει-

520 4218 767 4299 ρώμενοι,
784 4220 835 4276 ἐν
854 4217 1008 4275 πέντε
1028 4215 1247 4296 ἡμέραις
1276 4216 1595 4288 ἐὸσηθήσατε
1620 4216 1793 4280 αὐτοῖς
1818 4213 1909 4272 καὶ
1927 4213 2079 4272 ναυσὶ

518 4306 609 4364 καὶ
632 4307 817 4383 πεζικῇ
838 4303 1083 4380 δυνάμει,
1104 4303 1194 4362 καὶ
1215 4303 1332 4383 πρὶν
1361 4303 1615 4385 τριάκονθ’
1640 4301 1841 4379 ἡμέρας
1864 4302 2077 4359 διελθεῖν

518 4391 869 4458 ὑποσπόνδους
912 4389 1179 4461 Θηὸαίους
1224 4390 1491 4470 ἀφήκατε,
1519 4389 1685 4469 κύριοι
1717 4393 1807 4458 τῆς
1856 4385 2079 4478 Εὖὸοίας

517 4479 809 4557 γενόμενοι,
837 4477 927 4538 καὶ
955 4477 1047 4544 τάς
1082 4501 1137 4536 τε
1170 4477 1343 4544 πόλεις
1368 4477 1530 4542 αὐτὰς
1556 4477 1647 4534 καὶ
1688 4473 1781 4541 τὰς
1818 4474 2080 4542 πολιτείας

438 4584 507 4634 66
525 4569 743 4628 ἀπέδοτε
786 4569 945 4647 ὀρθῶς
988 4564 1078 4624 καὶ
1120 4565 1327 4631 δικαίως
1386 4567 1491 4631 τοῖς
1536 4561 2079 4643 παρακαταθεμένοις,

517 4657 616 4735 οὐχ
642 4653 917 4732 ἡγούμενοι
944 4654 1140 4712 δίκαιον
1166 4643 1299 4710 εἶναι
1328 4651 1421 4722 τὴν
1449 4649 1604 4730 ὀργὴν
1634 4647 2078 4725 ἀπομνημονεύειν

520 4744 573 4801 ἐν
598 4746 674 4823 τῷ
702 4745 1062 4812 πιστευθῆναι.
1150 4740 1243 4816 (ss)
1282 4739 1389 4798 Καὶ
1428 4739 1699 4808 τηλικαῦθ’
1733 4739 1817 4816 ὑφ’
1846 4738 1991 4811 ὑμῶν
2021 4727 2079 4794 εὗ

518 4829 824 4897 πεπονθότες
846 4831 893 4888 οἱ
920 4827 1199 4892 Χαλκιδεῖς
1220 4827 1280 4883 οὗ
1303 4824 1395 4892 τὰς
1433 4822 1613 4901 ὁμοίας
1656 4825 1777 4898 ὑμῖν
1818 4818 2076 4878 ἀπέδοσαν

517 4915 771 4996 χάριτας,
814 4917 932 4973 ἀλλ’
979 4912 1157 4985 ἐπειδὴ
1204 4911 1430 4992 τάχιστα
1474 4909 1678 4980 διέὸητε
1731 4911 1800 4974 εἰς
1848 4906 2076 4967 Εὗὸοιαν

522 5001 851 5082 Πλουτάρχῳ
896 5000 1235 5080 βοηθήσοντες
1254 5041 1271 5074 ,
1315 4996 1432 5064 τοὺς
1460 4995 1553 5073 μὲν
1589 4995 1821 5074 πρώτους
1866 4995 2078 5074 χρόνους

454 5111 479 5148 ε
521 5089 638 5148 ἀλλ’
662 5077 751 5145 οὗν
776 5087 1165 5166 προσεποιοῦνθ’
1195 5087 1315 5159 ὑμῖν
1344 5073 1476 5142 εἶναι
1502 5083 1673 5162 φίλοι,
1700 5079 1879 5150 ἐπειδὴ
1904 5080 1959 5138 δὲ
1984 5082 2076 5138 τά·

516 5197 675 5255 χιστα
705 5175 775 5239 εἰς
801 5173 1051 5250 Ταμύνας
1077 5171 1412 5251 παρήλθομεν
1437 5169 1525 5226 καὶ
1553 5168 1612 5228 τὸ
1646 5167 1931 5229 Κοτύλαιον
1961 5171 2070 5226 ὀνο-

1432 433 1799 494 ΑΙΣΧΙΝΟΥ
1840 434 1891 495 0
1937 436 2144 496 ΚΑΤΑ
2195 437 2775 500 ΚἸῊΣΙΦΩΝΤΟΣ.

3417 447 3724 524 (mm-i

2161 578 2410 631 dissentire
2425 584 2810 646 suspicabamini,
2831 611 2893 622 --
2907 585 2980 636 liis
2997 585 3139 648 igitur
3181 588 3336 638 turbis
3357 589 3602 651 excitatis,
3643 605 3732 653 pm

2163 662 2312 711 insitis
2337 663 2380 711 ei
2421 664 2549 714 vitiis
2569 669 2620 715 et
2651 667 2823 717 innatis
2857 669 3054 718 consilia
3099 669 3198 729 jam
3241 669 3354 719 inde
3391 671 3562 732 inivit,
3613 686 3730 734 qua!

2163 745 2248 808 ipsi
2289 747 2519 809 suggessit
2558 749 2788 800 timiditas
2837 753 2886 800 et
2933 751 3260 802 Philocraticae
3291 754 3562 816 largitionis
3603 755 3732 804 invi-

2162 826 2266 889 dia,
2305 829 2718 894 existimavitque,
2764 834 2806 882 si
2847 847 3019 883 eorum
3062 836 3354 898 quibuscum
3397 851 3494 886 una
3535 838 3732 900 legatus

2165 915 2319 967 suerat
2363 919 2412 966 et
2443 919 2644 982 Philippi
2677 924 3004 971 accusatorem
3049 935 3100 974 se
3143 923 3446 985 prmstiterit,
3479 927 3732 976 Philocra-

2163 1004 2260 1052 tem
2274 1004 2469 1066 quidem
2491 1007 2614 1056 citra
2633 1007 2834 1057 dubium
2857 1011 3124 1071 periturum
3138 1046 3154 1072 ,
3173 1015 3224 1060 et
3242 1013 3450 1076 reliquos
3469 1014 3656 1076 legatos
3679 1017 3732 1064 in

2163 1089 2416 1140 discrimen
2447 1097 2707 1154 venturos,
2747 1109 2799 1146 se
2835 1109 2952 1146 vero
2999 1098 3198 1159 gloriam
3234 1105 3612 1150 consecuturum
3649 1107 3732 1160 et,

2163 1177 2427 1228 amicorum
2445 1179 2658 1242 proditor
2679 1195 2830 1244 quum
2851 1186 2974 1233 esset
2995 1188 3043 1234 et
3067 1185 3340 1248 improbus,
3369 1187 3518 1237 animi
3559 1193 3732 1240 tamen

2166 1263 2214 1312 in
2264 1266 2495 1327 populum
2529 1266 2787 1318 fidelissimi
2831 1272 3037 1332 speciem
3075 1271 3368 1322 habiturum.
3436 1275 3539 1337 (82)
3577 1278 3734 1337 Cujus

2163 1352 2358 1400 consilia
2375 1365 2526 1414 quum
2551 1355 2898 1415 perspexissent
2917 1357 2946 1405 ii
2971 1357 3052 1420 qui
3071 1359 3468 1420 tranquillitatem
3483 1363 3732 1423 publicam

2163 1439 2530 1502 oppugnabant,
2555 1441 2696 1492 avide
2723 1456 2835 1492 eum
2867 1445 3174 1494 accensebant
3191 1446 3239 1494 in
3264 1451 3536 1509 suggestum
3552 1485 3569 1510 ,
3595 1451 3734 1500 hunc

2163 1526 2320 1574 solum
2361 1525 2410 1576 in
2439 1528 2633 1578 civitate
2673 1531 2878 1592 pecunia
2922 1531 3254 1596 incorruptum
3293 1535 3614 1596 praedicantes
3637 1559 3650 1586 ε
3691 1540 3734 1586 is

2165 1625 2279 1662 vero
2307 1627 2583 1676 progressus
2618 1617 2666 1664 in
2698 1617 2908 1666 medium
2942 1617 3074 1667 initia
3107 1619 3175 1669 eis
3205 1621 3588 1673 subministravit
3616 1626 3730 1675 belli

2164 1713 2222 1749 ac
2239 1703 2494 1752 tumultus.
2559 1704 2649 1752 Hic
2667 1704 2746 1753 ille
2760 1707 2850 1764 est,
2873 1705 3196 1766 Athenienses,
3216 1708 3298 1770 qui
3315 1709 3498 1769 primus
3511 1713 3730 1760 serr-inm

2165 1801 2386 1850 murum,
2409 1790 2660 1840 Doriscum
2676 1826 2693 1852 ,
2721 1792 2989 1854 Ergiscam,
3015 1794 3316 1855 Myrtiscam,
3349 1799 3512 1846 Ganos
3539 1801 3590 1846 et
3623 1803 3726 1848 Ga-

2165 1874 2326 1926 nidem
2355 1877 2564 1938 invenit,
2583 1879 2686 1928 ioca
2706 1891 2914 1941 quorum
2935 1893 2996 1929 ne
3027 1882 3220 1930 nomina
3244 1882 3437 1944 quidem
3463 1889 3610 1934 antea
3637 1901 3730 1934 no·

2164 1976 2398 2014 veramus.
2463 1968 2630 2027 quue
2655 1965 2850 2015 tandem
2869 1979 2943 2015 res
2964 1970 3151 2017 nostras
3165 1968 3370 2032 redegit,
3389 1973 3446 2020 ut
3467 1972 3510 2020 si
3529 1973 3730 2034 quidem

2166 2050 2408 2112 Philippus
2433 2051 2614 2114 legatos
2633 2065 2730 2102 non
2755 2054 2965 2104 mitteret
2989 2091 3004 2116 ,
3027 2056 3268 2104 contemni
3301 2056 3362 2104 ab
3394 2071 3452 2106 eo
3479 2060 3730 2110 civitatem

2165 2139 2402 2199 nostram,
2430 2139 2504 2186 sin
2545 2140 2784 2202 mitteret,
2822 2140 3174 2202 exploratores,
3209 2155 3304 2191 non
3345 2145 3562 2206 legatos,
3599 2149 3729 2197 mitti

2166 2223 2364 2284 diceret;
2389 2227 2485 2286 (83)
2507 2227 2546 2276 si
2563 2227 2702 2276 veliet
2724 2227 2806 2276 ille
2833 2227 3016 2276 civitati
3031 2228 3176 2278 alicui
3189 2241 3342 2292 aequae
3362 2235 3412 2280 et
3433 2231 3483 2280 in
3504 2237 3730 2284 neutram

2165 2315 2350 2374 partem
2368 2324 2613 2374 propensae
2626 2315 2972 2364 controversias
2987 2314 3318 2377 disceptandas
3335 2319 3633 2381 permittere,
3655 2337 3730 2372 ne-

2165 2399 2308 2461 gabat
2341 2401 2496 2450 ullum
2535 2401 2674 2451 nobis
2711 2405 2762 2451 et
2796 2401 3014 2465 Phiiippo
3049 2414 3244 2464 aequum
3273 2405 3491 2465 iudicem
3529 2409 3730 2469 reperiri

2165 2499 2321 2548 posse.
2384 2487 2542 2536 Dabat
2573 2487 2652 2538 ille
2675 2488 3002 2538 Halonnesum
3041 2509 3054 2538 =
3088 2491 3278 2540 vetabat
3302 2491 3380 2540 hic
3416 2495 3666 2556 accipere,
3693 2499 3730 2543 si

2167 2573 2378 2636 dederit,
2405 2574 2486 2624 sed
2509 2588 2604 2624 non
2623 2575 2912 2638 reddiderit,
2930 2576 2994 2625 de
3021 2578 3215 2639 syllabis
3249 2579 3432 2628 scilicet
3453 2581 3730 2632 altercatus.

2167 2663 2414 2710 Postremo
2430 2695 2445 2722 ,
2469 2674 2620 2725 quum
2650 2663 3000 2712 Aristodemum
3030 2665 3280 2727 sociemue
3305 2665 3438 2728 ejus,
3469 2667 3552 2730 qui
3578 2671 3728 2719 Thes-

2167 2748 2334 2797 saliam
2374 2751 2424 2798 et
2459 2749 2770 2812 Magnesiam,
2816 2753 2984 2800 contra
3017 2751 3148 2814 pacis
3185 2752 3390 2812 soedera,
3425 2755 3728 2816 invaserant,

2168 2847 2342 2884 corona
2365 2834 2601 2898 donasset,
2629 2849 2792 2898 pacem
2818 2837 2985 2900 utique
3007 2837 3220 2902 diremit,
3239 2841 3568 2891 calamitatem
3595 2845 3732 2892 nobis

2168 2922 2444 2986 bellumque
2461 2923 2724 2973 suscitavit.

2230 3013 2306 3058 84.
2337 3011 2453 3060 Esto
2469 3045 2486 3072 ,
2509 3013 2560 3059 at
2587 3011 2714 3060 enim
2731 3013 2879 3062 aeneis
2901 3015 2950 3062 et
2971 3012 3290 3063 adamantinis
3305 3051 3320 3076 ,
3349 3018 3405 3064 ut
3431 3017 3535 3079 ipse
3549 3020 3729 3079 iactat,

2169 3095 2320 3146 muris
2337 3097 2576 3160 regionem
2597 3101 2810 3148 nostram
2833 3100 3062 3160 munivit,
3092 3102 3432 3152 Euboeensium
3461 3119 3522 3153 ac
3541 3108 3730 3156 Theba-

2169 3197 2342 3233 norum
2352 3184 2594 3234 societate.
2616 3189 2718 3234 imo
2731 3199 2862 3248 vero,
2878 3187 3204 3250 Athenienses,
3216 3192 3314 3240 tres
3327 3193 3624 3252 gravissima·
3643 3195 3732 3242 hac

2169 3271 2216 3320 in
2237 3284 2288 3321 re
2307 3271 2494 3334 injuriae
2517 3273 2713 3322 omnino
2730 3273 2890 3324 insciis
2911 3276 3047 3326 vobis
3063 3279 3176 3325 sunt
3201 3277 3366 3327 illatae.
3433 3284 3726 3343 Quanquam

2169 3361 2330 3408 autem
2363 3359 2424 3408 ad
2449 3361 2622 3411 miram
2649 3362 2784 3412 illam
2805 3363 3140 3414 Thebanorum
3177 3367 3458 3416 societatem
3489 3369 3732 3431 explican-

2171 3445 2282 3494 dam
2315 3447 2532 3496 festinem
2547 3483 2562 3508 ,
2588 3450 2749 3498 tamen
2773 3452 2828 3499 ut
2849 3463 2940 3500 suo
2959 3463 3165 3514 quaeque
3191 3453 3296 3502 loco
3329 3465 3608 3518 persequar,
3636 3461 3730 3506 Eu·

2170 3533 2438 3582 boeensium
2457 3535 2668 3596 primum
2687 3538 2980 3586 mentionem
2999 3537 3188 3588 faciam.

2235 3623 2317 3668 85.
2357 3620 2519 3670 Multis
2555 3633 2640 3670 vos
2673 3635 2734 3670 ac
2761 3625 2969 3685 magnis,
2995 3626 3328 3690 Athenienses,
3355 3629 3516 3679 affecti
3549 3631 3732 3692 injuriis

2171 3715 2276 3764 tum
2291 3727 2318 3764 a
2331 3716 2612 3766 Mnesarcho
2631 3718 2952 3780 chalcidensi,
2971 3722 3136 3771 callim
3147 3726 3198 3772 et
3215 3725 3564 3774 Taurosthenis
3575 3729 3730 3788 patre,

2169 3831 2293 3880 quos
2313 3817 2402 3868 iste
2421 3833 2554 3869 nunc
2577 3827 2772 3884 accepta
2797 3825 3019 3875 mercede
3049 3839 3144 3876 non
3174 3825 3368 3876 dubitat
3394 3827 3524 3877 cives
3551 3831 3734 3878 Atticos

2169 3925 2364 3975 decreto
2389 3923 2653 3989 nominare,
2675 3927 2780 3975 tum
2807 3939 2836 3975 a
2858 3927 3143 3978 Themisone
3167 3929 3423 3978 Eretriensi
3439 3967 3454 3990 ,
3491 3932 3576 3992 qui
3597 3931 3733 3980 vobis

2169 4029 2297 4091 pacis
2314 4031 2530 4090 tempore
2547 4032 2762 4090 Oropum
2789 4029 2997 4091 ademit,
3021 4029 3206 4078 horum-
3219 4032 3379 4078 tamen
3401 4031 3624 4079 omnium
3655 4033 3731 4079 ul·

2167 4127 2246 4173 tro
2280 4123 2444 4185 obliti,
2485 4125 2648 4173 statim
2674 4137 2732 4172 ac
2755 4125 2964 4174 Thebani
2993 4125 3042 4174 in
3065 4125 3299 4174 Euboeam
3334 4126 3632 4187 trajecissent
3683 4131 3732 4175 et

2170 4220 2312 4270 urbes
2331 4219 2436 4280 ejus
2449 4219 2497 4267 in
2514 4220 2794 4268 servitutem
2813 4219 3024 4282 redigere
3039 4223 3346 4282 conarentur,
3366 4223 3494 4270 intra
3515 4223 3734 4285 quinque

2169 4316 2270 4366 dies
2299 4316 2647 4368 Eub-sensibus
2675 4320 2726 4366 et
2752 4317 2902 4367 classe
2927 4319 2976 4366 et
3002 4317 3298 4380 pedestribus
3319 4319 3468 4380 copiis
3487 4333 3632 4380 opem
3662 4323 3735 4368 tu-

2169 4413 2313 4472 listis,
2339 4415 2390 4462 et
2418 4412 2697 4474 priusquam
2723 4413 2915 4475 triginta
2955 4413 3058 4462 dies
3091 4414 3448 4476 praeterierant,
3479 4415 3734 4464 Thebanos

2167 4512 2360 4572 accepta
2383 4509 2475 4559 tide
2497 4509 2768 4569 dimisistis,
2795 4511 2844 4558 et
2867 4507 3049 4558 Euboea
3071 4509 3210 4570 potiti
3237 4509 3476 4570 urbesque
3498 4513 3550 4558 et
3573 4511 3732 4572 reipu-

2169 4605 2306 4656 blicoe
2329 4607 2508 4655 statum
2527 4605 2588 4654 iis
2609 4606 2694 4668 qui
2711 4605 2818 4654 haec
2835 4603 2971 4654 vobis
2986 4604 3351 4665 commiserant,
3375 4603 3448 4652 uti
3469 4607 3660 4654 rectum
3681 4609 3730 4654 et

2163 4701 2347 4761 justum
2366 4701 2497 4760 erat,
2519 4697 2811 4760 reddidistis,
2833 4698 3050 4760 iniquum
3077 4709 3180 4747 esse
3198 4697 3316 4758 rati,
3339 4698 3422 4747 ubi
3443 4699 3566 4750 «ides
3581 4699 3726 4748 nabe-
3783 4683 3785 4689 ’

2167 4798 2318 4858 retur,
2339 4795 2422 4845 irae
2447 4795 2729 4845 meminisse.
2799 4795 2897 4856 (86)
2919 4797 2978 4844 At
2997 4809 3112 4844 vero
3129 4795 3276 4845 tantis
3295 4797 3469 4846 vestris
3489 4797 3728 4847 beneficiis

2167 4893 2328 4942 affecti
2363 4891 2697 4943 Chalcidenses
2735 4903 3040 4953 nequaquam
3081 4903 3244 4953 parem
3279 4891 3418 4942 vobis
3462 4893 3727 4943 referebant

2166 4987 2386 5050 gratiam,
2406 4987 2489 5037 sed
2511 5001 2661 5050 quum
2687 4987 2734 5035 in
2753 4985 2982 5036 Euboeam
3001 4987 3162 5048 copias
3179 4987 3433 5047 trajecistis
3455 5003 3598 5051 opem
3621 4989 3724 5037 Plu·
3779 4969 3781 4990 ²

2169 5082 2334 5131 tar-cho
2361 5081 2533 5142 laturi,
2557 5080 2722 5143 primis
2749 5081 2944 5144 quidem
2977 5085 3106 5131 certe
3137 5083 3439 5144 temporibus
3469 5083 3722 5134 amicitiam

2168 5174 2488 5233 simulabant,
2507 5186 2675 5222 verum
2699 5175 2860 5223 statim
2893 5176 2946 5223 ut
2965 5173 3026 5222 ad
3043 5177 3282 5236 Tamynas
3309 5177 3658 5236 processimus,
3679 5181 3718 5222 ri
