3825 5834
522 458 633 511 20⁴

1516 449 2124 513 ΑΔΚΙΔΑΜΑΝΤΟΣ
2167 452 2350 515 ΠΕΡΙ
2394 454 2816 518 ΣΟΦΙΣΊὩΝ.

522 574 672 655 ὀλίγα
700 596 791 634 και
822 573 1027 654 μεγάλα
1050 582 1155 643 τοῖς
1186 573 1355 653 λόγοις
1388 571 1607 644 ἔνεστιν,
1652 573 1887 651 ὀνόματα
1908 572 1964 633 δὲ
1989 574 2084 633 καὶ
2173 583 2298 637 inter
2315 598 2368 638 se
2391 588 2652 640 simillima.
2717 600 2790 644 Ae
2815 596 3052 647 sententia
3070 611 3276 664 quaeque
3300 605 3449 655 semei
3467 609 3732 673 exponitur,

518 664 585 745 pi
590 688 733 741 ματα
762 664 933 723 πολλὰ
964 666 1055 723 καὶ
1094 661 1317 723 ταπεινὰ
1350 662 1443 722 καὶ
1485 662 1674 741 μικρὸν
1699 663 1944 734 ἀλλήλων
1970 665 2085 722 δια-

516 752 756 834 φέροντα.
844 752 951 814 Καὶ
987 754 1091 811 τῶν
1137 752 1231 831 μὲν
1262 751 1645 827 ἐνθυμημάτων
1689 752 1829 820 ἅπαξ
1859 752 2082 811 ἕκαστον

522 842 771 910 δηλουται
790 885 805 914 ,
828 844 935 907 τοῖς
957 842 1001 899 δ’
1031 839 1253 916 ὀνόμασι
1280 838 1538 907 πολλάκις
1564 848 1671 907 τοῖς
1707 842 1887 907 αὐτοῖς
1935 844 2090 917 ἀναγ-

451 945 479 984 ε
520 929 787 1005 καζόμεθα
812 932 1058 1007 χρῆσθαι·
1090 928 1167 986 διὸ
1190 932 1293 987 τῶν
1325 925 1419 1004 μὲν
1440 925 1655 1006 εὔπορος
1682 931 1716 999 ἡ
1749 926 1959 1005 μνήμη,
1986 929 2091 996 τοῖς

519 1017 575 1076 δὲ
605 1018 998 1089 δυσανάληπτος
1026 1020 1060 1086 ἡ
1083 1014 1269 1094 μνήμη
1296 1015 1388 1073 καὶ
1420 1015 1777 1093 δυσφύλακτος
1800 1020 1833 1088 ἡ
1863 1015 2086 1092 μάθησις

518 1106 863 1176 καθέστηκεν.
952 1102 1075 1162 Ἔτι
1100 1103 1270 1163 τοίνυν
1308 1106 1361 1162 αἱ
1381 1106 1541 1174 λ’ῆθαι
1575 1102 1696 1183 περὶ
1724 1103 1819 1181 μὲν
1840 1101 1962 1171 τοὺς
1994 1108 2090 1163 αὗ·

520 1191 935 1273 τοσχεδιασμοὺς
957 1190 1149 1265 ἄδηλον
1178 1192 1272 1261 τὴν
1302 1192 1558 1272 αἰσχύνην
1588 1191 1819 1270 ἔχουσιν.
1856 1192 2094 1252 Eam-coo

520 1282 623 1363 γὰρ
654 1286 749 1354 τῆς
777 1279 1057 1360 ἑρμηνείας
1079 1278 1235 1351 οὔσης
1263 1278 1357 1337 καὶ
1386 1281 1490 1338 τῶν
1521 1279 1790 1357 ὀνομάτων
1821 1282 1918 1339 οὒκ
1941 1284 2092 1360 ἀκρι-

446 1390 496 1432 ιο
524 1370 629 1437 ὅῶς
650 1369 1056 1445 συνεξεσμένων,
1079 1366 1140 1425 ἂν
1163 1366 1267 1446 ἄρα
1290 1367 1381 1425 καὶ
1406 1366 1629 1448 διαφύγῃ
1659 1391 1709 1426 τι
1737 1371 1843 1426 τῶν
1864 1370 2093 1444 ἐνθυμη-

526 1460 729 1537 μάτων,
758 1460 816 1517 οὗ
844 1458 1078 1537 χαλεπὸν
1110 1455 1404 1535 ὑπερὸἥναι
1429 1458 1504 1537 τῷ
1526 1455 1705 1535 ῥήτορι
1731 1454 1946 1513 καὶτῶν
1977 1456 2092 1537 &pe-

526 1548 613 1619 ξῆς
628 1546 1007 1623 ἐνθυμημάτων
1023 1545 1291 1625 ἁψάμενον
1318 1544 1552 1625 μηδεμιᾷ
1575 1544 1664 1603 τὸν
1687 1546 1839 1622 λόγον
1866 1543 2094 1623 αἰσχύνῃ

524 1633 844 1715 πιριὸαλεῖν·
886 1634 1023 1692 ἀλλὰ
1054 1634 1145 1691 καὶ
1190 1635 1295 1690 τῶν
1346 1632 1700 1714 διαφυγόντων
1722 1678 1739 1707 ,
1766 1631 1831 1690 ἂν
1879 1631 2095 1711 ὕστερον

527 1728 855 1803 ἀναμνησθῇ,
882 1722 1059 1803 ῥᾴδιον
1080 1721 1400 1793 ποιήσασθαι
1418 1721 1513 1794 τὴν
1532 1721 1782 1793 δήλωσιν.
1794 1722 1922 1787 Τοῖς
1935 1720 1990 1779 δὲ
2009 1744 2096 1801 γε·

452 1830 499 1868 ιι
529 1810 812 1893 γραμμένα
840 1810 1074 1889 λέγουσιν
1120 1808 1183 1867 ἂν
1225 1808 1363 1869 κατὰ
1394 1810 1578 1890 μικρὸν
1608 1810 1708 1869 ὑπὸ
1736 1814 1829 1881 τῆς
1870 1808 2099 1887 ἀγωνίας

528 1898 785 1960 ἐκλίπωσί
810 1922 863 1957 τι
896 1899 989 1957 καὶ
1028 1897 1435 1978 παραλλάξωσιν
1449 1945 1471 1974 ,
1506 1898 1730 1977 ἀπορίαν
1763 1897 1966 1979 ἀνάγκη
2007 1898 2097 1957 καὶ

530 1990 729 2049 πλάνον
749 1988 839 2047 καὶ
872 1987 1085 2061 ζήτησιν
1116 1987 1440 2065 ἐγγίνεσθαι,
1466 1986 1554 2045 καὶ
1584 1986 1817 2066 μακροὺς
1846 1988 1942 2064 μὲν
1971 1986 2095 2068 χρό·

530 2100 646 2144 νους
686 2075 942 2157 ἐπίσχειν,
991 2076 1248 2142 πολλάκις
1284 2074 1339 2135 δὲ
1387 2080 1452 2154 τῇ
1502 2080 1677 2156 σιωπῇ
1718 2075 2098 2153 διαλαμὸάνειν

532 2163 619 2223 τὸν
645 2163 798 2243 λόγον
813 2208 828 2237 ,
858 2164 1141 2243 ἀσχήμονα
1166 2163 1331 2223 δὲκαὶ
1352 2160 1747 2239 καταγέλαστον
1776 2167 1866 2223 καὶ
1888 2166 2101 2224 δυσεπι-

452 2272 505 2313 20
534 2250 788 2333 κούρητον
818 2251 1136 2311 καθεστάναι
1163 2250 1261 2324 τὴν
1289 2250 1532 2333 ἀπορίαν.

614 2362 663 2401 8.
708 2339 977 2420 ’Ἡγοῧμαι
1005 2340 1061 2401 δὲ
1088 2340 1180 2399 καὶ
1209 2348 1325 2407 ταῖς
1350 2340 1647 2415 ἐπιθυμίαις
1679 2344 1785 2401 τῶν
1825 2342 2097 2422 ἀκροατῶν

534 2429 745 2507 ἄμεινον
786 2433 1019 2508 χρῆσθαι
1062 2427 1181 2497 τοὺς
1226 2428 1725 2509 αὖτοσχεδιάζοντας
1766 2432 1871 2488 τῶν
1900 2428 1968 2487 τὰ
2007 2452 2102 2508 γε-

534 2516 815 2597 γραμμένα
841 2515 1117 2595 λεγόντων.
1202 2518 1273 2576 Οἱ
1302 2516 1398 2593 μὲν
1419 2514 1521 2597 γὰρ
1551 2517 1685 2576 πολὺ
1710 2516 1812 2598 πρὸ
1837 2519 1942 2576 τῶν
1964 2514 2104 2595 ἀγώ-

534 2629 635 2663 νων
659 2606 726 2668 τὰ
748 2604 1139 2683 συγγράμματα
1164 2604 1570 2676 διαπονήσαντες
1589 2605 1751 2664 ἐνίοτε
1773 2607 1877 2663 τῶν
1902 2607 2104 2683 καιρῶν

460 2718 511 2756 ιε,
540 2692 949 2773 ἁμαρτάνουσιν·
972 2691 1007 2763 ἢ
1028 2691 1131 2774 γὰρ
1148 2692 1450 2774 μακρότερα
1464 2696 1555 2763 τῆς
1576 2690 1850 2770 ἐπιθυμίας
1872 2692 2106 2771 λέγοντες

542 2778 931 2860 ἀπεχθάνονται
970 2786 1079 2848 τοῖς
1121 2778 1415 2855 ἀκούουσιν,
1457 2778 1491 2851 ἢ
1520 2782 1846 2858 βουλομένων
1882 2780 1960 2839 ἔτι
1997 2785 2099 2840 τῶν

541 2870 825 2950 ἀνθρώπων
878 2870 1167 2948 ἀκροᾶσθαι
1222 2870 1670 2950 προαπολείπουσι
1730 2870 1846 2936 τοὺς
1899 2868 2102 2948 λόγους.

541 2958 788 3019 Χαλεπὸν
818 2956 944 3036 γάρ,
966 2956 1090 3023 ἴσως
1112 2958 1157 3015 δ’
1178 2956 1430 3017 ἀδύνατόν
1454 2962 1595 3017 ἐστιν
1620 2958 1952 3037 ἀνθρωπίνην
1979 2957 2104 3039 πρό·

538 3068 681 3104 νοιαν
700 3044 967 3126 ἐφικέσθαι
988 3050 1078 3104 τοῦ
1110 3047 1393 3124 μέλλοντος
1408 3094 1424 3119 ,
1448 3045 1588 3105 ὥστε
1610 3048 1845 3125 προϊδεῖν
1875 3048 2108 3127 ἀκριὸῶς

462 3156 515 3196 ³⁰
543 3134 657 3191 τίνα
688 3133 877 3214 τρόπον
920 3136 975 3191 αἱ
1015 3137 1223 3211 γνῶμαι
1250 3139 1354 3194 τῶν
1393 3137 1687 3196 ἀκουόντων
1708 3135 1835 3215 πρὸς
1862 3136 1931 3196 τὰ
1961 3136 2107 3213 μήκη

542 3226 645 3281 τῶν
669 3220 962 3300 λεγομένων
990 3222 1213 3291 ἕξουσιν.
1297 3223 1391 3285 Ἐν
1423 3222 1478 3282 δὲ
1506 3231 1613 3291 τοῖς
1637 3225 2109 3303 αὖτοσχεδιασμοῖς

545 3310 632 3371 ἐπὶ
659 3314 735 3392 τῷ
761 3309 966 3389 λέγοντι
1009 3310 1207 3392 γίνεται
1234 3312 1577 3390 ταμιεύεσθαι
1612 3312 1733 3381 τοὺς
1764 3313 1951 3390 λόγους
1983 3312 2111 3392 πρὸς

544 3400 638 3465 τὰς
668 3398 915 3476 δυνάμεις
959 3402 1062 3457 τῶν
1090 3404 1313 3478 γνωμῶν
1352 3399 1709 3459 ἀποὸλέποντι
1746 3400 1837 3459 καὶ
1868 3399 1934 3460 τὰ
1963 3399 2109 3476 μήκη

548 3486 849 3563 συντέμνειν
880 3487 971 3545 καὶ
998 3486 1065 3547 τὰ
1103 3487 1371 3567 συντόμως
1400 3490 1700 3567 ἐσκεμμένα
1732 3486 1817 3547 διὰ
1843 3487 2109 3570 μακροτέ-

468 3596 520 3635 ³⁵
548 3598 649 3657 ρων
674 3577 886 3648 δηλοῦν.

626 3685 674 3725 ιι.
720 3664 899 3745 Χωρὶς
920 3662 1091 3725 τοίνυν
1110 3664 1308 3726 τούτων
1340 3667 1458 3728 οὐδὲ
1498 3676 1605 3735 τοῖς
1632 3666 1761 3748 παρ’
1802 3668 1974 3727 αὐτῶν
2007 3668 2110 3725 τῶν

548 3752 763 3831 ἀγώνων
805 3752 1142 3831 ἐνθυμήμασι
1171 3756 1454 3832 διδομένοις
1476 3755 1669 3836 ὁμοίοις
1700 3759 1903 3836 ὁρῶμεν
1941 3755 2116 3815 ἑκατέ-

551 3865 669 3922 ρους
685 3845 918 3921 χρῆσθαι
939 3842 1267 3918 δυναμένους.
1293 3848 1417 3911 Τοῖς
1442 3846 1537 3923 μὲν
1560 3845 1664 3926 γὰρ
1694 3846 1905 3926 ἄγραφα
1931 3844 2112 3925 λέγου·

547 3952 648 4004 σιν,
665 3930 727 3988 ἄν
751 3954 805 3988 τι
818 3928 965 4010 παρὰ
985 3936 1087 3990 τῶν
1106 3933 1381 3993 ἀντιδίκων
1403 3934 1679 4013 ἐνθύμημα
1699 3934 1936 3994 λα’ὅωσιν
1964 3933 1998 4007 ἢ
2029 3934 2115 3995 διὰ

470 4038 524 4074 ιο
546 4016 642 4089 τὴν
671 4018 941 4077 συντονίαν
968 4024 1062 4092 τῆς
1102 4022 1329 4090 διανοίας
1358 4026 1533 4081 αὑτῶν
1572 4023 1719 4104 παρὰ
1758 4027 1901 4105 σφῶν
1941 4026 2114 4083 αὐτῶν

549 4110 914 4186 διανοηθῶσιν,
946 4108 1162 4189 εὔπορόν
1194 4114 1335 4172 ἐστιν
1365 4115 1417 4171 ἐν
1456 4110 1599 4181 τάξει
1639 4116 1828 4171 θεῖναι·
1870 4121 1978 4179 τοῖς
2013 4111 2117 4195 γὰρ

552 4196 803 4273 ὀνόμασιν
833 4200 893 4257 ἐκ
914 4204 1003 4257 τοῦ
1038 4201 1341 4281 παραυτίκα
1378 4203 1501 4281 περὶ
1540 4202 1785 4262 ἇπάντων
1824 4205 2117 4275 δηλοῦντες,

550 4282 659 4341 οὐδ’
688 4281 813 4342 ὅταν
852 4286 1022 4345 πλείω
1065 4291 1171 4348 τῶν
1218 4290 1555 4368 ἐσκεμμένων
1610 4288 1861 4368 λέγωσιν,
1910 4289 2117 4370 οὐδαμῇ

550 4371 637 4432 τὸν
667 4370 820 4453 λόγον
850 4373 1131 4453 ἀνώμαλον
1158 4377 1249 4437 καὶ
1272 4378 1559 4458 ταραχώδη
1596 4383 1896 4437 καθιστᾶσι·
1925 4388 2032 4446 τοῖς
2063 4378 2118 4437 δὲ

473 4495 526 4534 ⁴5
555 4462 689 4540 μετὰ
731 4466 833 4521 τῶν
870 4468 1121 4544 γραπτῶν
1175 4466 1346 4544 λόγων
1387 4466 1783 4543 ἀγωνιζομένοις
1827 4465 1889 4525 ἂν
1929 4466 2031 4548 ἄρα
2067 4492 2118 4527 τι

549 4550 712 4631 χωρὶς
739 4554 832 4623 τῆς
859 4559 1193 4631 παρασκευῆς
1224 4554 1503 4632 ἐνθύμημα
1528 4555 1681 4634 δοθῇ,
1701 4554 1935 4635 χαλεπὸν
1964 4559 2115 4637 ἐναρ·

553 4640 714 4717 μόσαι
744 4640 836 4698 καὶ
854 4645 1087 4720 χρῆσθαι
1114 4642 1254 4701 κατὰ
1288 4644 1504 4722 τρόπον·
1532 4646 1587 4701 αἱ
1614 4642 1715 4723 γὰρ
1736 4643 2002 4725 ἀκρίὸειαι
2027 4650 2119 4717 τῆς

552 4731 655 4787 τῶν
690 4729 962 4807 ὀνομάτων
988 4730 1291 4809 ἐξεργασίας
1315 4732 1373 4790 οὗ
1394 4732 1787 4813 παραδέχονται
1812 4733 1931 4801 τοὺς
1960 4736 2119 4796 αὖτο-

558 4818 851 4894 ματισμούς
868 4862 885 4891 ,
927 4818 1045 4878 ἀλλ’
1094 4825 1376 4896 ἀναγκαῖον
1434 4818 1471 4891 ἢ
1518 4822 1683 4895 μηδὲν
1734 4826 1967 4903 χρῆσθαι
2015 4835 2121 4895 τοῖς

478 4920 530 4959 50
556 4906 661 4965 ἀπὸ
689 4910 781 4978 τῆς
791 4906 972 5007 ,τύχης
1011 4906 1343 4983 ἐνθυμήμασι
1390 4908 1612 4968 δοθεῖσιν
1640 4910 1675 4983 ἢ
1704 4913 1975 4994 χρώμενον
2000 4916 2110 4974 δια-

554 4994 695 5053 λύειν
722 5018 812 5054 και
850 5018 971 5054 συνε
949 4996 1173 5078 ..ρείπειν
1216 4994 1311 5067 τὴν
1347 5000 1451 5056 τῶν
1480 4999 1753 5076 ὀνομάτων
1782 5002 2117 5081 οἰκονομίαν,

556 5086 647 5141 καὶ
681 5084 746 5140 τὰ
777 5084 873 5160 μὲν
906 5084 1135 5164 ἀκριὸῶς
1161 5085 1283 5146 τὰ
1254 5085 1299 5145 ο’
1326 5088 1441 5166 εἰκῇ
1465 5086 1685 5167 λέγοντα
1715 5090 2003 5172 ταραχώδη
2030 5093 2122 5153 και

557 5170 814 5281 διάφωνον
844 5171 1157 5232 καθιστάναι
1194 5174 1287 5245 τὴν
1328 5176 1627 5255 ἑρμηνείαν.
1714 5178 1901 5239 Καίτοι
1952 5181 2028 5250 τίς
2059 5182 2122 5239 ἂν

556 5247 614 5319 ευ
645 5262 841 5339 φρονῶν
869 5262 1003 5321 ἀποο
982 5260 1181 5329 έξαιτο
1209 5264 1303 5336 τὴν
1336 5265 1581 5341 τοιαύτην
1605 5267 1849 5344 μελέτην,
1884 5267 2000 5341 ἥτις
2031 5270 2121 5328 καὶ

2177 706 2338 757 verbis
2370 722 2486 760 vero
2509 712 2685 775 soepius
2711 714 2879 766 iisdem
2907 717 2978 768 uti
2999 719 3232 783 cogimur.
3297 726 3461 784 Quare
3487 728 3584 779 iltae
3606 730 3734 781 facite

2178 831 2424 881 memorioe
2445 832 2684 885 inhaerent
2697 872 2715 900 ,
2747 836 2854 889 haee
2877 851 2992 891 vem
3021 842 3231 896 edisoere
3249 848 3299 897 et
3327 846 3378 897 in
3400 850 3637 900 memoria
3663 865 3736 902 eu·

2177 956 2356 1006 stodire
2383 959 2433 1008 et
2455 958 2718 1010 refocillare
2741 960 2938 1013 difficile
2955 968 3046 1014 est.
3113 968 3218 1017 Huc
3256 970 3444 1019 aceedit
3467 972 3600 1035 quod
3625 972 3735 1023 obli-

2179 1073 2335 1124 rionis
2365 1074 2576 1128 dedecus
2605 1080 2658 1128 iu
2675 1082 3083 1145 extemporalibus
3115 1086 3264 1147 latet;
3289 1102 3402 1139 nam
3427 1105 3586 1154 quum
3605 1093 3738 1143 dictio

2177 1192 2241 1241 sit
2275 1193 2496 1255 expedita
2519 1196 2682 1247 necin
2721 1198 2918 1261 singuiis
2952 1201 3116 1252 verbis
3146 1203 3206 1253 ad
3243 1218 3456 1268 unguem
3499 1208 3736 1271 perpolita,

2181 1309 2306 1359 haud
2338 1312 2597 1365 difficniter
2623 1321 2812 1380 orator,
2856 1318 2898 1369 si
2935 1334 3032 1383 qua
3065 1324 3304 1373 sententia
3333 1338 3450 1375 enm
3476 1326 3664 1391 sugerit,
3685 1330 3737 1379 ad

2180 1432 2440 1494 sequentes
2477 1434 2662 1497 transit,
2689 1436 2874 1487 nuliam
2911 1440 3118 1491 orationi
3157 1443 3401 1496 maculam
3435 1446 3738 1509 adspergens;

2181 1548 2307 1599 idem
2321 1585 2338 1613 ,
2357 1550 2400 1601 si
2423 1554 2588 1615 postea
2611 1566 2782 1605 eorum
2805 1570 2916 1621 quae
2937 1558 3118 1611 obiitus
3133 1566 3238 1611 erat
3263 1563 3445 1627 aliquid
3469 1565 3519 1614 in
3543 1570 3736 1616 mentem

2182 1669 2428 1731 recurrat,
2455 1670 2588 1720 nulio
2623 1670 2788 1723 labore
2823 1676 3171 1738 expositionem
3193 1678 3300 1739 ejus
3325 1680 3596 1745 subjungit.
3657 1686 3738 1743 Qui

2183 1794 2298 1833 vero
2323 1784 2500 1847 scripta
2521 1757 2718 1849 dieuntss
2743 1790 2785 1839 si
2817 1792 2896 1841 vel
2931 1794 3192 1844 minimum
3225 1796 3408 1860 aliquid
3439 1812 3544 1861 prae
3579 1813 3736 1863 angore

2185 1898 2416 1951 omittunt
2447 1902 2522 1953 vet
2561 1906 2784 1967 mutant,
2823 1908 3090 1959 necessario
3129 1910 3180 1959 in
3211 1912 3466 1975 angustias
3499 1918 3550 1963 et
3576 1928 3736 1965 errores

2184 2015 2466 2070 deteruntur
2482 2025 2530 2072 et
2543 2025 2774 2083 quoemnt
2791 2026 2841 2076 et
2859 2023 2940 2076 diu
2965 2030 3228 2092 morantur,
3253 2043 3384 2095 saepe
3399 2031 3550 2083 etiam
3572 2033 3736 2084 silentio

2183 2134 2452 2186 orationem
2482 2137 2868 2205 interrumpunt,
2899 2143 3024 2195 adeo
3044 2150 3104 2195 ut
3141 2146 3370 2199 indecora
3391 2150 3460 2201 sit
3493 2156 3545 2202 et
3566 2152 3736 2203 ridicula

2185 2249 2372 2299 consilii
2395 2250 2552 2315 inopia
2564 2286 2580 2314 ,
2599 2253 2730 2304 unde
2745 2268 2872 2317 oegre
2888 2270 2941 2308 se
2961 2259 3235 2322 expediant.

2249 2370 2296 2414 8.
2326 2364 2588 2417 Desideriis
2612 2380 2808 2431 quoque
2840 2371 3116 2423 auditorum
3145 2375 3317 2426 meiius
3349 2378 3424 2428 uti
3462 2392 3526 2429 ex
3549 2382 3736 2443 tempore

2186 2463 2398 2516 dicentes
2419 2480 2566 2530 quam
2599 2470 2776 2532 scripta
2815 2471 3136 2525 decimantes
3171 2488 3366 2529 censeo.
3435 2480 3500 2529 Hi
3531 2482 3650 2531 euim
3671 2480 3737 2529 diu

2194 2572 2306 2617 ante
2328 2569 2568 2621 actionem
2589 2569 2776 2621 libellos
2791 2586 2904 2623 suos
2921 2574 3222 2627 elaborantes
3235 2578 3482 2631 interdum
3505 2582 3568 2632 de
3583 2584 3738 2644 tempo-

2191 2672 2323 2721 ribus
2349 2672 2593 2723 falluntur.
2659 2676 2759 2726 Aut
2777 2676 2991 2739 longiora
3007 2678 3216 2731 dieentes
3234 2694 3384 2745 quam
3407 2684 3738 2750 desiderantur,

2192 2772 2498 2823 audientibus
2523 2774 2714 2825 molesti
2743 2778 2887 2839 sunu
2907 2780 2994 2828 aut
3015 2779 3154 2842 ptura
3179 2780 3255 2832 his
3274 2784 3452 2837 audire
3473 2789 3738 2849 volentibus,

2193 2878 2302 2924 ante
2325 2875 2516 2939 tempus
2535 2877 2802 2927 orationem
2825 2878 3022 2932 sistunt.
3107 2884 3250 2934 Haud
3277 2886 3416 2939 facile
3443 2891 3570 2941 enim
3591 2896 3636 2943 et
3658 2895 3736 2942 sor·-

2194 2977 2320 3026 tasse
2340 2978 2538 3028 omnino
2557 2992 2652 3029 nou
2685 2985 2842 3043 potest
2873 2982 2997 3047 lieri,
3031 2986 3086 3035 nt
3112 2986 3318 3039 humana
3357 2993 3650 3053 providentia
3669 2996 3729 3044 tu-

2195 3078 2302 3126 tura
2342 3082 2655 3143 assequatur,
2681 3094 2738 3131 ae
2771 3082 2902 3144 iusta
2937 3085 3213 3147 coniectura
3255 3096 3534 3152 praesentiat
3555 3110 3738 3158 quonam

2195 3177 2356 3227 auimo
2378 3178 2726 3241 longitudinem
2745 3180 3062 3233 dicendorum
3092 3186 3339 3241 auditores
3360 3197 3610 3259 excepturi
3635 3197 3738 3254 sint;

2199 3280 2246 3329 in
2293 3281 2702 3344 extemporaiibus
2740 3286 2904 3335 autem
2949 3298 3096 3349 penes
3133 3286 3374 3343 dicentem
3405 3300 3482 3345 est
3521 3297 3740 3347 moderare

2195 3381 2482 3444 orationem,
2509 3385 2558 3433 et
2578 3384 2734 3446 prouti
2753 3385 3026 3437 auditorum
3051 3390 3238 3441 animos
3259 3392 3464 3447 affectos
3489 3398 3655 3460 videat,
3678 3399 3738 3447 vet

2199 3484 2412 3546 longiora
2449 3485 2732 3537 contrahere
2757 3488 2832 3538 vel
2864 3500 2974 3551 quoe
3005 3490 3200 3543 brevius
3235 3492 3397 3547 dicere
3431 3500 3736 3559 constituerat,

2201 3588 2396 3639 uberius
2415 3591 2656 3653 prosequi.

2259 3698 2306 3744 9.
2343 3696 2576 3745 Praeterea
2627 3698 2876 3749 sententiis
2932 3700 3036 3752 sive
3079 3704 3380 3765 argumentis
3422 3721 3538 3771 quae
3579 3710 3623 3757 in
3659 3710 3742 3771 ipsa

2201 3794 2386 3848 actione
2402 3796 2787 3862 suppeditantur,
2811 3813 2908 3851 non
2922 3801 3092 3854 eodem
3110 3805 3256 3856 modo
3277 3811 3482 3873 uterque
3505 3810 3574 3861 uti
3591 3816 3736 3874 potest.

2201 3896 2320 3945 Nam
2343 3895 2428 3958 qui
2454 3896 2630 3961 scripta
2661 3911 2756 3949 uon
2787 3898 3044 3964 adhibent,
3068 3902 3109 3953 si
3127 3917 3224 3966 qua
3244 3908 3482 3958 sententia
3509 3908 3570 3958 ab
3597 3909 3744 3957 adver-

2201 3999 2338 4049 sariis
2357 3998 2628 4062 praebeatur
2653 4002 2726 4052 vel
2759 4002 2801 4051 si
2821 4004 2996 4053 mentis
3035 4004 3300 4057 intentione
3324 4007 3417 4070 ipsi
3453 4008 3580 4073 apud
3604 4022 3650 4059 se
3671 4010 3741 4059 ati-

2203 4100 2318 4163 quid
2354 4100 2626 4164 inveniant,
2667 4103 2966 4166 exponendis
3019 4104 3078 4155 iis
3121 4106 3282 4159 iocum
3323 4108 3464 4161 facile
3514 4111 3740 4173 assignant.

2203 4199 2324 4248 Nam
2349 4212 2500 4263 quum
2525 4200 2586 4251 de
2615 4202 2842 4253 omnibus
2869 4216 2896 4253 e
2928 4205 3146 4268 tempore
3174 4208 3320 4257 verba
3348 4210 3556 4271 faciant,
3585 4209 3742 4259 etiamsi

2204 4302 2341 4364 ptura
2362 4302 2527 4353 dicant
2550 4318 2695 4366 quam
2720 4305 2936 4357 meditati
2967 4308 3064 4359 sint
3079 4345 3096 4371 ,
3133 4310 3333 4363 minime
3374 4317 3534 4365 tamen
3557 4314 3742 4374 inaeqna·

2207 4404 2300 4454 iem
2332 4408 2384 4455 et
2415 4404 2705 4455 salebrosum
2749 4405 3014 4457 orationem
3050 4408 3290 4474 reddunt;
3325 4412 3410 4475 qui
3441 4428 3552 4463 vero
3585 4413 3746 4475 scriptis

2205 4506 2504 4558 orationibus
2531 4510 2748 4571 certant,
2783 4512 3103 4574 senteutiam,
3137 4526 3250 4577 quae
3287 4522 3462 4579 praeter
3485 4520 3745 4580 praeparatas

2205 4608 2372 4670 detur,
2431 4610 2638 4662 inserere
2687 4612 2737 4663 et
2787 4610 2834 4662 in
2891 4626 3006 4663 usus
3047 4627 3164 4664 suos
3212 4616 3462 4667 commode
3498 4622 3746 4667 convertes·

2205 4706 2336 4758 haud
2363 4710 2502 4761 facile
2524 4713 2739 4774 possunt.
2817 4711 3007 4765 scilioet
3030 4713 3180 4765 verba
3205 4716 3461 4768 artificiose
3491 4720 3745 4769 eoncinnata

2208 4806 2484 4856 temerarias
2505 4806 2821 4871 fortuitasque
2841 4810 3130 4861 mutationes
3154 4825 3249 4863 non
3273 4815 3552 4875 admittunt,
3579 4814 3660 4864 sed
3674 4824 3738 4861 ne·

2209 4903 2466 4953 cessarium
2483 4908 2571 4966 est,
2589 4908 2644 4955 ut
2661 4908 2854 4957 autnon
2871 4908 3023 4957 utaris
3037 4911 3284 4962 sententiIs
3301 4914 3420 4964 torte
3449 4913 3636 4973 oblatis,
3651 4914 3735 4968 Μ,

2211 4998 2252 5048 si
2273 4998 2344 5049 uti
2361 4999 2499 5062 velis,
2523 5002 2580 5051 ut
2596 5000 2850 5083 verborum
2867 5003 3232 5066 dispositionem
3249 5008 3484 5060 dissonas
3503 5018 3548 5061 et
3569 5024 3622 5061 m
3627 5012 3748 5064 ortas,

2213 5096 2428 5157 adeoque
2455 5095 2559 5147 attis
2582 5096 2839 5159 distincto,
2881 5100 2987 5152 aliis
3033 5103 3289 5155 temerario
3324 5106 3470 5156 modo
3496 5104 3743 5159 enuntiatis.

2213 5191 2404 5240 turbata
2427 5195 2476 5243 et
2495 5190 2691 5244 dissona
2713 5195 2858 5246 dictio
2881 5198 3074 5247 evadat.
3139 5198 3260 5257 Quis
3283 5200 3422 5264 igitur
3455 5214 3584 5251 sana·
3603 5202 3748 5249 nit-ntus

2211 5284 2424 5336 studium
2455 5285 2724 5349 probaverit
2753 5290 2883 5352 quod
2922 5293 2997 5345 vei
3030 5292 3268 5345 bonorum
3309 5298 3478 5360 sponte
3505 5296 3746 5346 oblatorum
