3825 5834
507 471 580 522 88
848 513 857 522 .
1404 460 1769 520 ΑΙΣΧΙΝΟΥ
1810 459 1861 519 0
1904 459 2082 519 ΠΕΡΙ
2127 459 2787 519 ΠΑΡΑΠΡΕΣΒΕΙΑΣ.

504 590 622 654 τοὺς
643 588 1027 668 πρεσὸυτάτους
1044 587 1277 668 πρώτους
1292 588 1456 669 λέγειν
1472 590 1690 658 καὶτοὺς
1708 590 1918 656 λοιποὺς
1943 588 2056 648 καθ’

506 675 729 748 ἠλικίαν·
758 675 1009 754 ἐτύγχανε
1040 675 1085 732 δ’
1112 679 1262 751 ἡμῶν
1296 676 1545 743 νεώτατος
1567 675 1662 754 ὤν,
1684 679 1753 744 ὥς
1784 675 1912 757 ἔφη,
1943 681 2055 746 Δη-

434 790 483 826 to
510 761 777 838 μοσθίνης.
858 761 1075 834 Ἐπειδὴ
1107 760 1162 820 δὲ
1199 764 1601 840 εἷσεκλήθημεν,
1630 797 1707 810 —-
1730 765 1819 821 καὶ
1858 763 2056 828 τούτοις

506 848 607 920 ἤδη
627 871 715 925 μοι
742 847 937 928 σφόδρα
955 847 1236 928 προσέχετε
1260 849 1345 908 τὸν
1366 855 1501 908 νοῦν·
1522 853 1753 910 ἐντεῦθεν
1774 849 1875 928 γὰρ
1899 847 2055 911 κατό-

505 938 660 1014 ψεσθε
680 933 946 1014 ἀνθρώπου
966 935 1146 1016 φθόνον
1160 935 1553 1014 ὑπερὸάλλοντα
1568 936 1659 995 καὶ
1678 935 1844 1008 δεινὴν
1864 934 2055 994 δειλίαν

506 1020 620 1098 ἅμα
647 1023 737 1080 καὶ
762 1021 1099 1095 κακοήθειαν,
1123 1022 1213 1081 καὶ
1235 1022 1477 1090 τοιαύτας
1503 1022 1781 1088 ἐπιὸουλὰς
1807 1025 1924 1090 κατ’
1965 1023 2054 1078 ἄν·

507 1109 638 1186 δρῶν
669 1107 921 1166 συσσίτων
951 1108 1041 1166 καὶ
1066 1109 1439 1186 συμπρὶσὸεων
1457 1155 1472 1181 ,
1498 1109 1557 1177 ἃς
1579 1111 1681 1168 οὐδ’
1705 1108 1767 1168 ἂν
1794 1107 1930 1168 κατὰ
1952 1111 2055 1166 τῶν

507 1193 756 1272 ἐχθίστων
791 1218 868 1259 τις
891 1197 1004 1272 εἰκῇ
1034 1195 1327 1266 ποιήσαιτο.
1410 1194 1545 1263 Τοὺς
1588 1196 1689 1276 γὰρ
1728 1200 1819 1266 τῆς
1858 1196 2058 1262 πόλεως

510 1282 639 1347 ἅλας
656 1282 744 1340 καὶ
770 1281 864 1352 τὴν
882 1281 1136 1356 δημοσίαν
1158 1281 1414 1362 τράπεζαν
1438 1284 1557 1364 περὶ
1576 1283 1819 1343 πλείστου
1842 1281 1905 1353 δή
1929 1305 2056 1360 φησι

432 1389 483 1432 ts
510 1373 800 1441 ποιεῖσθαι,
826 1370 919 1426 οὐκ
940 1365 1012 1426 ὢν
1042 1367 1317 1450 ἐπιχώριος
1347 1369 1639 1450 (εἰρήσεται
1666 1369 1764 1450 γάρ
1786 1369 1802 1449 )
1832 1369 1937 1428 οὐδ’
1965 1371 2055 1446 ἐγ-

505 1455 671 1532 γενής.
758 1453 845 1532 (23)
887 1453 1071 1529 Ἡμεῖς
1106 1455 1194 1526 δέ,
1224 1446 1298 1522 οἷς
1338 1453 1453 1533 ἱερὰ
1480 1456 1570 1514 καὶ
1609 1457 1762 1536 τάφοι
1789 1453 2054 1536 προγόνων

506 1542 826 1620 ὑπάρχουσιν
861 1543 914 1598 ἐν
936 1544 1000 1618 τῇ
1025 1541 1237 1621 πατρίδι
1276 1542 1365 1602 καὶ
1392 1543 1652 1622 διατριὸαὶ
1676 1542 1761 1602 καὶ
1794 1542 2056 1614 συνήθειαι

506 1627 617 1705 μεθ’
645 1631 789 1702 ὑμῶν
831 1627 1105 1707 ἰλευθέριοι
1130 1627 1221 1686 καὶ
1248 1629 1406 1706 γάμοι
1434 1629 1571 1688 κατὰ
1598 1630 1714 1696 τοὺς
1742 1628 1927 1706 νόμους
1965 1627 2056 1687 καὶ

506 1714 753 1785 κηδεσταὶ
776 1715 867 1772 καὶ
894 1714 1047 1772 τέκνα
1066 1759 1082 1787 ,
1117 1715 1359 1787 Ἀθήνησι
1379 1715 1473 1791 μὲν
1508 1708 1640 1793 ἦμεν
1665 1715 1795 1784 ἄξιοι
1817 1720 1907 1786 τῆς
1931 1719 2054 1790 ὑμε·

514 1799 666 1879 τέρας
688 1799 909 1866 πίστεως
938 1802 1027 1875 (οὗ
1044 1799 1147 1879 γὰρ
1164 1805 1225 1859 ἄν
1241 1823 1365 1860 ποτε
1385 1806 1524 1878 ἡμᾶς
1546 1801 1739 1861 εἵλεσθε
1756 1801 1772 1881 )
1788 1847 1804 1876 ,
1831 1802 2057 1869 ἐλθόντες

506 1888 549 1943 δ’
571 1889 643 1954 εἰς
670 1886 995 1946 Μακεδονίαν
1030 1885 1267 1968 ἐξαίφνης
1296 1887 1574 1966 ἐγενόμεθα
1602 1887 1871 1966 προδόται.
1904 1887 1970 1948 Ὁ
2000 1887 2054 1946 δὲ

429 1999 481 2040 20
509 1973 652 2032 οὐδὲν
674 1973 904 2052 ἄπρατον
927 1973 1061 2052 ἔχων
1086 1973 1237 2052 μέρος
1270 1979 1361 2032 τοῦ
1387 1973 1653 2050 σώματος,
1677 1976 1782 2034 οὐδ’
1808 1975 1920 2034 ὅθεν
1959 1973 2054 2046 τὴν

504 2059 675 2140 φωνὴν
703 2055 941 2140 προίεται
959 2103 975 2133 ,
995 2063 1064 2127 ὡς
1082 2057 1153 2118 ὧν
1174 2060 1484 2139 Ἀριστείδης
1508 2065 1536 2120 δ
1554 2060 1673 2129 τοὺς
1691 2060 1873 2142 φόρους
1899 2060 2058 2130 τάξας

502 2154 605 2212 τοῖς
630 2145 916 2220 Ἕλλησιν,
943 2151 971 2204 ὁ
1016 2145 1207 2213 δίκαιος
1248 2146 1649 2225 ἐπικαλούμενος
1666 2195 1683 2222 ,
1731 2147 2055 2228 δυσχεραίνει

504 2233 593 2292 καὶ
616 2234 901 2292 καταπτύει
932 2233 1257 2313 δωροδοκίας.
1343 2233 1441 2313 (24)
1462 2231 1740 2294 Ἀκούσατε
1771 2233 1833 2305 δὴ
1858 2235 1974 2300 τούς
1999 2256 2054 2292 τε

502 2319 783 2400 ἡμετέρους
799 2319 1008 2397 λόγους,
1046 2321 1131 2387 οὓς
1159 2320 1371 2398 εἴπομεν
1399 2320 1528 2400 ὑπὲρ
1568 2325 1745 2399 ὑμῶν,
1778 2321 1869 2380 καὶ
1896 2321 2054 2380 πάλιν

504 2407 587 2473 οὓς
619 2407 678 2464 τὸ
720 2405 855 2485 μέγα
882 2405 1061 2488 ὄφελος
1096 2411 1190 2479 τ’ἧς
1229 2409 1427 2474 πόλεως
1455 2407 1630 2488 εἴρηκε
1647 2452 1663 2482 ,
1687 2407 2021 2486 Δημοσθένης
2037 2455 2054 2485 ,

500 2492 570 2550 ἵν’
599 2491 775 2574 ἐφεξῆς
800 2492 890 2551 καὶ
919 2492 1055 2551 κατὰ
1097 2493 1283 2573 μικρὸν
1322 2493 1451 2572 πρὸς
1474 2493 1671 2552 ἕκαστα
1698 2497 1801 2553 τῶν
1829 2517 2053 2570 κατηγο-

506 2581 739 2658 ρημένων
783 2578 1216 2685 ἀπολογήσωμαι.
1302 2579 1538 2640 Ἐπαινῶ
1568 2581 1615 2638 δ’
1649 2583 1720 2646 εἰς
1759 2579 2054 2659 ὑπερὸολὴν

423 2689 475 2727 21,
503 2665 701 2731 πάντας
736 2669 902 2741 ὑμᾶς,
930 2686 976 2721 ω
1010 2663 1217 2744 ἄνδρες,
1262 2663 1349 2723 ὅτι
1376 2671 1497 2743 σιγῇ
1524 2665 1613 2724 καὶ
1662 2665 1871 2730 δικαίως
1902 2668 2055 2741 ἡμῶν

504 2749 733 2809 ἀκούετε·
762 2747 897 2807 ὥστε
938 2749 1027 2808 ἐάν
1054 2772 1108 2807 τι
1140 2747 1213 2822 μὴ
1241 2749 1384 2808 λύσω
1429 2753 1532 2808 τῶν
1574 2750 2016 2830 κατηγορημένων
2033 2797 2052 2830 ,

502 2840 599 2916 οὐχ
616 2841 773 2913 ὑμᾶς,
802 2835 917 2894 ἀλλ’
938 2835 1160 2913 ἐμαυτὸν
1184 2837 1503 2913 αἰτιάσομαι.

580 2943 652 2984 25.
688 2921 904 2994 Ἐπειδὴ
932 2922 1034 3001 γὰρ
1074 2923 1120 2981 οἱ
1158 2923 1495 3004 πρεσ6ύτεροι
1517 2927 1631 2991 ταῖς
1663 2923 1888 2995 ἡλικίαις
1929 2922 2056 3005 ὑπὲρ

504 3013 596 3080 τῆς
618 3007 893 3089 πρεσὸείας
921 3008 1191 3088 εἷρήκεσαν
1213 3009 1301 3069 καὶ
1330 3015 1555 3082 καθῆκεν
1582 3013 1652 3077 εἷς
1674 3016 1816 3087 ἡμᾶς
1839 3016 1867 3069 ὁ
1889 3010 2057 3089 λόγος,

512 3095 581 3153 τὰ
609 3093 703 3171 μὲν
730 3099 847 3153 καθ’
887 3094 1085 3154 ἕκαστα
1112 3098 1215 3153 τῶν
1240 3097 1349 3154 ἐκεῖ
1389 3096 1643 3178 ῥηθέντων
1688 3097 1776 3155 ὑπ’
1805 3099 1932 3174 ἐμοῦ
1963 3097 2054 3155 καὶ

508 3181 625 3248 τοὺς
642 3181 771 3260 πρὸς
790 3187 959 3241 ταῦτα
980 3181 1253 3260 λεχθέντας
1274 3182 1375 3241 ὑπὸ
1398 3183 1673 3243 Φιλίππου
1693 3183 1874 3261 λόγους
1901 3185 1955 3241 ἐν
1976 3185 2053 3261 τῷ

511 3269 665 3347 δήμῳ
689 3270 865 3348 σαφῶς
891 3267 1183 3347 ἀπήγγειλα
1208 3268 1336 3348 πρὸς
1358 3269 1589 3336 ἅπαντας
1616 3267 1926 3342 Ἀθηναίους,
1949 3267 2057 3326 νυνὶ

430 3368 484 3406 80
514 3356 565 3413 δὲ
606 3355 922 3435 πειράσομαι
967 3354 1052 3414 διὰ
1096 3355 1393 3437 κεφαλαίων
1442 3359 1578 3433 ὑμᾶς
1622 3355 2051 3433 ὑπομιμνήσκειν.

512 3445 599 3518 (aa)
621 3444 839 3521 Πρῶτον
856 3441 951 3517 μὲν
969 3442 1069 3522 γὰρ
1091 3445 1218 3522 πρὸς
1232 3443 1385 3502 αὐτὸν
1404 3443 1664 3516 διεξῆλθον
1684 3442 1780 3515 τὴν
1798 3441 2056 3522 πατρικὴν

505 3525 703 3585 εὔνοιαν
733 3527 823 3586 καὶ
849 3527 939 3594 τὰς
969 3528 1261 3608 εὐεργεσίας
1294 3528 1352 3595 ἃς
1372 3532 1516 3606 ὑμεῖς
1540 3528 1801 3609 ὑπήρξατε
1828 3527 2055 3608 Ἀμύντᾳ

502 3615 575 3693 τῷ
614 3613 891 3674 Φιλίππου
922 3613 1114 3694 πατρί,
1146 3615 1287 3674 οὐδὲν
1330 3615 1688 3695 παραλείπων,
1734 3616 1850 3674 ἀλλ’
1876 3613 2056 3695 ἐφεξῆς

502 3700 708 3759 ἅπαντα
736 3699 1144 3779 ὑπομιμνήσκων
1165 3745 1182 3776 ,
1204 3700 1438 3781 δεύτερον
1469 3700 1525 3760 δὲ
1554 3693 1625 3760 ὧν
1650 3700 1803 3767 αὐτὸς
1828 3692 1893 3772 ἦν
1918 3700 2053 3780 μάρ·

500 3811 589 3854 τυς
608 3778 665 3845 εἶ
691 3788 891 3848 παθών.
972 3787 1221 3865 Ἀμύντου
1240 3787 1343 3864 ,μὲν
1370 3787 1470 3866 γὰρ
1493 3787 1674 3846 νεωστὶ
1695 3785 2054 3857 τετελευτηκό-

500 3895 587 3940 τος
626 3873 717 3932 καὶ
755 3871 1081 3953 Ἀλεξάνδρου
1117 3879 1206 3931 τοῦ
1245 3873 1606 3953 πρεσὸυτάτου
1643 3875 1745 3930 τῶν
1788 3873 2053 3952 ἀδελφῶν,

488 3959 795 4039 ’Περδίκκου
821 3958 875 4017 δὲ
906 3959 995 4018 καὶ
1018 3957 1292 4019 Φιλίππου
1326 3958 1523 4016 παίδων
1553 3957 1741 4030 ὄντων,
1768 3957 2057 4037 Εὐρυδίκης

420 4067 480 4106 ss
506 4045 564 4106 δὲ
590 4051 684 4116 τῆς
706 4043 903 4123 μητρὸς
924 4047 1093 4104 αὐτῶν
1120 4044 1499 4121 προδεδομένης
1521 4043 1624 4101 ὑπὸ
1648 4047 1751 4102 τῶν
1775 4042 2055 4101 δοκούντων

506 4135 678 4198 αὐτοῖς
702 4123 831 4190 εἶναι
855 4130 1047 4210 φίλων,
1129 4131 1220 4209 (27)
1254 4130 1553 4190 Παυσανίου
1578 4129 1622 4188 δ’
1653 4129 1739 4188 ἐπὶ
1764 4129 1857 4199 τὴν
1890 4128 2056 4208 ἀρχὴν

506 4223 677 4277 αὐτῶν
754 4217 1044 4288 κατιόντος,
1108 4217 1333 4298 φυγάδος
1388 4215 1482 4292 μὲν
1532 4215 1703 4293 ὄντος,
1756 4218 1833 4296 τῷ
1890 4221 2058 4297 καιρῷ

506 4304 551 4364 δ’
585 4304 873 4383 ἰσχύοντος,
891 4305 1097 4362 πολλῶν
1120 4305 1166 4362 δ’
1192 4306 1334 4384 αὐτῷ
1362 4304 1831 4382 συμπραττόντων,
1850 4301 2056 4381 ἔχοντος

509 4393 564 4450 δὲ
593 4391 907 4461 Ἑλληνικὴν
946 4390 1197 4466 δύναμιν,
1220 4393 1491 4470 εἰληφότος
1516 4390 1571 4449 δὲ
1601 4390 1940 4467 Ἀνθεμοῦντα
1967 4390 2058 4449 καὶ

506 4479 727 4559 Θέρμαν
744 4479 835 4537 καὶ
854 4477 1093 4558 Στρέψαν
1114 4480 1207 4538 καὶ
1234 4478 1349 4536 ἄλλ’
1374 4478 1503 4537 ἄττα
1527 4477 1715 4557 χωρία,
1740 4477 2055 4536 Μακεδόνων

510 4566 563 4625 δὲ
592 4569 691 4646 οὐχ
709 4564 1077 4642 ὁμονοούντων,
1098 4566 1236 4624 ἀλλὰ
1255 4568 1356 4623 τῶν
1378 4564 1635 4624 πλείστων
1660 4563 1727 4622 τὰ
1756 4561 2056 4624 Παυσανίου

430 4676 485 4714 ⁴0
512 4651 855 4732 φρονούντων,
906 4650 991 4710 ἐπὶ
1039 4653 1143 4708 τῶν
1186 4652 1379 4730 καιρῶν
1427 4649 1621 4710 τούτων
1662 4649 2057 4732 ἐχειροτόνησαν

502 4737 767 4811 Ἀθηναῖοι
788 4736 1074 4818 στρατηγὸν
1096 4737 1179 4795 ἐπ’
1202 4734 1509 4815 Ἀμφίπολιν
1531 4733 1854 4814 Ἰφικράτην,
1874 4733 2057 4812 Ἀμφι-

426 4845 439 4854 ·
508 4825 733 4882 πολιτῶν
756 4825 923 4882 αὐτῶν
949 4823 1171 4902 ἐχόντων
1194 4821 1289 4894 τὴν
1314 4821 1463 4880 πόλιν
1492 4821 1581 4880 καὶ
1606 4820 1700 4892 τὴν
1730 4819 1908 4903 χώραν
1937 4817 2056 4876 τότε

510 4908 901 4990 καρπουμένων.
980 4911 1076 4986 (28)
1124 4909 1460 4990 Ἀφικομένου
1508 4907 1553 4966 δ’
1597 4909 1665 4974 είς
1712 4906 1832 4973 τοὺς
1873 4904 2058 4970 τόπους

509 4996 835 5076 Ἰφικράτους
858 4997 971 5072 μετ’
987 4995 1173 5075 ὀλίγων
1189 4995 1249 5054 τὸ
1266 4999 1471 5076 πρῶτον
1486 4998 1631 5067 νεῶν,
1650 4993 1736 5052 ἐπὶ
1751 4997 2057 5070 κατασκοπῇ

513 5084 711 5158 μᾶλλον
735 5085 837 5140 τῶν
865 5083 1187 5162 πραγμάτων
1222 5082 1257 5155 ἢ
1287 5081 1557 5162 πολιορκίᾳ
1599 5085 1690 5152 τῆς
1713 5081 1940 5151 πόλεως,
1971 5081 2056 5137 ἐν-

504 5169 678 5242 ταῦθ’,
716 5169 840 5250 ἔφην
874 5169 1004 5250 ἐγώ,
1026 5171 1395 5250 μετεπέμψατο
1422 5168 1578 5228 αὗτὸν
1606 5167 1865 5248 Εὐρυδίκη
1890 5171 1926 5239 ἡ
1953 5167 2058 5244 μή·-

3427 463 3694 538 (acar—212⁹.-

2147 600 2383 651 memus,
2405 591 2464 639 ut
2493 592 2610 639 natu
2643 589 2841 638 maximi
2871 588 3012 652 printi
3035 590 3182 640 verba
3204 590 3441 652 tacerent,
3461 595 3514 642 et
3535 594 3698 655 reliqui

2145 695 2234 745 pro
2249 686 2409 734 aetate.
2475 687 2589 734 Erat
2605 687 2769 734 autem
2793 685 3008 734 nostrum
3030 686 3144 735 natu
3165 685 3393 736 minimus
3406 722 3421 746 ,
3445 687 3502 734 ut
3519 687 3698 748 aiebat,

2147 780 2501 829 Demosthenes.
2567 781 2632 830 Ut
2649 781 2776 829 intro
2795 779 2952 829 vocati
2970 792 3137 829 sumus
3151 806 3216 817 —
3229 781 3338 830 haec
3353 779 3606 843 diligenter
3621 795 3698 830 ve·

2145 869 2230 920 lim
2268 884 2354 920 vos
2384 870 2779 921 animadvertere.
2843 871 2968 920 Hinc
3002 872 3129 921 enim
3167 873 3459 936 perspicietis
3491 875 3694 924 hominis

2145 944 2708 1038 invidiam⁰immensam,
2735 963 2972 1024 ingentem
2994 963 3295 1014 timiditatem
3317 965 3535 1015 simulet
3561 965 3694 1014 mali-

2145 1055 2261 1104 tiam
2276 1091 2290 1116 ,
2309 1058 2358 1104 et
2369 1055 2488 1105 tales
2509 1054 2701 1104 insidias
2717 1057 2885 1103 contra
2897 1053 3110 1115 ejusdem
3128 1058 3178 1105 et
3195 1069 3371 1106 menate
3390 1060 3442 1107 et
3454 1057 3700 1119 legationis

2145 1146 2299 1196 socios
2310 1182 2325 1207 ,
2345 1145 2510 1209 quales
2530 1159 2626 1196 non
2645 1145 2780 1195 facile
2797 1145 3052 1209 quisquam
3074 1147 3150 1196 vel
3169 1151 3336 1199 contra
3353 1149 3702 1200 inimicissimos

2146 1241 2455 1305 compararet.
2492 1243 2611 1290 Nam
2625 1251 2776 1302 quum
2793 1239 2942 1288 salem
2953 1239 3159 1290 civitatis
3171 1245 3220 1290 et
3233 1255 3450 1292 mensam
3463 1243 3697 1304 publicam

2145 1336 2342 1388 maximi
2374 1348 2426 1384 se
2463 1335 2616 1384 facere
2645 1332 2804 1393 dicat,
2837 1346 2934 1382 non
2959 1335 3032 1383 est
3061 1347 3124 1384 ex
3153 1338 3318 1385 nostro
3343 1337 3450 1386 solo
3483 1337 3700 1398 (dicetur

2145 1428 2302 1491 enim)
2325 1439 2482 1488 neque
2505 1425 2654 1476 nostri
2675 1425 2876 1487 generis.
2943 1425 3040 1487 (23)
3073 1427 3169 1474 Nos
3205 1438 3349 1487 vero,
3381 1427 3472 1488 qni
3497 1440 3634 1477 sam-a
3655 1433 3699 1478 et

2145 1520 2457 1570 monumenta
2491 1516 2726 1577 majorum
2761 1516 2996 1566 habemus
3027 1515 3074 1565 in
3105 1517 3262 1578 patria
3276 1553 3291 1577 ,
3327 1519 3380 1567 et
3411 1521 3700 1570 commeatu

2145 1615 2289 1673 atque
2305 1609 2640 1660 familiaritates
2651 1607 2896 1657 vobiscum
2910 1607 3146 1670 liberales,
3160 1609 3430 1672 etlcgitima
3445 1611 3697 1676 connubia,

2146 1708 2196 1755 et
2214 1704 2382 1756 aflines
2399 1704 2448 1752 et
2469 1703 2642 1752 liberos
2653 1737 2669 1760 ,
2694 1700 2890 1750 Athenis
2906 1699 3102 1762 quidem
3121 1701 3303 1752 ruimus
3331 1702 3466 1764 digni
3483 1738 3500 1762 ,
3533 1703 3698 1766 quibua

2145 1793 2263 1844 tides
2281 1807 2312 1842 a
2329 1792 2464 1842 vobis
2479 1791 2732 1841 haberetur
2751 1791 2996 1853 (alioquin
3010 1792 3138 1841 enim
3155 1804 3243 1841 nos
3267 1805 3366 1841 non
3397 1793 3672 1858 legamus)
3683 1835 3696 1858 ,

2147 1887 2195 1935 in
2219 1883 2546 1935 Macedoniam
2574 1885 2736 1932 autem
2769 1882 2991 1946 profecti,
3013 1881 3176 1932 subito
3199 1895 3367 1933 sumus
3396 1885 3518 1935 tacti
3547 1888 3698 1948 prodi-

2145 1981 2290 2029 tores.
2354 1979 2462 2038 lpse
2477 1987 2616 2034 vero,
2634 1975 2718 2036 qui
2731 1974 2913 2023 nullam
2931 1974 3114 2036 partem
3133 1975 3348 2036 corporis
3364 1989 3466 2024 non
3487 1977 3697 2026 venalem

2147 2072 2288 2121 habet
2301 2109 2314 2133 ,
2337 2084 2400 2120 na
2419 2083 2526 2120 eam
2547 2070 2742 2132 quidem
2763 2069 2892 2119 unde
2909 2082 3076 2120 vocem
3093 2071 3301 2134 emittit,
3323 2071 3466 2134 quasi
3483 2073 3699 2122 Aristides

2145 2163 2269 2212 esset
2291 2162 2374 2224 qui
2391 2161 2573 2211 tributa
2589 2163 2768 2212 Graecis
2784 2161 3053 2224 ordinavit,
3077 2165 3128 2212 et
3140 2163 3299 2224 iustus
3321 2165 3698 2227 cognominatur,

2145 2260 2391 2307 aversatur
2407 2259 2457 2307 et
2472 2257 2661 2320 despuit
2675 2257 2961 2319 largitiones.
3027 2259 3127 2320 (24)
3147 2260 3318 2310 Audite
3335 2261 3487 2323 igitur
3503 2275 3588 2312 eas
3603 2277 3697 2312 ora·

2147 2349 2326 2410 tiones»,
2346 2363 2465 2412 quas
2495 2362 2582 2399 nos
2603 2347 2858 2398 habuimus
2873 2364 2960 2414 pro
2981 2351 3116 2400 vobis
3137 2363 3195 2400 ac
3219 2352 3426 2402 vicissim
3459 2368 3573 2414 eas,
3592 2369 3700 2418 quaa

2147 2457 2372 2508 magnum
2403 2445 2677 2507 reipublicoe
2705 2445 3058 2494 munimentum
3081 2447 3428 2498 Demosthenes
3451 2449 3696 2511 recitavit,

2146 2543 2201 2590 ut
2221 2541 2387 2590 ordine
2411 2553 2469 2592 ac
2495 2541 2782 2604 pedetentim
2808 2541 2992 2604 singula
3011 2542 3166 2604 capita
3197 2543 3526 2594 accusationis
3541 2544 3698 2594 dissol-

2145 2647 2272 2683 vam.
2340 2634 2504 2684 Laudo
2538 2638 2702 2684 autem
2735 2648 2879 2698 supra
2911 2635 3110 2686 modum
3143 2650 3310 2688 omnes
3344 2651 3462 2700 vos,
3495 2640 3697 2701 jndices,

2145 2731 2276 2798 quod
2301 2745 2413 2781 cum
2435 2733 2647 2806 silentio,
2677 2735 2728 2782 et
2749 2734 2804 2782 ut
2823 2745 3016 2796 aequum
3039 2735 3140 2794 est,
3163 2746 3252 2784 nos
3273 2733 3471 2784 auditis.
3539 2739 3696 2797 ltaque

2145 2825 2185 2876 si
2201 2827 2331 2889 qnod
2349 2827 2528 2878 crimen
2547 2841 2643 2878 non
2663 2829 2878 2880 refellere
2894 2867 2910 2892 ,
2932 2843 3011 2880 me
3039 2831 3224 2894 ipsum,
3255 2845 3352 2882 non
3378 2846 3470 2884 vos
3490 2835 3698 2896 culpabo.

2207 2933 2283 2977 25.
2297 2931 2461 2986 Quum
2471 2929 2614 2991 igitur
2625 2931 2740 2978 natu
2751 2931 2954 2991 majores
2965 2914 3049 2993 pro
3059 2929 3293 2992 legatione
3300 2931 3449 2982 verba
3460 2933 3693 2995 fecissent,

2145 3023 2206 3073 ad
2227 3005 2314 3074 nos
2331 3027 2545 3088 pervenit
2562 3027 2705 3077 series
2720 3027 2964 3077 orationis.
3028 3031 3099 3076 Ea
3115 3041 3260 3090 porro
3277 3028 3465 3091 singula
3483 3043 3596 3092 quae
3613 3031 3700 3078 illic

2144 3136 2173 3171 a
2201 3135 2276 3171 me
2297 3122 2424 3171 dicta
2446 3124 2583 3184 sunt,
2603 3125 2652 3174 et
2670 3123 2874 3172 vicissim
2893 3136 3005 3185 quae
3026 3137 3056 3172 a
3075 3123 3287 3186 Philippo
3314 3128 3429 3174 sunt
3449 3137 3696 3187 responsa,

2145 3232 2231 3282 pro
2248 3219 2475 3268 concione
2488 3220 2735 3282 perspicue
2755 3221 3023 3273 renuntiavi
3041 3221 3168 3284 apud
3184 3222 3431 3272 universos
3443 3223 3694 3273 Athenien·

2145 3331 2253 3380 ses3
2283 3331 2410 3368 nunc
2433 3332 2517 3381 per
2548 3319 2703 3382 capita
2722 3319 2975 3370 dummxat
2995 3320 3129 3371 vobis
3153 3322 3204 3370 in
3231 3322 3520 3371 memoriam
3545 3335 3603 3370 ea
3629 3336 3697 3371 rc·

2145 3431 2317 3468 vocare
2348 3418 2575 3468 conabor.
2649 3420 2746 3481 (26)
2786 3419 2995 3468 Primum
3027 3418 3154 3482 apud
3183 3433 3298 3470 eum
3325 3422 3694 3472 commorari

2143 3519 2391 3578 paternam
2425 3515 2802 3566 benevolentiam
2820 3553 2836 3578 ,
2873 3519 2926 3566 et
2961 3517 3190 3566 beneficia
3221 3531 3332 3581 quie
3363 3520 3412 3570 in
3439 3523 3696 3583 Amyntam

2142 3617 2326 3677 patrem
2351 3615 2550 3678 Philippi
2580 3615 2923 3677 contulissetis,
2941 3615 3059 3666 nihil
3086 3617 3457 3679 praetermittens
3475 3655 3492 3681 ,
3514 3619 3599 3669 aed
3623 3635 3695 3668 or-

2143 3713 2254 3763 dine
2277 3716 2439 3763 omnia
2455 3727 2832 3764 commemorans
2853 3734 2865 3764 :
2890 3717 2941 3765 et
2965 3716 3136 3767 deinde
3157 3718 3354 3781 merita,
3375 3731 3593 3781 quorum
3610 3722 3700 3784 ipse

2143 3815 2278 3865 toetis
2302 3816 2421 3865 erat.
2486 3817 2609 3864 Nam
2642 3817 2846 3876 Amynta
2877 3829 3042 3867 recens
3066 3817 3322 3879 defuncto,
3347 3820 3397 3868 ct
3427 3820 3698 3870 Alexandro

2145 3913 2348 3962 fratrum
2370 3917 2486 3964 natu
2505 3913 2741 3976 maximo,
2772 3913 2996 3964 Perdicca
3016 3915 3066 3964 et
3090 3913 3308 3978 Philippo
3327 3917 3521 3978 pueris,
3545 3922 3695 3981 Eury-

2144 4011 2250 4062 dice
2265 4014 2426 4062 autem
2444 4014 2597 4062 matre
2611 4023 2777 4061 eorum
2792 4011 2854 4060 ab
2871 4011 2928 4060 iis
2939 4025 3062 4073 quos
3073 4013 3254 4062 amicos
3271 4013 3360 4062 sibi
3379 4025 3486 4063 esse
3501 4015 3697 4078 putabat

2143 4111 2400 4174 destituta,
2425 4112 2524 4175 (27)
2557 4115 2607 4162 et
2627 4112 2856 4162 Pausania
2878 4111 2930 4160 in
2951 4112 3204 4174 imperium
3221 4125 3388 4162 eorum
3415 4113 3696 4172 invadente,

2145 4215 2228 4278 qui
2253 4213 2474 4276 quamvis
2501 4214 2643 4273 exul,
2673 4215 2836 4262 tamen
2867 4214 3058 4276 proptu-
3083 4215 3299 4275 tempora
3324 4214 3535 4263 multum
3567 4215 3695 4275 pote-

2145 4315 2247 4375 rat,
2267 4313 2422 4375 utqui
2457 4315 2507 4362 et
2539 4312 2800 4361 multorum
2815 4309 2974 4360 studia
3003 4309 3226 4369 haberet,
3251 4311 3300 4358 et
3337 4310 3522 4360 Groecis
3555 4310 3696 4372 copiis

2145 4407 2359 4456 munitus
2375 4405 2527 4466 esset,
2561 4406 2610 4454 et
2638 4403 3012 4452 Anthemuntem
3031 4435 3046 4460 ,
3063 4400 3321 4450 Ther-mam
3335 4437 3351 4462 ,
3380 4403 3626 4464 snepsam
3647 4403 3692 4447 et

2145 4499 2237 4548 alia
2254 4497 2474 4561 quaedam
2492 4495 2666 4558 oppida
2682 4495 2904 4556 cepisset,
2925 4471 3262 4542 Macedonibus
3279 4505 3374 4558 non
3397 4491 3696 4542 consentien-

2145 4593 2298 4653 tibus,
2322 4590 2404 4640 sed
2437 4591 2673 4652 plerisque
2705 4587 2949 4638 Pausaniae
2979 4585 3278 4636 faventibus:
3310 4585 3384 4634 hia
3409 4583 3557 4646 igitur
3579 4588 3696 4634 tem-

2145 4685 2340 4750 poribus
2385 4684 2691 4734 Athenienses
2725 4680 3009 4744 lphicratem
3054 4678 3116 4730 ad
3147 4678 3468 4741 Amphipolim
3517 4679 3697 4727 misisse

2145 4793 2256 4829 cum
2283 4777 2500 4840 imper-ic,
2524 4789 2676 4838 quum
2711 4774 2798 4836 ipsi
2825 4773 3161 4836 Amphipolitae
3195 4771 3366 4820 urbem
3395 4771 3621 4820 tenerent
3653 4773 3698 4818 et

2147 4882 2246 4942 agri
2267 4881 2452 4930 tructus
2464 4877 2776 4941 perciperent.
2805 4875 2905 4936 (28)
2927 4879 3088 4934 Quum
3108 4873 3252 4935 igitur
3273 4873 3322 4920 in
3340 4885 3398 4921 ea
3416 4873 3522 4921 loca
3545 4872 3697 4922 venis·

2145 4981 2217 5028 set
2245 4977 2529 5040 lphicratoe,
2549 4972 2778 5035 principio
2807 4983 2920 5020 cum
2951 4969 3116 5032 paucis
3144 4967 3347 5018 navibus
3375 4965 3695 5030 exploranda·

2149 5089 2257 5126 rum
2281 5087 2440 5124 rerum
2464 5085 2610 5122 causa
2639 5071 2788 5131 magis
2813 5080 2958 5130 quam
2980 5065 3251 5116 obsidenda
3277 5064 3438 5124 urbis,
3456 5065 3566 5113 tum
3579 5100 3594 5123 ,
3631 5065 3694 5110 in·

2145 5184 2310 5237 quam,
2325 5181 2436 5220 eum
2452 5165 2699 5216 accersivit
2713 5165 2866 5213 mater
2883 5163 2968 5210 tua
2988 5159 3214 5222 Eurydice
3227 5161 3276 5208 et
3293 5159 3369 5221 (ut
3387 5158 3420 5208 ii
3435 5157 3606 5208 dicunt
3617 5156 3695 5218 qui
