3825 5834
116 570 159 654 (ι
170 545 377 617 ιι-ειε)

830 537 1209 601 AEscmms
1254 539 1371 600 οιι.
1410 539 1512 602 ns
1554 540 1769 601 MALE
1808 541 2052 604 essu
2099 543 2553 607 molinons.
2907 507 2920 516 ⁹
3205 555 3279 608 eo

116 681 251 758 τηρὴ
281 672 371 746 σή,
399 671 488 732 καὶ
524 668 593 739 ὥς
620 693 681 749 γε
704 670 769 742 δὴ
798 670 1032 744 λέγουσιν
1065 672 1113 730 οἱ
1139 671 1389 749 παρόντες
1410 669 1600 738 πάντες
1614 714 1631 744 ,
1724 681 1970 732 affuerunt
1993 695 2162 734 omnes
2183 683 2201 746 )
2223 684 2613 734 perdiscamus
2650 685 2738 734 tuo
2760 683 2810 732 in
2833 695 3007 733 manus
3036 673 3284 746 iphicrati·

60 766 383 843 32Περδίκκαν
411 759 505 836 μὲν
528 757 618 817 τὸν
644 757 861 838 ἀδελφὸν
896 757 985 816 τὸν
1012 757 1102 816 σὸν
1143 757 1523 830 καταστήσασα
1564 759 1635 824 εἰς

112 853 193 916 τὰς
228 857 395 930 χεῖρας
419 844 515 912 τὰς
553 843 904 926 Ἰφικράτους,
948 843 1005 902 σὲ
1036 845 1090 902 δὲ
1127 846 1201 912 εἰς
1235 843 1303 903 τὰ
1344 843 1535 922 γόνατα
1565 844 1633 904 τὰ

114 937 283 997 ἐκείνου
312 938 455 992 θεῖσα
474 930 687 990 παιδίον
707 931 860 1006 ὄντα,
884 921 1025 990 εἶπεν
1053 928 1131 988 ὅτι
1158 957 1183 984 ιι
1204 930 1459 1006 Ἀμύντας
1483 934 1512 989 ὁ
1537 953 1637 988 πα.

114 1023 199 1102 ιὴρ
220 1025 315 1080 riis
332 1019 535 1078 παίδων
564 1017 763 1078 τούτων
788 1016 861 1075 ὅτ’
890 1016 980 1089 ἔζη
1002 1017 1113 1074 υἱὸν
1136 1016 1419 1088 ἐποιήσατό
1450 1040 1509 1076 σε
1525 1062 1541 1090 ,
1572 1021 1637 1098 τῇ

118 1111 163 1170 Si
186 1107 447 1179 Ἀθηναίων
472 1105 629 1165 πόλει
649 1105 847 1171 οἰκείως
874 1103 1163 1186 ἐχρήσατο,
1195 1103 1331 1164 ὥστε
1363 1105 1639 1182 συμὸαίνει

122 1220 191 1256 σοι
210 1196 291 1256 καὶ
316 1195 417 1274 ἰδίᾳ
434 1196 541 1252 τῶν
558 1192 763 1252 παίδων
786 1192 980 1252 τούτων
997 1196 1303 1270 γεγενῆσθαι
1322 1193 1527 1274 ἀδελφῷ
1548 1193 1639 1252 καὶ

72 1309 93 1345 5
116 1283 311 1363 δημοσία
332 1283 467 1362 φίλῳ
482 1285 611 1356 ἡμῖν
634 1270 786 1338 εἶναι.
823 1307 849 1330 ¹·
936 1281 1025 1355 (υ)
1055 1278 1163 1338 Καὶ
1186 1278 1321 1355 μετὰ
1344 1284 1509 1338 ταῦτα
1536 1279 1639 1352 ἤδη

120 1371 267 1441 δέησιν
288 1367 500 1448 ἰσχυρὰν
522 1369 753 1427 ἐποιεῖτο
788 1365 877 1424 καὶ
904 1363 1033 1444 ὑπὲρ
1073 1369 1168 1436 τῆς
1202 1368 1367 1445 ἀρχῆς
1394 1365 1484 1424 καὶ
1510 1365 1639 1432 ὅλως

121 1457 229 1536 ὑπὲρ
270 1460 356 1527 τῆς
399 1451 686 1533 σωτηρίας.
771 1451 1015 1518 Ἀκούσας
1050 1449 1105 1510 δὲ
1144 1457 1313 1511 ταῦτα
1342 1451 1642 1532 Ἰφικράτης

121 1543 308 1614 ἐξήλασε
338 1539 645 1601 Παυσανίαν
668 1541 729 1598 ἐκ
757 1537 1081 1605 Μακεδονίας
1100 1537 1191 1596 καὶ
1212 1537 1307 1609 τὴν
1337 1537 1639 1598 δυναστείαν

122 1635 223 1707 ὑμῖν
246 1629 413 1688 ἔσωσε.
497 1626 611 1686 Καὶ
634 1624 769 1702 μετὰ
782 1630 945 1682 ταῦτα
972 1616 1117 1682 εἶπον
1146 1624 1266 1704 περὶ
1290 1624 1641 1702 Πτολεμαίου,

122 1717 165 1782 ὃς
186 1709 241 1786 ἦν
260 1715 521 1794 ἐπίτροπος
544 1709 880 1783 καθεστηκὼς
902 1713 1005 1768 τῶν
1032 1709 1356 1790 πραγμάτων
1369 1754 1385 1784 ,
1407 1715 1475 1778 ὣς
1502 1712 1640 1791 ἀχά-

126 1824 267 1880 ριστον
282 1801 365 1860 καὶ
390 1799 549 1858 δεινὸν
578 1796 729 1878 ἔργον
753 1795 1087 1878 διεπράξατο,
1115 1795 1372 1855 διδάσκων
1399 1793 1479 1855 ὅτι
1497 1802 1641 1878 πρῶ-

70 1909 109 1946 ιο
126 1913 193 1948 τον
226 1886 312 1964 μὲν
344 1885 465 1965 ὑπὲρ
508 1884 872 1964 Ἀμφιπόλεως
900 1883 1216 1962 ἀντέπραττε
1252 1889 1317 1964 τῇ
1357 1885 1505 1943 πόλει
1552 1885 1641 1942 καὶ

125 1975 228 2055 πρὸς
270 1972 525 2046 Θηὸαίους
569 1970 954 2051 διαφερομένων
1000 1970 1285 2042 Ἀθηναίων
1332 1971 1639 2050 συμμαχίαν

126 2062 399 2133 ἐποιήσατο,
440 2059 533 2119 καὶ
576 2059 745 2117 πάλιν
786 2063 855 2126 ὡς
898 2058 1190 2139 Περδίκκας
1226 2061 1297 2126 εἰς
1332 2057 1425 2130 τὴν
1474 2059 1641 2140 ἀρχὴν

128 2146 358 2214 καταστὰς
408 2147 537 2224 ὑπὲρ
588 2145 949 2226 Ἀμφιπόλεως
1009 2145 1303 2222 ἐπολέμησε
1356 2151 1421 2226 τῇ
1476 2148 1641 2207 πόλει.

132 2239 207 2312 (ιιι)
245 2235 340 2296 Καὶ
375 2233 468 2306 τὴν
508 2234 771 2313 ὑμετέραν
806 2233 1135 2309 ἠδικημένων
1180 2233 1319 2310 ὅμως
1347 2236 1641 2314 φιλανθρω-

128 2321 229 2378 πίαν
282 2319 513 2398 διεξῄειν,
570 2319 747 2397 λέγων
806 2319 885 2377 δτι
940 2323 1241 2398 κρατοῦντες
1298 2321 1373 2401 τῷ
1426 2319 1641 2400 πολέμῳ

130 2405 383 2486 Περδίκκαν
406 2405 793 2474 Καλλισθένους
816 2404 1104 2483 ἡγουμένου
1132 2405 1320 2484 ἀνοχὰς
1346 2404 1472 2484 πρὸς
1490 2405 1641 2464 αὐτὸν

72 2503 109 2542 1⁸
130 2494 395 2564 ἐποιήσασθε
410 2539 425 2566 ,
451 2491 531 2551 ἀεί
559 2514 702 2558 τινος
726 2494 1108 2571 προσδοκῶντες
1145 2495 1247 2550 τῶν
1284 2492 1495 2552 δικαίων
1519 2491 1641 2552 τεύ-

133 2578 287 2646 ξεσθαι.
316 2579 415 2639 Καὶ
438 2579 531 2650 τὴν
556 2579 811 2651 διαὸολὴν
838 2579 1034 2650 ταύτην
1066 2576 1360 2656 ἐπειρώμην
1385 2577 1608 2637 διαλύειν
1625 2623 1641 2648 ,

133 2667 351 2724 διδάσκων
371 2665 447 2724 ὅτι
476 2667 843 2738 Καλλισθένην
884 2670 912 2725 ὁ
947 2669 1109 2743 δῆμος
1144 2662 1441 2723 ἀπέκτεινεν
1470 2666 1527 2724 οὗ
1558 2664 1643 2724 διὰ

134 2751 207 2820 τὰς
236 2753 345 2832 πρὸς
372 2753 675 2834 Περδίκκαν
721 2753 942 2833 ἀνοχάς,
974 2751 1110 2812 ἀλλὰ
1139 2751 1201 2809 δι’
1237 2750 1415 2832 ἐτέρας
1450 2753 1639 2819 αἰτίας.

136 2840 221 2897 Καὶ
238 2841 377 2898 πάλιν
397 2842 486 2898 οὐκ
510 2837 713 2899 ὤκνουν
741 2839 855 2899 κατ’
888 2841 1048 2898 αὐτοῦ
1068 2837 1238 2916 λέγειν
1251 2884 1269 2916 ,
1290 2839 1543 2917 ἐπιτιμῶν
1564 2839 1645 2899 ὅτι

132 2923 207 2995 τὴν
225 2927 419 3006 ἐκδοχὴν
450 2925 741 2998 ἐποιήσατο
786 2925 915 3006 πρὸς
954 2925 1051 2998 τὴν
1084 2924 1235 2984 πόλιν
1262 2930 1353 2986 τοῦ
1386 2925 1640 3002 πολέμου.

136 3017 203 3088 (ιι)
232 3015 325 3073 Καὶ
354 3015 549 3073 πάντων
568 3006 645 3074 ὧν
666 3013 869 3088 εἴποιμι
892 3011 1157 3093 μάρτυρας
1184 3012 1275 3080 τὰς
1298 3012 1505 3072 ἐκείναιν
1532 3015 1643 3073 ἐπι-

74 3111 114 3150 tu
136 3097 287 3166 στολὰς
304 3101 621 3180 παρειχόμην
664 3099 761 3158 καὶ
788 3099 855 3157 τὰ
877 3099 1188 3179 ψηφίσματα
1220 3105 1311 3158 τοῦ
1349 3098 1517 3176 δήμου
1558 3101 1646 3160 καὶ

134 3183 207 3248 τὰς
222 3187 571 3255 Καλλισθένους
598 3185 817 3266 ἀνοχάς.
902 3187 1035 3266 Περὶ
1060 3186 1153 3262 μὲν
1177 3175 1263 3244 οὗν
1292 3189 1382 3256 τῆς
1400 3186 1451 3255 ἐξ
1480 3189 1647 3268 ἀρχῆς

140 3271 331 3340 κτήσεως
348 3278 435 3345 ez<
465 3273 644 3354 χώρας
678 3274 771 3332 καὶ
808 3275 911 3332 τῶν
940 3271 1271 3349 καλουμένων
1302 3271 1485 3332 Ἐννέα
1514 3275 1644 3332 ὁδῶν

136 3359 207 3415 καὶ
229 3359 335 3439 περὶ
376 3365 475 3420 τῶν
517 3361 747 3432 Θησέως
772 3360 973 3419 παίδων
989 3406 1005 3433 ,
1046 3349 1118 3418 ὧν
1162 3359 1395 3437 Ἀκάμας
1440 3360 1645 3439 λέγεται

136 3443 289 3522 φερνὴν
312 3449 389 3506 ἐπὶ
414 3452 477 3527 τῇ
500 3448 714 3526 γυναικὶ
739 3446 919 3506 λαόεῖν
940 3446 1037 3518 τὴν
1064 3446 1244 3526 χώραν
1270 3446 1467 3517 ταύτην
1489 3492 1506 3519 ,
1529 3449 1645 3508 τότε

134 3531 207 3605 μὲν
226 3531 427 3612 ἥρμοττε
447 3535 615 3614 λέγειν
638 3534 735 3594 καὶ
752 3532 943 3614 ἐρρήθη
961 3536 1031 3600 ὡς
1048 3533 1311 3613 ἐνεδέχετο
1332 3533 1576 3614 ἀκριὸέστ
1584 3557 1646 3593 α-

134 3641 209 3688 ta,
239 3621 335 3679 νυνὶ
359 3620 409 3680 δὲ
436 3621 561 3688 ἴσως
587 3621 797 3698 ἀνάγκη
825 3619 1121 3698 συντέμνειν
1148 3619 1265 3689 τοὺς
1286 3619 1485 3697 λόγους·
1528 3620 1561 3680 ἃ
1590 3618 1643 3680 δὲ

78 3725 115 3763 ιε
134 3695 183 3774 ἦν
200 3709 283 3764 τῶν
303 3707 520 3785 σημείων
548 3711 647 3768 οὐκ
670 3711 726 3766 ἐν
760 3708 863 3776 τοῖς
892 3706 1125 3788 ἀρχαίοις
1166 3706 1371 3783 μύθοις,
1410 3707 1526 3766 ἀλλ’
1562 3709 1641 3788 ἐφ’

136 3795 253 3863 ἡμῶν
272 3793 603 3874 γεγενημένα,
633 3793 834 3853 τούτων
856 3793 1205 3870 ἐπεμνήσθην.
1291 3795 1379 3870 (32)
1412 3794 1643 3872 Συμμα-

134 3877 229 3953 κῖῑς
246 3878 333 3960 γὰρ
349 3880 776 3959 Λακεδαιμονίων
800 3881 889 3940 καὶ
907 3882 1009 3938 τῶν
1031 3879 1201 3938 ἄλλων
1222 3877 1490 3952 Ἑλλήνων
1519 3904 1643 3940 συν-

136 3965 365 4040 ciendo-qq,
402 3959 475 4035 εἷς
496 3967 567 4028 ὢν
603 3967 805 4027 τούτων
831 3966 1085 4044 Ἀμύντας
1108 3969 1137 4024 ὁ
1165 3965 1442 4027 Φιλίππου
1468 3968 1643 4048 πατὴρ

138 4049 205 4106 καὶ
222 4052 417 4128 πέμπων
442 4053 691 4134 σύνεδρν
718 4052 809 4111 καὶ
833 4057 925 4124 τῆς
951 4054 1066 4112 καθ’
1095 4052 1251 4111 αὑτὸν
1281 4052 1450 4135 ψήφου
1476 4054 1646 4133 κύριος

136 4134 191 4192 ὧν
224 4139 483 4220 ἐψηφίσατο
519 4140 837 4221 Ἀμφίπολιν
878 4138 975 4210 τὴν
1015 4138 1294 4211 Ἀθηναίων
1335 4139 1645 4220 συνεξαιρεῖν

140 4223 243 4298 μετὰ
263 4229 352 4285 τὶἷιν
394 4228 566 4287 ἄλλων
590 4225 872 4298 Ἑλλήνων
908 4225 1211 4297 Ἀθηναίοις.
1298 4227 1408 4287 Καὶ
1452 4227 1645 4287 τούτων

140 4307 183 4366 τὸ
200 4313 339 4372 κοινὸν
366 4314 532 4394 δόγμα
559 4318 669 4374 τῶν
696 4312 971 4384 Ἑλλήνων
1004 4313 1095 4371 καὶ
1121 4312 1235 4381 τοὺς
1257 4313 1645 4394 ψηφισαμένους

92 4397 279 4455 ,ἐκτῶν
303 4402 552 4476 δημοσίων
595 4399 931 4482 γραμμάτων
975 4398 1240 4480 μάρτυρας
1275 4401 1641 4482 παρεσχόμην.

143 4483 209 4560 sta]-
226 4473 315 4546 Ὧν
336 4487 385 4546 δὲ
412 4487 667 4564 Ἀμύντας
698 4484 901 4558 ἀπέστη
928 4489 957 4544 δ
988 4487 1262 4547 Φιλίππου
1292 4487 1470 4566 πατὴρ
1496 4493 1640 4546 ἐναν-

140 4567 221 4624 τίον
238 4574 323 4628 τῶν
342 4571 607 4646 Ἑλλήνων
626 4573 897 4650 ἁπάντων,
923 4577 982 4633 οὗ
1006 4575 1158 4650 μόνον
1179 4573 1369 4652 λόγοις,
1394 4573 1530 4632 ἀλλὰ
1552 4574 1645 4634 καὶ

142 4651 511 4737 ψήφῳ-τούτων,
534 4659 669 4741 ἔφην
702 4658 831 4738 ἐγώ,
860 4659 921 4719 σὲ
946 4659 1033 4720 τὸν
1062 4659 1115 4728 ἐξ
1147 4659 1341 4720 ἐκείνου
1362 4660 1644 4738 γεγενημέ·

142 4759 205 4794 νῦν
238 4745 317 4801 οὔκ
354 4744 458 4804 ἔστι
484 4746 689 4805 δίκαιον
730 4747 1125 4806 ἀντιποιεῖσθαι.
1210 4748 1277 4806 El
1319 4746 1368 4804 δ’
1404 4747 1643 4828 ἀντιποιῇ

144 4825 252 4884 κατὰ
272 4830 480 4910 πόλεμον
502 4831 687 4892 λαὸὼν
718 4833 928 4901 εἰκότως
958 4833 1129 4914 ἔχειν,
1160 4835 1207 4892 εἰ
1231 4831 1324 4912 μὲν
1355 4833 1480 4914 πρὸς
1504 4838 1645 4912 ἡμᾶς

105 4969 107 4976 .
144 4915 391 4987 πολεμήσας
411 4919 721 5000 δοριάλωτον
741 4919 835 4992 τὴν
858 4921 1007 4979 πόλιν
1032 4911 1187 4994 εἷλες,
1210 4919 1395 5001 κυρίως
1414 4921 1549 5000 ἔχεις
1569 4923 1645 5004 τῷ

144 5003 211 5056 τῶ
226 5002 425 5080 πολέμου
442 5006 587 5089 νόμῳ
604 5007 949 5086 κτησάμενος·
970 5009 1017 5066 εἴ
1038 5008 1083 5066 δ’
1104 5007 1472 5089 Ἀμφιπολίτας
1498 5007 1643 5088 ἀφεί·

148 5085 309 5159 λωτὴν
324 5091 589 5164 Ἀθηναίων
606 5095 758 5154 πόλιν
771 5140 787 5168 ,
814 5098 873 5154 οὔ
892 5093 961 5153 τὰ
980 5093 1187 5155 ἐκείνων
1213 5094 1370 5173 ἔχεις,
1389 5094 1523 5153 ἀλλὰ
1546 5093 1642 5166 τὴν

150 5169 377 5242 Ἀθηναίων
399 5179 595 5257 χώραν.

217 5279 277 5319 a.
316 5261 589 5334 Ῥηθέντων
634 5266 691 5326 δὲ
730 5266 925 5327 τούτων
969 5267 1061 5328 καὶ
1102 5266 1291 5347 ἑτέρων
1322 5267 1507 5347 λόγων,
1536 5268 1638 5340 ἤδη

1722 779 1930 842 tradito,
1963 784 2013 830 te
2041 782 2232 841 autem,
2260 782 2344 844 qui
2374 793 2492 844 puer
2512 793 2637 831 esses
2667 779 2858 842 adliuc,
2891 781 2940 830 in
2968 793 3122 844 genua
3155 781 3284 832 illius

1721 871 1946 936 imposito
1962 908 1977 935 ,
2009 872 2160 923 dixit:
2186 894 2208 918 α
2227 875 2488 936 Amyntas,
2508 876 2642 936 pater
2659 873 2833 923 horum
2855 886 3140 937 puerorum,
3163 872 3280 924 dum

1723 965 1873 1028 vixit,
1906 967 1956 1015 et
1982 967 2033 1015 te
2061 965 2304 1030 adoptavit
2319 1003 2336 1030 ,
2371 969 2420 1018 et
2453 968 2574 1018 urbe
2604 968 2959 1019 Atheniensium
2987 967 3282 1018 familiariter

1725 1071 1840 1106 usus
1853 1058 1956 1120 est,
1977 1057 2104 1110 unde
2121 1058 2177 1109 lit
2198 1061 2252 1109 ut
2266 1060 2313 1110 et
2327 1061 2548 1124 privatim
2567 1061 2742 1111 horum
2754 1074 3018 1124 puerorum
3035 1062 3098 1112 sis
3116 1062 3279 1122 frater,

1726 1155 1776 1204 et
1804 1153 1995 1217 publice
2011 1155 2148 1205 nobis
2164 1157 2364 1206 amicus.
2383 1177 2408 1200 »ι
2433 1157 2531 1218 (29)
2555 1159 2638 1208 liis
2655 1157 2794 1208 dictis
2809 1193 2824 1218 ,
2843 1159 3150 1208 vehementer
3169 1170 3281 1206 eum

1726 1247 1962 1298 obtestata
1979 1250 2082 1310 est,
2102 1250 2208 1299 tum
2221 1262 2312 1312 pro
2341 1249 2506 1311 vobis,
2525 1253 2630 1300 tum
2663 1264 2750 1314 pro
2780 1263 2858 1313 se,
2875 1253 2982 1302 tum
3000 1265 3088 1314 pro
3109 1265 3281 1314 regno,

1727 1341 1932 1404 denique
1950 1354 2034 1404 pro
2061 1341 2404 1392 incolumitate.
2467 1343 2656 1400 Quibus
2683 1343 2944 1406 Iphicrates
2959 1344 3133 1396 auditis
3161 1349 3283 1396 Pau·

1727 1435 1909 1484 saniam
1937 1433 2212 1484 Macedonia
2243 1435 2460 1499 expulit,
2489 1438 2539 1486 et
2571 1436 2707 1486 vobis
2732 1437 2986 1498 imperium
3018 1452 3272 1490 conserva-

1727 1527 1817 1577 vit.
1880 1529 1996 1577 Post
2027 1525 2134 1576 brec
2161 1527 2353 1577 locutus
2387 1539 2496 1578 sum
2525 1526 2588 1578 de
2619 1529 2911 1592 Ptolemaeo,
2945 1529 3082 1592 cuius
3112 1533 3281 1581 aucto·

1728 1623 1857 1674 ritati
1876 1635 2069 1672 summa
2096 1635 2258 1672 rerum
2289 1624 2542 1673 commissa
2573 1623 2756 1686 fuerat,
2789 1639 2936 1688 quam
2965 1627 3006 1676 is
3029 1628 3214 1690 ingrate
3235 1632 3287 1678 et

1728 1714 1944 1778 improbe
1972 1728 2023 1765 se
2048 1716 2289 1778 gessisset,
2317 1715 2494 1766 dooens
2519 1717 2755 1780 primum,
2790 1714 2902 1767 e'um
2928 1718 2991 1768 de
3013 1719 3282 1783 Amphipoli

1728 1807 2032 1858 adversatum
2063 1807 2208 1859 misse
2240 1809 2418 1860 nostrin
2450 1809 2559 1859 urbi
2576 1846 2591 1870 ,
2625 1812 2677 1860 et
2705 1823 2818 1860 cum
2848 1811 3112 1874 Thebanis,
3145 1813 3285 1863 Athe·

1728 1905 1964 1956 niensium
1983 1906 2200 1957 hostibus
2215 1943 2232 1969 ,
2255 1897 2408 1957 foedus
2439 1907 2591 1960 icisse.
2655 1913 2724 1960 Ac
2741 1923 2906 1960 rursus
2922 1948 2937 1973 ,
2957 1913 3012 1960 ut
3039 1911 3286 1962 Perdiccas

1728 2003 1950 2062 suscepto
1968 2015 2140 2064 regno,
2170 2001 2233 2050 de
2258 2001 2528 2064 Amphipoli
2557 2000 2738 2052 bellum
2755 2003 2970 2066 gessisset
2987 2017 3100 2054 cum
3123 2007 3284 2055 nostra

1729 2093 1875 2154 urhe,
1910 2096 2008 2158 (30)
2036 2097 2088 2145 et
2113 2095 2322 2145 vestram
2353 2107 2630 2158 quanquam
2665 2095 2849 2158 iniuriis
2882 2097 3169 2166 affectorum
3199 2099 3286 2148 lm·

1730 2186 2010 2235 manitatem
2027 2198 2225 2236 narrans
2239 2222 2253 2247 ,
2273 2189 2706 2238 commemorabam
2719 2227 2734 2251 ,
2753 2192 2810 2240 ιιι
2825 2190 3046 2252 quamvis
3061 2190 3286 2240 Perdicca

1730 2277 1855 2326 hello
1885 2277 2178 2340 superiores,
2205 2279 2491 2330 Callisthene
2509 2279 2864 2330 Atheniensium
2890 2281 3042 2344 duce,
3069 2281 3286 2331 inducias

1730 2368 1891 2416 tamen
1924 2381 2036 2418 cum
2067 2382 2126 2418 eo
2155 2368 2385 2420 fecissetis
2403 2404 2419 2431 ,
2453 2369 2656 2420 subinde
2685 2373 2958 2433 sperantes,
2979 2385 3067 2422 vos
3089 2373 3284 2422 tandem

1735 2463 1863 2525 oequi
1893 2460 2074 2524 aliquid
2099 2461 2452 2524 impetraturos.
2514 2464 2577 2512 Et
2607 2462 2898 2512 calumniam
2923 2462 3053 2512 illam
3075 2464 3288 2514 refellere

1729 2551 1980 2602 studebam
1995 2587 2010 2614 ,
2029 2551 2232 2612 docens,
2265 2552 2604 2604 Callisthenem
2633 2565 2664 2602 a
2679 2553 2856 2615 populo
2873 2565 2972 2602 non
2997 2555 3191 2616 propter
3211 2553 3286 2604 in·

1730 2644 1897 2696 ducias
1914 2645 2058 2696 fuisse
2073 2645 2376 2696 interfectum
2393 2659 2508 2696 cum
2527 2646 2752 2698 Perdicca
2770 2647 2918 2696 tactas
2932 2683 2949 2710 ,
2975 2647 3060 2697 sed
3082 2647 3150 2697 oh
3169 2649 3288 2702 alias

1730 2744 1913 2782 causas.
1979 2738 2048 2783 Ac
2089 2745 2256 2784 rursus
2294 2737 2462 2783 contra
2497 2734 2654 2796 ipsum
2690 2736 2960 2800 Philippum
2995 2737 3156 2789 dicere
3189 2751 3288 2790 non

1730 2820 2009 2872 dubitabam
2028 2857 2044 2882 ‚
2075 2823 2324 2886 increpans
2359 2824 2489 2887 qnod
2515 2825 2628 2875 belli
2667 2829 2838 2876 contra
2869 2826 3039 2890 urbem
3075 2830 3288 2879 nostram

1731 2917 1922 2978 gerendi
1955 2929 2198 2967 successor
2225 2918 2499 2968 exstitisset.
2565 2919 2666 2982 (31)
2693 2921 2850 2984 Atque
2872 2921 3090 2970 omnium
3120 2935 3288 2973 eorum

1730 3021 1843 3072 quoe
1858 3009 2118 3060 referebam
2134 3045 2149 3072 ,
2175 3010 2630 3073 testesprofereham
2645 3011 2806 3061 literas
2827 3012 3020 3062 illorum
3037 3051 3052 3076 ,
3071 3015 3121 3064 et
3142 3013 3286 3077 plebi·

1732 3102 1851 3152 scita
1864 3139 1879 3163 ‚
1898 3104 1950 3151 et
1975 3101 2276 3152 Callisthenis
2295 3101 2524 3152 inducias.
2587 3107 2656 3154 Ac
2672 3103 2733 3153 de
2751 3104 2904 3167 prima
2931 3106 3133 3168 regionis
3164 3107 3288 3156 illius

1732 3194 2046 3257 acquisitione
2061 3197 2110 3244 et
2122 3195 2494 3245 Novemviarum
2513 3208 2622 3259 quae
2637 3195 2954 3258 vocabantur,
2973 3200 3024 3247 et
3043 3197 3104 3248 de
3120 3199 3288 3249 Thesei

1734 3289 1867 3351 filiis,
1904 3302 2113 3351 quorum
2146 3291 2348 3339 Acamas
2377 3289 2476 3339 doti
2513 3291 2751 3353 accepisse
2782 3291 2934 3341 fertur
2958 3305 3064 3342 eam
3091 3293 3288 3356 provin·

1734 3390 1856 3438 ciam
1874 3427 1889 3451 ,
1914 3389 2018 3438 haee
2039 3392 2089 3439 et
2109 3390 2226 3439 tunc
2257 3389 2348 3439 dici
2381 3389 2727 3452 conveniebat,
2763 3393 2813 3440 et
2841 3390 2970 3440 dicta
2999 3393 3113 3440 sunt
3142 3405 3288 3454 qnam

1732 3481 1834 3530 fieri
1866 3482 2025 3544 potuit
2055 3481 2434 3542 accuratissime,
2467 3495 2596 3531 nune
2628 3485 2792 3532 autem
2825 3483 3034 3533 fortassis
3064 3496 3186 3546 opus
3217 3487 3292 3534 est

1732 3575 1880 3624 verba
1904 3575 2118 3624 conferre
2148 3573 2198 3624 in
2227 3573 2580 3637 compendium.
2647 3577 2768 3631 Quae
2806 3589 2918 3625 vero
2949 3575 3082 3636 signa
3112 3589 3208 3625 non
3240 3575 3290 3626 in

1734 3667 1944 3731 antiquis
1963 3668 2135 3719 fabulis
2153 3667 2306 3730 posita
2323 3670 2492 3732 erant,
2512 3668 2597 3718 sed
2615 3671 2776 3718 nostra
2793 3671 2936 3718 aetate
2954 3669 3080 3718 facta
3091 3704 3105 3729 ,
3121 3683 3289 3721 eorum

1734 3763 2024 3814 mentionem
2055 3763 2241 3815 faciam.
2310 3764 2409 3827 (32)
2445 3764 2726 3814 Referebam
2763 3767 2844 3823 ιιι,
2881 3776 3131 3826 congressa
3147 3769 3290 3816 Lace-

1734 3857 2080 3908 daemoniorum
2115 3859 2480 3919 ceterorumque
2511 3859 2792 3908 Groecorum
2827 3857 3058 3908 sociante
3071 3893 3086 3918 ‚
3123 3871 3290 3909 eorum

1735 3965 1858 4002 unus
1899 3952 2130 4014 Amyntas
2147 3989 2162 4014 ,
2206 3953 2342 4014 pater
2376 3951 2610 4014 Philippi,
2645 3951 2788 4002 misso
2821 3963 3082 4013 assessore,
3117 3953 3292 4016 suique

1732 4046 1944 4110 suffragii
1955 4046 2106 4097 libero
2119 4046 2316 4096 arbitrio
2333 4047 2562 4109 praeditus
2578 4084 2593 4110 ,
2612 4047 2899 4097 decrevisset
2909 4081 2924 4106 ,
2939 4047 3260 4110 Amphipolim
3273 4083 3288 4109 ,

1732 4140 2092 4191 Atheniensium
2110 4139 2278 4189 urbem
2290 4174 2305 4199 ,
2333 4151 2435 4190 esse
2458 4128 2823 4189 Atheniensibus
2843 4139 3132 4203 reliquorum
3152 4142 3289 4189 Groe-

1733 4249 1901 4285 corum
1947 4233 2149 4284 auxiliis
2182 4233 2550 4297 expugnandam
2585 4235 2636 4283 et
2674 4233 3035 4283 restituendam.
3103 4235 3162 4282 Et
3197 4233 3290 4282 hoc

1732 4341 1990 4380 commune
2013 4332 2294 4380 Graecorum
2315 4327 2561 4378 decretum
2580 4364 2595 4387 ,
2627 4339 2809 4389 eosque
2833 4327 2916 4392 qui
2943 4327 3287 4388 decrevissent,

1732 4439 1761 4476 e
1779 4425 1985 4488 publicis
2001 4423 2328 4474 monumentis
2343 4423 2516 4472 testata
2531 4421 2846 4484 proferebam.
2875 4421 2974 4484 (³3)
2993 4424 3102 4472 lam
3117 4419 3290 4483 quibus

1732 4518 1877 4568 rebus
1902 4518 2134 4579 Amyntas
2148 4549 2164 4576 ,
2183 4519 2304 4564 tuus
2315 4515 2466 4580 pater,
2495 4526 2664 4564 coram
2676 4512 2856 4563 Graecis
2885 4511 3105 4562 omnibus
3122 4513 3288 4574 cessit,

1733 4625 1830 4660 non
1848 4609 2064 4660 oratione
2075 4607 2349 4669 dumtaxat,
2369 4605 2453 4656 sed
2470 4605 2618 4656 etiam
2636 4605 2878 4669 sum-agio,
2895 4618 2996 4667 eas,
3018 4604 3221 4666 aiebam,
3241 4607 3292 4655 te

1732 4721 1795 4756 ex
1809 4706 1891 4756 illo
1909 4707 2078 4757 natum
2109 4703 2202 4753 tihi·
2211 4695 2452 4753 vindicare
2461 4737 2486 4763 ,,
2499 4715 2594 4750 nen
2617 4703 2690 4751 ast
2706 4711 2918 4762 aequum.
2983 4699 3066 4748 sin
3085 4701 3141 4748 ιιι
3162 4698 3291 4750 bello

1732 4803 1924 4864 captam
1939 4799 2080 4861 ,iure
2101 4800 2149 4850 te
2167 4797 2341 4850 habere
2357 4809 2538 4856 censes,
2560 4795 2600 4846 si
2613 4794 2806 4858 quidem
2827 4793 2952 4842 bello
2962 4792 3187 4843 adversus
3203 4807 3296 4846 nos

1732 4898 1864 4960 gesto
1894 4895 2034 4948 nobis
2053 4893 2102 4944 vi
2129 4894 2382 4958 eripuisses
2406 4892 2604 4953 urbem,
2637 4892 2738 4941 sine
2758 4889 3088 4942 controversia
3103 4891 3292 4942 teneres

1731 5004 1862 5054 eam,
1894 4991 2072 5054 quippe
2083 4987 2194 5051 iure
2209 4988 2322 5039 beili
2345 4989 2534 5050 partam
2557 5004 2570 5036 ε
2596 4985 2678 5036 sed
2697 4984 2738 5034 si
2757 4983 3097 5048 Amphipolitis
3121 4984 3289 5034 urbem

1732 5085 2094 5138 Atheniensium
2111 5081 2346 5146 eripuisti,
2365 5095 2465 5131 non
2482 5094 2538 5131 aa
2553 5093 2664 5142 qnoe
2684 5078 2876 5130 illorum
2894 5080 3108 5142 fumat,
3127 5079 3290 5141 hahes,

1730 5179 1817 5230 sed
1836 5179 2076 5242 romonem
2095 5174 2475 5228 Atheniensium.

1796 5278 1869 5326 ³4.
1908 5275 1994 5325 His
2011 5277 2060 5324 et
2084 5272 2189 5322 aliis
2209 5265 2503 5321 orationibus
2528 5268 2730 5330 habitis,
2765 5267 3011 5331 huntionis
3034 5267 3160 5316 vices
3191 5266 3293 5327 jam
