<?xml version="1.0" encoding="UTF-8"?>
<!DOCTYPE html PUBLIC "-//W3C//DTD XHTML 1.0 Transitional//EN"
    "http://www.w3.org/TR/xhtml1/DTD/xhtml1-transitional.dtd">
<html xmlns="http://www.w3.org/1999/xhtml" xml:lang="en" lang="en">
 <head>
  <title>
</title>
<meta http-equiv="Content-Type" content="text/html;charset=utf-8" />
  <meta name='ocr-system' content='tesseract 3.04.00' />
  <meta name='ocr-capabilities' content='ocr_page ocr_carea ocr_par ocr_line ocrx_word'/>
</head>
<body>
  <div class='ocr_page' id='page_1' title='image "./oratoresatticia02unkngoog_0326.png"; bbox 0 0 3825 5834; ppageno 0'>
   <div class='ocr_carea' id='block_1_1' title="bbox 493 447 608 500">
    <p class='ocr_par' dir='ltr' id='par_1_1' title="bbox 493 447 608 500">
     <span class='ocr_line' id='line_1_1' title="bbox 493 447 608 500; baseline -0.052 -1"><span class='ocrx_word' id='word_1_1' title='bbox 493 447 608 500; x_wconf 73' lang='lat' dir='ltr'><strong>29ss</strong></span> 
     </span>
    </p>
   </div>
   <div class='ocr_carea' id='block_1_2' title="bbox 1203 567 1458 626">
    <p class='ocr_par' dir='ltr' id='par_1_2' title="bbox 1203 567 1458 626">
     <span class='ocr_line' id='line_1_2' title="bbox 1203 567 1458 626; baseline -0.016 0"><span class='ocrx_word' id='word_1_2' title='bbox 1203 569 1338 626; x_wconf 87' lang='grc'><strong>333.</strong></span> <span class='ocrx_word' id='word_1_3' title='bbox 1453 567 1458 574; x_wconf 85' lang='grc'><strong>“</strong></span> 
     </span>
    </p>
   </div>
   <div class='ocr_carea' id='block_1_3' title="bbox 491 659 2072 1810">
    <p class='ocr_par' dir='ltr' id='par_1_3' title="bbox 491 659 2066 1186">
     <span class='ocr_line' id='line_1_3' title="bbox 569 659 2064 741; baseline -0.004 -15"><span class='ocrx_word' id='word_1_4' title='bbox 569 669 730 726; x_wconf 89' lang='lat' dir='ltr'><strong>Idem</strong></span> <span class='ocrx_word' id='word_1_5' title='bbox 762 685 778 726; x_wconf 74' lang='grc' dir='ltr'><strong><em>ε</em></strong></span> <span class='ocrx_word' id='word_1_6' title='bbox 807 665 1012 726; x_wconf 84' lang='grc' dir='ltr'>Πεδια</span> <span class='ocrx_word' id='word_1_7' title='bbox 1032 661 1149 724; x_wconf 77' lang='grc' dir='ltr'>καί·</span> <span class='ocrx_word' id='word_1_8' title='bbox 1182 661 1384 729; x_wconf 82' lang='grc' dir='ltr'>Λυσίας</span> <span class='ocrx_word' id='word_1_9' title='bbox 1412 663 1466 722; x_wconf 72' lang='grc' dir='ltr'><strong>ἰν</strong></span> <span class='ocrx_word' id='word_1_10' title='bbox 1493 664 1571 741; x_wconf 81' lang='grc' dir='ltr'><strong>τῷ</strong></span> <span class='ocrx_word' id='word_1_11' title='bbox 1611 660 1750 720; x_wconf 74' lang='grc' dir='ltr'>κατὰ</span> <span class='ocrx_word' id='word_1_12' title='bbox 1785 659 2064 721; x_wconf 75' lang='grc' dir='ltr'>Φιλίππω</span> 
     </span>
     <span class='ocr_line' id='line_1_4' title="bbox 492 747 2063 834; baseline -0.006 -19"><span class='ocrx_word' id='word_1_13' title='bbox 492 757 805 834; x_wconf 78' lang='grc' dir='ltr'><strong>ἐπιτροπῆς,</strong></span> <span class='ocrx_word' id='word_1_14' title='bbox 827 755 873 813; x_wconf 72' lang='grc' dir='ltr'><strong>εἰ</strong></span> <span class='ocrx_word' id='word_1_15' title='bbox 900 751 1108 832; x_wconf 85' lang='grc' dir='ltr'>γνήσιος</span> <span class='ocrx_word' id='word_1_16' title='bbox 1131 752 1160 809; x_wconf 80' lang='grc' dir='ltr'><strong>δ</strong></span> <span class='ocrx_word' id='word_1_17' title='bbox 1181 750 1334 830; x_wconf 87' lang='grc' dir='ltr'>λόγος</span> <span class='ocrx_word' id='word_1_18' title='bbox 1354 750 1488 814; x_wconf 68' lang='grc' dir='ltr'>ἔστί.</span> <span class='ocrx_word' id='word_1_19' title='bbox 1513 753 1690 829; x_wconf 80' lang='grc' dir='ltr'>Μοῖρα</span> <span class='ocrx_word' id='word_1_20' title='bbox 1707 751 1799 822; x_wconf 76' lang='grc' dir='ltr'>τῆς</span> <span class='ocrx_word' id='word_1_21' title='bbox 1823 747 2063 819; x_wconf 76' lang='grc' dir='ltr'>Ἀττικῆς</span> 
     </span>
     <span class='ocr_line' id='line_1_5' title="bbox 493 828 2064 921; baseline -0.004 -21"><span class='ocrx_word' id='word_1_22' title='bbox 493 842 529 914; x_wconf 78' lang='grc' dir='ltr'><strong>ἣ</strong></span> <span class='ocrx_word' id='word_1_23' title='bbox 559 843 664 900; x_wconf 73' lang='grc' dir='ltr'><strong>ἀπὸ</strong></span> <span class='ocrx_word' id='word_1_24' title='bbox 693 845 783 900; x_wconf 79' lang='grc' dir='ltr'><strong>τοῦ</strong></span> <span class='ocrx_word' id='word_1_25' title='bbox 813 837 1210 921; x_wconf 77' lang='grc' dir='ltr'>συμὸεὸηκότος</span> <span class='ocrx_word' id='word_1_26' title='bbox 1229 841 1469 898; x_wconf 75' lang='grc' dir='ltr'>ἐκαλεῖτο</span> <span class='ocrx_word' id='word_1_27' title='bbox 1499 837 1688 899; x_wconf 77' lang='grc' dir='ltr'>Πεδίον</span> <span class='ocrx_word' id='word_1_28' title='bbox 1706 859 1721 875; x_wconf 90' lang='grc'><em>·</em></span> <span class='ocrx_word' id='word_1_29' title='bbox 1751 828 1864 920; x_wconf 77' lang='grc' dir='ltr'><strong>εἶχε</strong></span> <span class='ocrx_word' id='word_1_30' title='bbox 1887 835 1943 896; x_wconf 75' lang='grc' dir='ltr'><strong>δὲ</strong></span> <span class='ocrx_word' id='word_1_31' title='bbox 1972 834 2064 894; x_wconf 75' lang='grc' dir='ltr'>κα),</span> 
     </span>
     <span class='ocr_line' id='line_1_6' title="bbox 492 923 2066 1010; baseline -0.004 -22"><span class='ocrx_word' id='word_1_32' title='bbox 492 929 774 1010; x_wconf 77' lang='grc' dir='ltr'>προὸάτων</span> <span class='ocrx_word' id='word_1_33' title='bbox 814 930 974 1007; x_wconf 81' lang='grc' dir='ltr'>νομάς</span> <span class='ocrx_word' id='word_1_34' title='bbox 994 973 1012 1004; x_wconf 89' lang='grc'><strong>,</strong></span> <span class='ocrx_word' id='word_1_35' title='bbox 1050 928 1142 988; x_wconf 80' lang='grc' dir='ltr'>καὶ</span> <span class='ocrx_word' id='word_1_36' title='bbox 1176 925 1246 986; x_wconf 74' lang='grc' dir='ltr'><strong>τὰ</strong></span> <span class='ocrx_word' id='word_1_37' title='bbox 1287 928 1552 1004; x_wconf 63' lang='grc' dir='ltr'>ἐντεῦθεν,</span> <span class='ocrx_word' id='word_1_38' title='bbox 1585 929 1656 992; x_wconf 82' lang='grc' dir='ltr'>ὥς</span> <span class='ocrx_word' id='word_1_39' title='bbox 1693 924 1892 1002; x_wconf 69' lang='grc' dir='ltr'>ἔοικεν,</span> <span class='ocrx_word' id='word_1_40' title='bbox 1942 923 2066 983; x_wconf 73' lang='grc' dir='ltr'>ἕκα-</span> 
     </span>
     <span class='ocr_line' id='line_1_7' title="bbox 497 1012 2065 1097; baseline -0.002 -22"><span class='ocrx_word' id='word_1_41' title='bbox 497 1020 637 1079; x_wconf 82' lang='grc' dir='ltr'>λεῖτο</span> <span class='ocrx_word' id='word_1_42' title='bbox 684 1019 944 1080; x_wconf 79' lang='grc' dir='ltr'>Πεδιακά.</span> <span class='ocrx_word' id='word_1_43' title='bbox 1027 1013 1190 1079; x_wconf 84' lang='grc' dir='ltr'>Ἔστι</span> <span class='ocrx_word' id='word_1_44' title='bbox 1228 1013 1284 1075; x_wconf 69' lang='grc' dir='ltr'><strong>δὲ</strong></span> <span class='ocrx_word' id='word_1_45' title='bbox 1325 1014 1417 1076; x_wconf 71' lang='grc' dir='ltr'><strong>καὶ</strong></span> <span class='ocrx_word' id='word_1_46' title='bbox 1464 1013 1592 1096; x_wconf 88' lang='grc' dir='ltr'>παρ’</span> <span class='ocrx_word' id='word_1_47' title='bbox 1627 1012 1806 1084; x_wconf 68' lang='grc' dir='ltr'>ἄλλοις</span> <span class='ocrx_word' id='word_1_48' title='bbox 1849 1013 2065 1097; x_wconf 79' lang='grc' dir='ltr'>ῥήτορσι</span> 
     </span>
     <span class='ocr_line' id='line_1_8' title="bbox 491 1105 741 1186; baseline 0.016 -20"><span class='ocrx_word' id='word_1_49' title='bbox 491 1105 741 1186; x_wconf 79' lang='grc' dir='ltr'>τοῦνομα.</span> 
     </span>
    </p>

    <p class='ocr_par' dir='ltr' id='par_1_4' title="bbox 1214 1193 1350 1264">
     <span class='ocr_line' id='line_1_9' title="bbox 1214 1193 1350 1264; baseline -0.007 -13"><span class='ocrx_word' id='word_1_50' title='bbox 1214 1193 1350 1264; x_wconf 77' lang='grc'><strong>334.</strong></span> 
     </span>
    </p>

    <p class='ocr_par' dir='ltr' id='par_1_5' title="bbox 580 1276 2065 1360">
     <span class='ocr_line' id='line_1_10' title="bbox 580 1276 2065 1360; baseline -0.002 -17"><span class='ocrx_word' id='word_1_51' title='bbox 580 1283 790 1343; x_wconf 86' lang='lat' dir='ltr'><strong>Pollux</strong></span> <span class='ocrx_word' id='word_1_52' title='bbox 823 1281 875 1342; x_wconf 82' lang='lat' dir='ltr'>X</span> <span class='ocrx_word' id='word_1_53' title='bbox 895 1327 914 1360; x_wconf 93' lang='lat'><strong>,</strong></span> <span class='ocrx_word' id='word_1_54' title='bbox 946 1283 1020 1341; x_wconf 88' lang='grc'><strong>33</strong></span> <span class='ocrx_word' id='word_1_55' title='bbox 1047 1299 1063 1343; x_wconf 76' lang='lat'>2</span> <span class='ocrx_word' id='word_1_56' title='bbox 1087 1279 1186 1342; x_wconf 87' lang='grc' dir='ltr'><strong>Ἐν</strong></span> <span class='ocrx_word' id='word_1_57' title='bbox 1214 1279 1269 1340; x_wconf 81' lang='grc' dir='ltr'><strong>δὲ</strong></span> <span class='ocrx_word' id='word_1_58' title='bbox 1308 1282 1385 1360; x_wconf 78' lang='grc' dir='ltr'><strong>τῷ</strong></span> <span class='ocrx_word' id='word_1_59' title='bbox 1412 1278 1613 1343; x_wconf 74' lang='grc' dir='ltr'>Λυσίου</span> <span class='ocrx_word' id='word_1_60' title='bbox 1635 1276 1764 1360; x_wconf 77' lang='grc' dir='ltr'>πρὸς</span> <span class='ocrx_word' id='word_1_61' title='bbox 1789 1276 2065 1342; x_wconf 79' lang='grc' dir='ltr'>Φίλιππον</span> 
     </span>
    </p>

    <p class='ocr_par' dir='ltr' id='par_1_6' title="bbox 498 1368 1481 1519">
     <span class='ocr_line' id='line_1_11' title="bbox 498 1368 1481 1454; baseline -0.002 -22"><span class='ocrx_word' id='word_1_62' title='bbox 498 1374 783 1454; x_wconf 73' lang='grc' dir='ltr'>ἐπιτροπῆς</span> <span class='ocrx_word' id='word_1_63' title='bbox 810 1370 904 1440; x_wconf 77' lang='grc' dir='ltr'>τὰς</span> <span class='ocrx_word' id='word_1_64' title='bbox 930 1371 1139 1438; x_wconf 76' lang='grc' dir='ltr'>κλεῖδας</span> <span class='ocrx_word' id='word_1_65' title='bbox 1166 1368 1481 1452; x_wconf 70' lang='grc' dir='ltr'><strong>εὑρήκαμεν.</strong></span> 
     </span>
     <span class='ocr_line' id='line_1_12' title="bbox 1211 1458 1353 1519; baseline 0.021 -3"><span class='ocrx_word' id='word_1_66' title='bbox 1211 1458 1353 1519; x_wconf 86' lang='grc'><strong>335.</strong></span> 
     </span>
    </p>

    <p class='ocr_par' dir='ltr' id='par_1_7' title="bbox 500 1544 2072 1810">
     <span class='ocr_line' id='line_1_13' title="bbox 581 1544 2072 1628; baseline -0.002 -19"><span class='ocrx_word' id='word_1_67' title='bbox 581 1555 848 1624; x_wconf 83' lang='lat' dir='ltr'>Zonaras,</span> <span class='ocrx_word' id='word_1_68' title='bbox 889 1553 1030 1610; x_wconf 84' lang='lat' dir='ltr'><strong>Lex.</strong></span> <span class='ocrx_word' id='word_1_69' title='bbox 1073 1547 1452 1628; x_wconf 73' lang='grc' dir='ltr'>ε’Δποχρῇν</span> <span class='ocrx_word' id='word_1_70' title='bbox 1487 1544 1582 1606; x_wconf 66' lang='grc' dir='ltr'><strong>καὶ</strong></span> <span class='ocrx_word' id='word_1_71' title='bbox 1609 1547 1945 1627; x_wconf 74' lang='grc' dir='ltr'>ἀποχρᾷν.</span> <span class='ocrx_word' id='word_1_72' title='bbox 1988 1545 2072 1607; x_wconf 80' lang='grc' dir='ltr'><strong>Τὸ</strong></span> 
     </span>
     <span class='ocr_line' id='line_1_14' title="bbox 506 1634 2070 1721; baseline -0.003 -24"><span class='ocrx_word' id='word_1_73' title='bbox 506 1637 888 1721; x_wconf 71' lang='grc' dir='ltr'>ἅπαρέμφατον</span> <span class='ocrx_word' id='word_1_74' title='bbox 931 1640 1077 1718; x_wconf 74' lang='grc' dir='ltr'>ῥῆμα</span> <span class='ocrx_word' id='word_1_75' title='bbox 1121 1635 1359 1714; x_wconf 72' lang='grc' dir='ltr'>λέγουσιν</span> <span class='ocrx_word' id='word_1_76' title='bbox 1393 1636 1674 1716; x_wconf 75' lang='grc' dir='ltr'>ἑκατέρως.</span> <span class='ocrx_word' id='word_1_77' title='bbox 1722 1634 1789 1698; x_wconf 83' lang='lat'><strong>&#39;...</strong></span> <span class='ocrx_word' id='word_1_78' title='bbox 1833 1635 2035 1704; x_wconf 83' lang='grc' dir='ltr'>Λυσίας</span> <span class='ocrx_word' id='word_1_79' title='bbox 2056 1655 2070 1671; x_wconf 91' lang='grc'><em>·</em></span> 
     </span>
     <span class='ocr_line' id='line_1_15' title="bbox 500 1724 2070 1810; baseline -0.005 -20"><span class='ocrx_word' id='word_1_80' title='bbox 500 1756 526 1781; x_wconf 70' lang='grc' dir='ltr'>α</span> <span class='ocrx_word' id='word_1_81' title='bbox 566 1731 830 1810; x_wconf 77' lang='grc' dir='ltr'>Φιλίππῳ</span> <span class='ocrx_word' id='word_1_82' title='bbox 885 1727 942 1787; x_wconf 74' lang='grc' dir='ltr'><strong>δὲ</strong></span> <span class='ocrx_word' id='word_1_83' title='bbox 988 1725 1064 1806; x_wconf 76' lang='grc' dir='ltr'><strong>μὴ</strong></span> <span class='ocrx_word' id='word_1_84' title='bbox 1116 1726 1312 1788; x_wconf 70' lang='grc' dir='ltr'>οἴεσθαι</span> <span class='ocrx_word' id='word_1_85' title='bbox 1361 1724 1569 1801; x_wconf 73' lang='grc' dir='ltr'>(οἴεσθε</span> <span class='ocrx_word' id='word_1_86' title='bbox 1609 1727 1762 1801; x_wconf 84' lang='lat' dir='ltr'><strong>conj.</strong></span> <span class='ocrx_word' id='word_1_87' title='bbox 1804 1726 2070 1800; x_wconf 84' lang='lat' dir='ltr'><strong>Scheih.)</strong></span> 
     </span>
    </p>
   </div>
   <div class='ocr_carea' id='block_1_4' title="bbox 497 1818 995 1897">
    <p class='ocr_par' dir='ltr' id='par_1_8' title="bbox 497 1818 995 1897">
     <span class='ocr_line' id='line_1_16' title="bbox 497 1818 995 1897; baseline -0.012 -22"><span class='ocrx_word' id='word_1_88' title='bbox 497 1818 650 1875; x_wconf 74' lang='grc' dir='ltr'>ταῦτ’</span> <span class='ocrx_word' id='word_1_89' title='bbox 685 1819 944 1897; x_wconf 73' lang='grc' dir='ltr'>ἀποχρᾷν.</span> <span class='ocrx_word' id='word_1_90' title='bbox 970 1839 995 1869; x_wconf 75' lang='grc' dir='ltr'>ν</span> 
     </span>
    </p>
   </div>
   <div class='ocr_carea' id='block_1_5' title="bbox 491 1942 2076 2095">
    <p class='ocr_par' dir='ltr' id='par_1_9' title="bbox 491 1942 2076 2095">
     <span class='ocr_line' id='line_1_17' title="bbox 491 1942 2076 2095; baseline -0.002 -89"><span class='ocrx_word' id='word_1_91' title='bbox 491 1948 730 2006; x_wconf 82' lang='lat' dir='ltr'><strong>cxxll.</strong></span> <span class='ocrx_word' id='word_1_92' title='bbox 778 1947 984 2007; x_wconf 85' lang='grc' dir='ltr'>ΠΡΟΣ</span> <span class='ocrx_word' id='word_1_93' title='bbox 1021 1945 1536 2095; x_wconf 42' lang='grc' dir='ltr'><strong>ΦἏΛιῗοῐξὶξῖἹῖἑῙΝ</strong></span> <span class='ocrx_word' id='word_1_94' title='bbox 1575 1942 2076 2006; x_wconf 82' lang='grc' dir='ltr'>ΣΥΜΒΟΛΑΙΟΥ</span> 
     </span>
    </p>
   </div>
   <div class='ocr_carea' id='block_1_6' title="bbox 507 2142 2081 2836">
    <p class='ocr_par' dir='ltr' id='par_1_10' title="bbox 1222 2142 1359 2204">
     <span class='ocr_line' id='line_1_18' title="bbox 1222 2142 1359 2204; baseline 0.036 -5"><span class='ocrx_word' id='word_1_95' title='bbox 1222 2142 1359 2204; x_wconf 85' lang='grc'><strong>336.</strong></span> 
     </span>
    </p>

    <p class='ocr_par' dir='ltr' id='par_1_11' title="bbox 507 2226 2075 2488">
     <span class='ocr_line' id='line_1_19' title="bbox 589 2226 2075 2308; baseline -0.001 -21"><span class='ocrx_word' id='word_1_96' title='bbox 589 2231 972 2306; x_wconf 82' lang='lat' dir='ltr'><strong>Harpocratio</strong></span> <span class='ocrx_word' id='word_1_97' title='bbox 1005 2249 1019 2286; x_wconf 92' lang='lat'><strong>:</strong></span> <span class='ocrx_word' id='word_1_98' title='bbox 1053 2229 1309 2301; x_wconf 79' lang='grc' dir='ltr'>Βησαιῆ</span> <span class='ocrx_word' id='word_1_99' title='bbox 1326 2251 1377 2295; x_wconf 92' lang='grc' dir='ltr'>ς·</span> <span class='ocrx_word' id='word_1_100' title='bbox 1410 2226 1609 2296; x_wconf 81' lang='grc' dir='ltr'>Λυσίας</span> <span class='ocrx_word' id='word_1_101' title='bbox 1632 2229 1686 2288; x_wconf 75' lang='grc' dir='ltr'><strong>ἐν</strong></span> <span class='ocrx_word' id='word_1_102' title='bbox 1709 2230 1778 2308; x_wconf 71' lang='grc' dir='ltr'><strong>τῇ</strong></span> <span class='ocrx_word' id='word_1_103' title='bbox 1815 2226 1948 2308; x_wconf 78' lang='grc' dir='ltr'>πρὸς</span> <span class='ocrx_word' id='word_1_104' title='bbox 1976 2227 2075 2286; x_wconf 82' lang='grc' dir='ltr'>Φι·</span> 
     </span>
     <span class='ocr_line' id='line_1_20' title="bbox 507 2315 2074 2399; baseline -0.003 -21"><span class='ocrx_word' id='word_1_105' title='bbox 507 2317 770 2398; x_wconf 81' lang='grc' dir='ltr'>λοκράτην</span> <span class='ocrx_word' id='word_1_106' title='bbox 799 2316 1125 2394; x_wconf 79' lang='grc' dir='ltr'>συμόολαίου</span> <span class='ocrx_word' id='word_1_107' title='bbox 1171 2315 1452 2399; x_wconf 69' lang='grc' dir='ltr'>ἀπολογία.</span> <span class='ocrx_word' id='word_1_108' title='bbox 1536 2321 1718 2397; x_wconf 80' lang='grc' dir='ltr'>Δῆμος</span> <span class='ocrx_word' id='word_1_109' title='bbox 1747 2320 1840 2390; x_wconf 73' lang='grc' dir='ltr'>τῆς</span> <span class='ocrx_word' id='word_1_110' title='bbox 1869 2315 2074 2376; x_wconf 83' lang='grc' dir='ltr'>Ἀντιο-</span> 
     </span>
     <span class='ocr_line' id='line_1_21' title="bbox 511 2407 912 2488; baseline 0 -23"><span class='ocrx_word' id='word_1_111' title='bbox 511 2407 655 2488; x_wconf 77' lang='grc' dir='ltr'>χίδος</span> <span class='ocrx_word' id='word_1_112' title='bbox 677 2411 711 2476; x_wconf 83' lang='grc' dir='ltr'>ἡ</span> <span class='ocrx_word' id='word_1_113' title='bbox 737 2407 912 2478; x_wconf 80' lang='grc' dir='ltr'>Βῆσα.</span> 
     </span>
    </p>

    <p class='ocr_par' dir='ltr' id='par_1_12' title="bbox 507 2491 2081 2836">
     <span class='ocr_line' id='line_1_22' title="bbox 589 2491 2073 2572; baseline -0.001 -18"><span class='ocrx_word' id='word_1_114' title='bbox 589 2501 658 2554; x_wconf 90' lang='lat' dir='ltr'><strong>In</strong></span> <span class='ocrx_word' id='word_1_115' title='bbox 699 2497 789 2553; x_wconf 87' lang='lat' dir='ltr'><strong>his</strong></span> <span class='ocrx_word' id='word_1_116' title='bbox 823 2495 1064 2567; x_wconf 78' lang='grc' dir='ltr'>Βησαιῆς</span> <span class='ocrx_word' id='word_1_117' title='bbox 1109 2513 1221 2554; x_wconf 90' lang='lat' dir='ltr'><strong>scr.</strong></span> <span class='ocrx_word' id='word_1_118' title='bbox 1263 2495 1550 2572; x_wconf 87' lang='lat' dir='ltr'><strong>Sauppius</strong></span> <span class='ocrx_word' id='word_1_119' title='bbox 1568 2536 1585 2566; x_wconf 89' lang='lat'><strong>,</strong></span> <span class='ocrx_word' id='word_1_120' title='bbox 1626 2491 1854 2566; x_wconf 81' lang='grc' dir='ltr'>Βεσσηίς</span> <span class='ocrx_word' id='word_1_121' title='bbox 1894 2493 2073 2554; x_wconf 86' lang='lat' dir='ltr'><strong>codd.</strong></span> 
     </span>
     <span class='ocr_line' id='line_1_23' title="bbox 507 2579 2076 2654; baseline -0.003 -10"><span class='ocrx_word' id='word_1_122' title='bbox 507 2589 556 2644; x_wconf 77' lang='lat' dir='ltr'>A</span> <span class='ocrx_word' id='word_1_123' title='bbox 571 2589 616 2642; x_wconf 90' lang='lat' dir='ltr'>B</span> <span class='ocrx_word' id='word_1_124' title='bbox 638 2587 684 2644; x_wconf 84' lang='lat' dir='ltr'><strong>E</strong></span> <span class='ocrx_word' id='word_1_125' title='bbox 704 2589 753 2643; x_wconf 92' lang='lat' dir='ltr'>L</span> <span class='ocrx_word' id='word_1_126' title='bbox 771 2595 828 2642; x_wconf 93' lang='lat' dir='ltr'><strong>et</strong></span> <span class='ocrx_word' id='word_1_127' title='bbox 851 2585 1052 2642; x_wconf 85' lang='lat' dir='ltr'><strong>Suidas</strong></span> <span class='ocrx_word' id='word_1_128' title='bbox 1067 2625 1084 2654; x_wconf 94' lang='lat'><strong>,</strong></span> <span class='ocrx_word' id='word_1_129' title='bbox 1117 2579 1308 2653; x_wconf 79' lang='grc' dir='ltr'>Βεσηίς</span> <span class='ocrx_word' id='word_1_130' title='bbox 1340 2583 1390 2640; x_wconf 91' lang='lat' dir='ltr'>D</span> <span class='ocrx_word' id='word_1_131' title='bbox 1405 2625 1420 2652; x_wconf 95' lang='lat'><strong>,</strong></span> <span class='ocrx_word' id='word_1_132' title='bbox 1446 2595 1510 2641; x_wconf 88' lang='lat' dir='ltr'><strong>ut</strong></span> <span class='ocrx_word' id='word_1_133' title='bbox 1533 2581 1785 2654; x_wconf 78' lang='lat' dir='ltr'><strong>videtur,</strong></span> <span class='ocrx_word' id='word_1_134' title='bbox 1819 2593 1877 2640; x_wconf 91' lang='lat' dir='ltr'><strong>et</strong></span> <span class='ocrx_word' id='word_1_135' title='bbox 1897 2583 2076 2640; x_wconf 89' lang='lat' dir='ltr'><strong>editio</strong></span> 
     </span>
     <span class='ocr_line' id='line_1_24' title="bbox 514 2672 2079 2749; baseline -0.002 -17"><span class='ocrx_word' id='word_1_136' title='bbox 514 2676 756 2732; x_wconf 77' lang='lat' dir='ltr'><strong>Bekkeri</strong></span> <span class='ocrx_word' id='word_1_137' title='bbox 773 2715 791 2745; x_wconf 91' lang='lat'><strong>,</strong></span> <span class='ocrx_word' id='word_1_138' title='bbox 819 2675 1004 2749; x_wconf 90' lang='lat' dir='ltr'><strong>quiin</strong></span> <span class='ocrx_word' id='word_1_139' title='bbox 1024 2683 1151 2729; x_wconf 89' lang='lat' dir='ltr'><strong>not.</strong></span> <span class='ocrx_word' id='word_1_140' title='bbox 1191 2672 1348 2746; x_wconf 85' lang='lat' dir='ltr'><strong>conj.</strong></span> <span class='ocrx_word' id='word_1_141' title='bbox 1375 2673 1598 2742; x_wconf 79' lang='grc' dir='ltr'>Βεσαῆς.</span> <span class='ocrx_word' id='word_1_142' title='bbox 1629 2672 2079 2731; x_wconf 82' lang='lat' dir='ltr'><strong>Hemsterhusius</strong></span> 
     </span>
     <span class='ocr_line' id='line_1_25' title="bbox 509 2761 2081 2836; baseline -0.004 -14"><span class='ocrx_word' id='word_1_143' title='bbox 509 2764 661 2836; x_wconf 82' lang='lat' dir='ltr'><strong>conj.</strong></span> <span class='ocrx_word' id='word_1_144' title='bbox 700 2761 927 2834; x_wconf 83' lang='grc' dir='ltr'>Βησηεῖς</span> <span class='ocrx_word' id='word_1_145' title='bbox 970 2763 1064 2818; x_wconf 76' lang='lat' dir='ltr'><strong>vel</strong></span> <span class='ocrx_word' id='word_1_146' title='bbox 1109 2763 1347 2826; x_wconf 79' lang='grc' dir='ltr'>Βισαεῑς.</span> <span class='ocrx_word' id='word_1_147' title='bbox 1379 2762 1575 2818; x_wconf 78' lang='lat' dir='ltr'><strong>Civem</strong></span> <span class='ocrx_word' id='word_1_148' title='bbox 1611 2761 1843 2816; x_wconf 86' lang='lat' dir='ltr'><strong>atticam</strong></span> <span class='ocrx_word' id='word_1_149' title='bbox 1873 2779 1906 2816; x_wconf 87' lang='lat' dir='ltr'><strong>e</strong></span> <span class='ocrx_word' id='word_1_150' title='bbox 1941 2761 2081 2816; x_wconf 86' lang='lat' dir='ltr'><strong>Besa</strong></span> 
     </span>
    </p>
   </div>
   <div class='ocr_carea' id='block_1_7' title="bbox 507 2847 2077 3013">
    <p class='ocr_par' dir='ltr' id='par_1_13' title="bbox 507 2847 2077 3013">
     <span class='ocr_line' id='line_1_26' title="bbox 512 2847 2077 2926; baseline -0.002 -18"><span class='ocrx_word' id='word_1_151' title='bbox 512 2852 817 2908; x_wconf 82' lang='lat' dir='ltr'><strong>oriundam</strong></span> <span class='ocrx_word' id='word_1_152' title='bbox 844 2853 904 2910; x_wconf 80' lang='grc' dir='ltr'><strong>ἐκ</strong></span> <span class='ocrx_word' id='word_1_153' title='bbox 935 2847 1201 2909; x_wconf 80' lang='grc' dir='ltr'>Βεσαιίων</span> <span class='ocrx_word' id='word_1_154' title='bbox 1223 2850 1337 2907; x_wconf 91' lang='lat' dir='ltr'><strong>dici</strong></span> <span class='ocrx_word' id='word_1_155' title='bbox 1362 2853 1590 2907; x_wconf 86' lang='lat' dir='ltr'><strong>monuit</strong></span> <span class='ocrx_word' id='word_1_156' title='bbox 1615 2851 1921 2926; x_wconf 83' lang='lat' dir='ltr'><strong>Sauppius.</strong></span> <span class='ocrx_word' id='word_1_157' title='bbox 1964 2851 2077 2907; x_wconf 89' lang='lat' dir='ltr'><strong>Pro</strong></span> 
     </span>
     <span class='ocr_line' id='line_1_27' title="bbox 507 2938 1796 3013; baseline -0.005 -12"><span class='ocrx_word' id='word_1_158' title='bbox 507 2943 661 3013; x_wconf 78' lang='grc' dir='ltr'>Βῆσα</span> <span class='ocrx_word' id='word_1_159' title='bbox 683 2939 853 3000; x_wconf 88' lang='lat' dir='ltr'><strong>codd.</strong></span> <span class='ocrx_word' id='word_1_160' title='bbox 876 2939 1025 2997; x_wconf 80' lang='lat' dir='ltr'><strong>ABL</strong></span> <span class='ocrx_word' id='word_1_161' title='bbox 1051 2949 1108 2998; x_wconf 90' lang='lat' dir='ltr'><strong>et</strong></span> <span class='ocrx_word' id='word_1_162' title='bbox 1127 2938 1332 2998; x_wconf 85' lang='lat' dir='ltr'><strong>Suidas</strong></span> <span class='ocrx_word' id='word_1_163' title='bbox 1353 2939 1568 2997; x_wconf 83' lang='lat' dir='ltr'><strong>habent</strong></span> <span class='ocrx_word' id='word_1_164' title='bbox 1589 2939 1796 3010; x_wconf 75' lang='grc' dir='ltr'>Βῆσσα.</span> 
     </span>
    </p>
   </div>
   <div class='ocr_carea' id='block_1_8' title="bbox 509 3044 2082 3732">
    <p class='ocr_par' dir='ltr' id='par_1_14' title="bbox 509 3044 2081 3445">
     <span class='ocr_line' id='line_1_28' title="bbox 593 3044 2081 3213; baseline 0.005 -26"><span class='ocrx_word' id='word_1_165' title='bbox 593 3132 750 3189; x_wconf 86' lang='lat' dir='ltr'><strong>Idem</strong></span> <span class='ocrx_word' id='word_1_166' title='bbox 794 3151 809 3188; x_wconf 87' lang='lat'><strong>:</strong></span> <span class='ocrx_word' id='word_1_167' title='bbox 857 3044 1502 3206; x_wconf 50' lang='lat' dir='ltr'><strong>Ebmvupti’f’xuclac</strong></span> <span class='ocrx_word' id='word_1_168' title='bbox 1542 3132 1597 3191; x_wconf 79' lang='grc' dir='ltr'><strong>ἐν</strong></span> <span class='ocrx_word' id='word_1_169' title='bbox 1623 3132 1700 3213; x_wconf 78' lang='grc' dir='ltr'><strong>τῷ</strong></span> <span class='ocrx_word' id='word_1_170' title='bbox 1727 3127 1867 3191; x_wconf 73' lang='grc' dir='ltr'>κατὰ</span> <span class='ocrx_word' id='word_1_171' title='bbox 1903 3133 2081 3195; x_wconf 85' lang='grc' dir='ltr'>Φιλο-</span> 
     </span>
     <span class='ocr_line' id='line_1_29' title="bbox 517 3215 2080 3302; baseline 0.003 -24"><span class='ocrx_word' id='word_1_172' title='bbox 517 3217 758 3298; x_wconf 76' lang='grc' dir='ltr'><strong>κράτους.</strong></span> <span class='ocrx_word' id='word_1_173' title='bbox 844 3217 1027 3298; x_wconf 78' lang='grc' dir='ltr'>Δῆμός</span> <span class='ocrx_word' id='word_1_174' title='bbox 1047 3219 1161 3278; x_wconf 66' lang='grc' dir='ltr'>ἔστι</span> <span class='ocrx_word' id='word_1_175' title='bbox 1187 3221 1283 3292; x_wconf 74' lang='grc' dir='ltr'>τῆς</span> <span class='ocrx_word' id='word_1_176' title='bbox 1307 3217 1675 3302; x_wconf 79' lang='grc' dir='ltr'>Ἐρεχθηίδος,</span> <span class='ocrx_word' id='word_1_177' title='bbox 1695 3215 1766 3288; x_wconf 76' lang='grc' dir='ltr'>ὥς</span> <span class='ocrx_word' id='word_1_178' title='bbox 1799 3243 1930 3302; x_wconf 76' lang='grc' dir='ltr'>φησι</span> <span class='ocrx_word' id='word_1_179' title='bbox 1955 3219 2080 3283; x_wconf 83' lang='grc' dir='ltr'>Διό·</span> 
     </span>
     <span class='ocr_line' id='line_1_30' title="bbox 509 3307 1334 3445; baseline -0.001 -79"><span class='ocrx_word' id='word_1_180' title='bbox 509 3307 688 3389; x_wconf 70' lang='grc' dir='ltr'>ὃωρος.</span> <span class='ocrx_word' id='word_1_181' title='bbox 1219 3387 1334 3445; x_wconf 60' lang='lat'><strong>238</strong></span> 
     </span>
    </p>

    <p class='ocr_par' dir='ltr' id='par_1_15' title="bbox 512 3431 2082 3732">
     <span class='ocr_line' id='line_1_31' title="bbox 599 3431 2082 3554; baseline 0.001 -20"><span class='ocrx_word' id='word_1_182' title='bbox 599 3476 978 3534; x_wconf 80' lang='lat' dir='ltr'><strong>Antiatticista</strong></span> <span class='ocrx_word' id='word_1_183' title='bbox 1004 3476 1064 3533; x_wconf 90' lang='lat' dir='ltr'><strong>in</strong></span> <span class='ocrx_word' id='word_1_184' title='bbox 1094 3477 1274 3537; x_wconf 75' lang='lat' dir='ltr'><strong>Bekk.</strong></span> <span class='ocrx_word' id='word_1_185' title='bbox 1305 3431 1527 3537; x_wconf 57' lang='lat' dir='ltr'><strong>A·necd.</strong></span> <span class='ocrx_word' id='word_1_186' title='bbox 1555 3497 1617 3554; x_wconf 87' lang='lat' dir='ltr'><strong>p.</strong></span> <span class='ocrx_word' id='word_1_187' title='bbox 1653 3475 1789 3554; x_wconf 85' lang='lat'><strong>115,</strong></span> <span class='ocrx_word' id='word_1_188' title='bbox 1816 3497 1888 3551; x_wconf 78' lang='lat'><strong>27</strong></span> <span class='ocrx_word' id='word_1_189' title='bbox 1934 3499 1947 3534; x_wconf 72' lang='grc' dir='ltr'>ε</span> <span class='ocrx_word' id='word_1_190' title='bbox 1976 3479 2082 3538; x_wconf 85' lang='grc' dir='ltr'>Φι-</span> 
     </span>
     <span class='ocr_line' id='line_1_32' title="bbox 515 3562 2079 3672; baseline 0.003 -50"><span class='ocrx_word' id='word_1_191' title='bbox 515 3562 812 3672; x_wconf 52' lang='grc' dir='ltr'>λόΙγυνος·</span> <span class='ocrx_word' id='word_1_192' title='bbox 840 3564 898 3623; x_wconf 81' lang='grc' dir='ltr'><strong>οὗ</strong></span> <span class='ocrx_word' id='word_1_193' title='bbox 935 3562 1092 3643; x_wconf 81' lang='grc' dir='ltr'>μόνον</span> <span class='ocrx_word' id='word_1_194' title='bbox 1132 3563 1432 3648; x_wconf 72' lang='grc' dir='ltr'>φιλογύνης.</span> <span class='ocrx_word' id='word_1_195' title='bbox 1514 3563 1716 3632; x_wconf 79' lang='grc' dir='ltr'>Λυσίας</span> <span class='ocrx_word' id='word_1_196' title='bbox 1741 3564 1873 3646; x_wconf 87' lang='grc' dir='ltr'>πρὸς</span> <span class='ocrx_word' id='word_1_197' title='bbox 1901 3565 2079 3626; x_wconf 80' lang='grc' dir='ltr'>Φιλο-</span> 
     </span>
     <span class='ocr_line' id='line_1_33' title="bbox 512 3673 728 3732; baseline 0.005 -21"><span class='ocrx_word' id='word_1_198' title='bbox 512 3673 728 3732; x_wconf 68' lang='lat' dir='ltr'><strong>xpm-nv.</strong></span> 
     </span>
    </p>
   </div>
   <div class='ocr_carea' id='block_1_9' title="bbox 543 3779 2063 3936">
    <p class='ocr_par' dir='ltr' id='par_1_16' title="bbox 543 3779 2063 3936">
     <span class='ocr_line' id='line_1_34' title="bbox 543 3779 2063 3851; baseline 0.005 -13"><span class='ocrx_word' id='word_1_199' title='bbox 543 3779 802 3842; x_wconf 81' lang='lat' dir='ltr'><strong>cxxm.</strong></span> <span class='ocrx_word' id='word_1_200' title='bbox 845 3782 1054 3845; x_wconf 84' lang='grc' dir='ltr'>ΠΡΟΣ</span> <span class='ocrx_word' id='word_1_201' title='bbox 1095 3783 1398 3843; x_wconf 82' lang='grc' dir='ltr'>ΦΙΛΩΝΑ</span> <span class='ocrx_word' id='word_1_202' title='bbox 1441 3783 1650 3850; x_wconf 81' lang='grc' dir='ltr'><strong>ΥΠΕΡ</strong></span> <span class='ocrx_word' id='word_1_203' title='bbox 1691 3784 2063 3851; x_wconf 82' lang='grc' dir='ltr'>ΘΕΟΚΔΕῙ·</span> 
     </span>
     <span class='ocr_line' id='line_1_35' title="bbox 1040 3871 1531 3936; baseline 0.01 -6"><span class='ocrx_word' id='word_1_204' title='bbox 1040 3872 1192 3932; x_wconf 87' lang='grc' dir='ltr'><strong>ΔΟΥ</strong></span> <span class='ocrx_word' id='word_1_205' title='bbox 1234 3871 1531 3936; x_wconf 87' lang='grc' dir='ltr'><strong>ΦΟΝΟΥ.</strong></span> 
     </span>
    </p>
   </div>
   <div class='ocr_carea' id='block_1_10' title="bbox 529 4084 698 4096">
    <p class='ocr_par' dir='ltr' id='par_1_17' title="bbox 529 4084 698 4096">
     <span class='ocr_line' id='line_1_36' title="bbox 529 4084 698 4096; baseline 0 0"><span class='ocrx_word' id='word_1_206' title='bbox 529 4084 698 4096; x_wconf 95' lang='lat' dir='ltr'><strong> </strong></span> 
     </span>
    </p>
   </div>
   <div class='ocr_carea' id='block_1_11' title="bbox 1984 441 2238 504">
    <p class='ocr_par' dir='ltr' id='par_1_18' title="bbox 1984 441 2238 504">
     <span class='ocr_line' id='line_1_37' title="bbox 1984 441 2238 504; baseline 0.012 -3"><span class='ocrx_word' id='word_1_207' title='bbox 1984 441 2238 504; x_wconf 84' lang='lat' dir='ltr'><strong>LYSIAE</strong></span> 
     </span>
    </p>
   </div>
   <div class='ocr_carea' id='block_1_12' title="bbox 2150 564 3680 923">
    <p class='ocr_par' dir='ltr' id='par_1_19' title="bbox 2150 564 3680 923">
     <span class='ocr_line' id='line_1_38' title="bbox 2912 564 3005 623; baseline 0.011 -1"><span class='ocrx_word' id='word_1_208' title='bbox 2912 564 2943 622; x_wconf 84' lang='lat'>3</span> <span class='ocrx_word' id='word_1_209' title='bbox 2990 607 3005 623; x_wconf 93' lang='lat'><strong>.</strong></span> 
     </span>
     <span class='ocr_line' id='line_1_39' title="bbox 2232 583 3679 746; baseline 0.001 -24"><span class='ocrx_word' id='word_1_210' title='bbox 2232 667 2431 722; x_wconf 81' lang='lat' dir='ltr'><strong>Pollux</strong></span> <span class='ocrx_word' id='word_1_211' title='bbox 2460 666 2567 735; x_wconf 83' lang='lat' dir='ltr'><strong>xl,</strong></span> <span class='ocrx_word' id='word_1_212' title='bbox 2596 665 2671 742; x_wconf 86' lang='lat'><strong>39</strong></span> <span class='ocrx_word' id='word_1_213' title='bbox 2697 684 2711 720; x_wconf 74' lang='grc' dir='ltr'>ι</span> <span class='ocrx_word' id='word_1_214' title='bbox 2751 661 2847 722; x_wconf 85' lang='grc' dir='ltr'><strong>Ἐν</strong></span> <span class='ocrx_word' id='word_1_215' title='bbox 2870 585 2933 720; x_wconf 55' lang='lat' dir='ltr'><strong>{i</strong></span> <span class='ocrx_word' id='word_1_216' title='bbox 2946 583 3159 721; x_wconf 46' lang='lat' dir='ltr'><strong>{wico</strong></span> <span class='ocrx_word' id='word_1_217' title='bbox 3184 659 3319 741; x_wconf 70' lang='grc' dir='ltr'>πρὸς</span> <span class='ocrx_word' id='word_1_218' title='bbox 3338 661 3551 722; x_wconf 76' lang='grc' dir='ltr'>Φίλωνα</span> <span class='ocrx_word' id='word_1_219' title='bbox 3576 668 3679 746; x_wconf 68' lang='grc' dir='ltr'>ὑπὲρ</span> 
     </span>
     <span class='ocr_line' id='line_1_40' title="bbox 2150 749 3680 833; baseline 0 -18"><span class='ocrx_word' id='word_1_220' title='bbox 2150 753 2469 815; x_wconf 74' lang='grc' dir='ltr'>Θιοκλείδου</span> <span class='ocrx_word' id='word_1_221' title='bbox 2493 753 2649 833; x_wconf 84' lang='grc' dir='ltr'>φόνου</span> <span class='ocrx_word' id='word_1_222' title='bbox 2678 749 2823 812; x_wconf 74' lang='grc' dir='ltr'>ἔστιν</span> <span class='ocrx_word' id='word_1_223' title='bbox 2860 751 3028 831; x_wconf 74' lang='grc' dir='ltr'>εὑρεῖν</span> <span class='ocrx_word' id='word_1_224' title='bbox 3060 750 3299 829; x_wconf 76' lang='grc' dir='ltr'>οἷκᾶριον</span> <span class='ocrx_word' id='word_1_225' title='bbox 3312 773 3329 788; x_wconf 90' lang='grc'><em>·</em></span> <span class='ocrx_word' id='word_1_226' title='bbox 3358 777 3385 804; x_wconf 78' lang='grc' dir='ltr'>ι</span> <span class='ocrx_word' id='word_1_227' title='bbox 3420 753 3529 812; x_wconf 73' lang='grc' dir='ltr'>ἀλλ’</span> <span class='ocrx_word' id='word_1_228' title='bbox 3556 756 3617 822; x_wconf 76' lang='grc' dir='ltr'><strong>εἷς</strong></span> <span class='ocrx_word' id='word_1_229' title='bbox 3636 757 3680 815; x_wconf 79' lang='grc' dir='ltr'><strong>τὸ</strong></span> 
     </span>
     <span class='ocr_line' id='line_1_41' title="bbox 2154 837 3327 923; baseline -0.008 -21"><span class='ocrx_word' id='word_1_230' title='bbox 2154 841 2385 923; x_wconf 75' lang='grc' dir='ltr'>οἶκᾶριον</span> <span class='ocrx_word' id='word_1_231' title='bbox 2414 841 2477 899; x_wconf 77' lang='grc' dir='ltr'><strong>τὸ</strong></span> <span class='ocrx_word' id='word_1_232' title='bbox 2496 841 2680 900; x_wconf 72' lang='grc' dir='ltr'>ὄπισθε</span> <span class='ocrx_word' id='word_1_233' title='bbox 2708 844 2804 912; x_wconf 80' lang='grc' dir='ltr'>τῆς</span> <span class='ocrx_word' id='word_1_234' title='bbox 2827 837 3271 920; x_wconf 72' lang='grc' dir='ltr'>γυναικωνίτιδος.</span> <span class='ocrx_word' id='word_1_235' title='bbox 3297 862 3327 893; x_wconf 67' lang='lat' dir='ltr'><strong>n</strong></span> 
     </span>
    </p>
   </div>
   <div class='ocr_carea' id='block_1_13' title="bbox 2281 968 3593 1046">
    <p class='ocr_par' dir='ltr' id='par_1_20' title="bbox 2281 968 3593 1046">
     <span class='ocr_line' id='line_1_42' title="bbox 2281 968 3593 1046; baseline 0.003 -17"><span class='ocrx_word' id='word_1_236' title='bbox 2281 969 2543 1032; x_wconf 79' lang='lat' dir='ltr'><strong>CXXIV.</strong></span> <span class='ocrx_word' id='word_1_237' title='bbox 2591 972 2795 1032; x_wconf 78' lang='grc' dir='ltr'><strong>ΚΑΤΑ</strong></span> <span class='ocrx_word' id='word_1_238' title='bbox 2837 968 3269 1032; x_wconf 78' lang='grc' dir='ltr'>ΦΙΛΩΝῙΔΟΥ</span> <span class='ocrx_word' id='word_1_239' title='bbox 3306 969 3593 1046; x_wconf 79' lang='grc' dir='ltr'><strong>ΒΙΑΙΩΝ,</strong></span> 
     </span>
    </p>
   </div>
   <div class='ocr_carea' id='block_1_14' title="bbox 2757 1093 3147 1175">
    <p class='ocr_par' dir='ltr' id='par_1_21' title="bbox 2757 1093 3147 1175">
     <span class='ocr_line' id='line_1_43' title="bbox 2757 1093 3147 1175; baseline 0 -21"><span class='ocrx_word' id='word_1_240' title='bbox 2757 1097 2815 1154; x_wconf 80' lang='grc' dir='ltr'><strong>εἰ</strong></span> <span class='ocrx_word' id='word_1_241' title='bbox 2854 1093 3147 1175; x_wconf 76' lang='grc' dir='ltr'>γνήσιος.</span> 
     </span>
    </p>
   </div>
   <div class='ocr_carea' id='block_1_15' title="bbox 2156 1205 3752 2084">
    <p class='ocr_par' dir='ltr' id='par_1_22' title="bbox 2156 1205 3752 2084">
     <span class='ocr_line' id='line_1_44' title="bbox 2235 1205 3746 1287; baseline 0 -17"><span class='ocrx_word' id='word_1_242' title='bbox 2235 1236 2263 1263; x_wconf 75' lang='grc' dir='ltr'>ι</span> <span class='ocrx_word' id='word_1_243' title='bbox 2296 1213 2385 1270; x_wconf 88' lang='lat' dir='ltr'><strong>De</strong></span> <span class='ocrx_word' id='word_1_244' title='bbox 2424 1211 2535 1270; x_wconf 82' lang='lat' dir='ltr'><strong>hac</strong></span> <span class='ocrx_word' id='word_1_245' title='bbox 2572 1229 2741 1270; x_wconf 82' lang='lat' dir='ltr'><strong>causa</strong></span> <span class='ocrx_word' id='word_1_246' title='bbox 2766 1211 2841 1272; x_wconf 74' lang='lat' dir='ltr'><strong>R.</strong></span> <span class='ocrx_word' id='word_1_247' title='bbox 2880 1211 3177 1268; x_wconf 83' lang='lat' dir='ltr'><strong>Hanovius</strong></span> <span class='ocrx_word' id='word_1_248' title='bbox 3202 1205 3471 1287; x_wconf 82' lang='lat' dir='ltr'>(exercit.</span> <span class='ocrx_word' id='word_1_249' title='bbox 3508 1211 3619 1272; x_wconf 88' lang='lat' dir='ltr'><strong>crit.</strong></span> <span class='ocrx_word' id='word_1_250' title='bbox 3640 1216 3685 1270; x_wconf 89' lang='lat' dir='ltr'><strong>in</strong></span> <span class='ocrx_word' id='word_1_251' title='bbox 3744 1251 3746 1286; x_wconf 91' lang='lat'>:</span> 
     </span>
     <span class='ocr_line' id='line_1_45' title="bbox 2156 1297 3689 1376; baseline -0.001 -17"><span class='ocrx_word' id='word_1_252' title='bbox 2156 1319 2312 1360; x_wconf 89' lang='lat' dir='ltr'><strong>com.</strong></span> <span class='ocrx_word' id='word_1_253' title='bbox 2334 1319 2422 1376; x_wconf 84' lang='lat' dir='ltr'><strong>gr.</strong></span> <span class='ocrx_word' id='word_1_254' title='bbox 2454 1319 2477 1357; x_wconf 84' lang='grc' dir='ltr'>ι</span> <span class='ocrx_word' id='word_1_255' title='bbox 2506 1320 2568 1375; x_wconf 90' lang='lat' dir='ltr'><strong>p.</strong></span> <span class='ocrx_word' id='word_1_256' title='bbox 2604 1299 2674 1357; x_wconf 85' lang='lat'><strong>31</strong></span> <span class='ocrx_word' id='word_1_257' title='bbox 2708 1297 2871 1376; x_wconf 78' lang='lat' dir='ltr'><strong>sqq.)</strong></span> <span class='ocrx_word' id='word_1_258' title='bbox 2898 1301 3182 1374; x_wconf 79' lang='lat' dir='ltr'><strong>exposuit.</strong></span> <span class='ocrx_word' id='word_1_259' title='bbox 3212 1299 3328 1356; x_wconf 85' lang='lat' dir='ltr'><strong>Hic</strong></span> <span class='ocrx_word' id='word_1_260' title='bbox 3351 1299 3499 1355; x_wconf 89' lang='lat' dir='ltr'><strong>bene</strong></span> <span class='ocrx_word' id='word_1_261' title='bbox 3529 1299 3689 1358; x_wconf 86' lang='lat' dir='ltr'><strong>docuit</strong></span> 
     </span>
     <span class='ocr_line' id='line_1_46' title="bbox 2158 1388 3688 1466; baseline 0 -20"><span class='ocrx_word' id='word_1_262' title='bbox 2158 1388 2518 1446; x_wconf 86' lang='lat' dir='ltr'><strong>Philonidem</strong></span> <span class='ocrx_word' id='word_1_263' title='bbox 2538 1389 2917 1459; x_wconf 76' lang='lat' dir='ltr'><strong>Melitensem,</strong></span> <span class='ocrx_word' id='word_1_264' title='bbox 2942 1389 3235 1444; x_wconf 88' lang='lat' dir='ltr'><strong>hominem</strong></span> <span class='ocrx_word' id='word_1_265' title='bbox 3270 1406 3307 1444; x_wconf 82' lang='lat' dir='ltr'><strong>a</strong></span> <span class='ocrx_word' id='word_1_266' title='bbox 3334 1389 3558 1445; x_wconf 86' lang='lat' dir='ltr'><strong>comicis</strong></span> <span class='ocrx_word' id='word_1_267' title='bbox 3576 1409 3688 1466; x_wconf 73' lang='lat' dir='ltr'><strong>sape</strong></span> 
     </span>
     <span class='ocr_line' id='line_1_47' title="bbox 2160 1475 3688 1554; baseline 0 -20"><span class='ocrx_word' id='word_1_268' title='bbox 2160 1489 2219 1534; x_wconf 88' lang='lat' dir='ltr'><strong>et</strong></span> <span class='ocrx_word' id='word_1_269' title='bbox 2238 1478 2445 1534; x_wconf 84' lang='lat' dir='ltr'><strong>acerbe</strong></span> <span class='ocrx_word' id='word_1_270' title='bbox 2468 1477 2717 1534; x_wconf 87' lang='lat' dir='ltr'><strong>derisum</strong></span> <span class='ocrx_word' id='word_1_271' title='bbox 2739 1520 2759 1554; x_wconf 86' lang='lat'><strong>,</strong></span> <span class='ocrx_word' id='word_1_272' title='bbox 2795 1475 3227 1552; x_wconf 83' lang='lat' dir='ltr'><strong>intelligendum</strong></span> <span class='ocrx_word' id='word_1_273' title='bbox 3259 1493 3381 1532; x_wconf 86' lang='lat' dir='ltr'><strong>esse</strong></span> <span class='ocrx_word' id='word_1_274' title='bbox 3412 1485 3467 1532; x_wconf 90' lang='lat' dir='ltr'><strong>et</strong></span> <span class='ocrx_word' id='word_1_275' title='bbox 3495 1477 3688 1533; x_wconf 76' lang='lat' dir='ltr'><strong>Naidem</strong></span> 
     </span>
     <span class='ocr_line' id='line_1_48' title="bbox 2160 1559 3748 1639; baseline 0.001 -18"><span class='ocrx_word' id='word_1_276' title='bbox 2160 1565 2348 1622; x_wconf 83' lang='lat' dir='ltr'><strong>civem</strong></span> <span class='ocrx_word' id='word_1_277' title='bbox 2390 1565 2623 1622; x_wconf 81' lang='lat' dir='ltr'><strong>atticam</strong></span> <span class='ocrx_word' id='word_1_278' title='bbox 2656 1562 2896 1639; x_wconf 87' lang='lat' dir='ltr'><strong>ejusque</strong></span> <span class='ocrx_word' id='word_1_279' title='bbox 2934 1575 3187 1621; x_wconf 89' lang='lat' dir='ltr'><strong>tutorem</strong></span> <span class='ocrx_word' id='word_1_280' title='bbox 3232 1563 3500 1620; x_wconf 82' lang='lat' dir='ltr'><strong>Archiam</strong></span> <span class='ocrx_word' id='word_1_281' title='bbox 3536 1563 3684 1626; x_wconf 81' lang='lat' dir='ltr'><strong>fuisse.</strong></span> <span class='ocrx_word' id='word_1_282' title='bbox 3746 1559 3748 1604; x_wconf 83' lang='lat'>3</span> 
     </span>
     <span class='ocr_line' id='line_1_49' title="bbox 2160 1651 3689 1735; baseline -0.001 -23"><span class='ocrx_word' id='word_1_283' title='bbox 2160 1657 2304 1712; x_wconf 81' lang='lat' dir='ltr'><strong>Nam</strong></span> <span class='ocrx_word' id='word_1_284' title='bbox 2326 1672 2443 1710; x_wconf 77' lang='lat' dir='ltr'><strong>vox</strong></span> <span class='ocrx_word' id='word_1_285' title='bbox 2471 1673 2598 1729; x_wconf 78' lang='lat' dir='ltr'><strong>quae</strong></span> <span class='ocrx_word' id='word_1_286' title='bbox 2624 1664 2708 1710; x_wconf 72' lang='lat' dir='ltr'><strong>est</strong></span> <span class='ocrx_word' id='word_1_287' title='bbox 2733 1651 2907 1735; x_wconf 78' lang='grc' dir='ltr'>κύριος</span> <span class='ocrx_word' id='word_1_288' title='bbox 2945 1654 3100 1730; x_wconf 88' lang='lat' dir='ltr'><strong>apud</strong></span> <span class='ocrx_word' id='word_1_289' title='bbox 3120 1654 3465 1730; x_wconf 80' lang='lat' dir='ltr'><strong>scriptorem</strong></span> <span class='ocrx_word' id='word_1_290' title='bbox 3498 1655 3689 1710; x_wconf 83' lang='lat' dir='ltr'><strong>atticum</strong></span> 
     </span>
     <span class='ocr_line' id='line_1_50' title="bbox 2162 1741 3750 1818; baseline 0.003 -20"><span class='ocrx_word' id='word_1_291' title='bbox 2162 1743 2275 1799; x_wconf 85' lang='lat' dir='ltr'><strong>alio</strong></span> <span class='ocrx_word' id='word_1_292' title='bbox 2293 1759 2459 1799; x_wconf 80' lang='lat' dir='ltr'><strong>seusu</strong></span> <span class='ocrx_word' id='word_1_293' title='bbox 2486 1743 2669 1818; x_wconf 78' lang='lat' dir='ltr'><strong>accipi</strong></span> <span class='ocrx_word' id='word_1_294' title='bbox 2690 1759 2811 1798; x_wconf 90' lang='lat' dir='ltr'><strong>non</strong></span> <span class='ocrx_word' id='word_1_295' title='bbox 2832 1753 3039 1818; x_wconf 86' lang='lat' dir='ltr'><strong>potest.</strong></span> <span class='ocrx_word' id='word_1_296' title='bbox 3058 1742 3171 1800; x_wconf 86' lang='lat' dir='ltr'><strong>Sed</strong></span> <span class='ocrx_word' id='word_1_297' title='bbox 3192 1741 3361 1816; x_wconf 90' lang='lat' dir='ltr'><strong>quod</strong></span> <span class='ocrx_word' id='word_1_298' title='bbox 3384 1741 3687 1802; x_wconf 86' lang='lat' dir='ltr'><strong>Philonidem</strong></span> <span class='ocrx_word' id='word_1_299' title='bbox 3748 1801 3750 1808; x_wconf 84' lang='grc'><strong>,</strong></span> 
     </span>
     <span class='ocr_line' id='line_1_51' title="bbox 2166 1829 3687 1908; baseline 0.001 -22"><span class='ocrx_word' id='word_1_300' title='bbox 2166 1829 2337 1888; x_wconf 85' lang='lat' dir='ltr'><strong>Naidi</strong></span> <span class='ocrx_word' id='word_1_301' title='bbox 2362 1832 2477 1887; x_wconf 81' lang='lat' dir='ltr'><strong>vim</strong></span> <span class='ocrx_word' id='word_1_302' title='bbox 2508 1831 2751 1888; x_wconf 83' lang='lat' dir='ltr'><strong>attulisse</strong></span> <span class='ocrx_word' id='word_1_303' title='bbox 2777 1841 2835 1888; x_wconf 90' lang='lat' dir='ltr'><strong>et</strong></span> <span class='ocrx_word' id='word_1_304' title='bbox 2855 1831 2934 1886; x_wconf 89' lang='lat' dir='ltr'><strong>ob</strong></span> <span class='ocrx_word' id='word_1_305' title='bbox 2958 1829 3024 1888; x_wconf 92' lang='lat' dir='ltr'><strong>id</strong></span> <span class='ocrx_word' id='word_1_306' title='bbox 3046 1831 3235 1908; x_wconf 86' lang='lat' dir='ltr'><strong>ipsum</strong></span> <span class='ocrx_word' id='word_1_307' title='bbox 3271 1847 3308 1886; x_wconf 86' lang='lat' dir='ltr'><strong>a</strong></span> <span class='ocrx_word' id='word_1_308' title='bbox 3324 1848 3481 1886; x_wconf 77' lang='lat' dir='ltr'><strong>novo</strong></span> <span class='ocrx_word' id='word_1_309' title='bbox 3502 1841 3687 1903; x_wconf 83' lang='lat' dir='ltr'><strong>tutore,</strong></span> 
     </span>
     <span class='ocr_line' id='line_1_52' title="bbox 2166 1916 3752 2014; baseline 0.002 -39"><span class='ocrx_word' id='word_1_310' title='bbox 2166 1939 2335 1994; x_wconf 90' lang='lat' dir='ltr'><strong>quem</strong></span> <span class='ocrx_word' id='word_1_311' title='bbox 2346 1920 2560 1976; x_wconf 86' lang='lat' dir='ltr'><strong>archon</strong></span> <span class='ocrx_word' id='word_1_312' title='bbox 2580 1919 2786 1975; x_wconf 81' lang='lat' dir='ltr'><strong>Archia</strong></span> <span class='ocrx_word' id='word_1_313' title='bbox 2804 1916 3086 1984; x_wconf 78' lang='grc' dir='ltr'>κακώσεως</span> <span class='ocrx_word' id='word_1_314' title='bbox 3103 1929 3377 1976; x_wconf 86' lang='lat' dir='ltr'><strong>accusato</strong></span> <span class='ocrx_word' id='word_1_315' title='bbox 3396 1929 3453 1975; x_wconf 90' lang='lat' dir='ltr'><strong>et</strong></span> <span class='ocrx_word' id='word_1_316' title='bbox 3470 1917 3689 1978; x_wconf 83' lang='lat' dir='ltr'><strong>damnato</strong></span> <span class='ocrx_word' id='word_1_317' title='bbox 3750 1986 3752 2014; x_wconf 44' lang='grc'>1</span> 
     </span>
     <span class='ocr_line' id='line_1_53' title="bbox 2166 2005 3752 2084; baseline 0 -20"><span class='ocrx_word' id='word_1_318' title='bbox 2166 2009 2333 2066; x_wconf 88' lang='lat' dir='ltr'><strong>Naidi</strong></span> <span class='ocrx_word' id='word_1_319' title='bbox 2362 2008 2642 2078; x_wconf 85' lang='lat' dir='ltr'><strong>dedisset,</strong></span> <span class='ocrx_word' id='word_1_320' title='bbox 2686 2005 2873 2084; x_wconf 78' lang='grc' dir='ltr'>βιαίων</span> <span class='ocrx_word' id='word_1_321' title='bbox 2903 2017 3231 2066; x_wconf 83' lang='lat' dir='ltr'><strong>accusatum</strong></span> <span class='ocrx_word' id='word_1_322' title='bbox 3262 2026 3385 2064; x_wconf 84' lang='lat' dir='ltr'><strong>esse</strong></span> <span class='ocrx_word' id='word_1_323' title='bbox 3411 2007 3566 2077; x_wconf 89' lang='lat' dir='ltr'><strong>dicit,</strong></span> <span class='ocrx_word' id='word_1_324' title='bbox 3591 2009 3688 2064; x_wconf 71' lang='lat' dir='ltr'><strong>falsa</strong></span> <span class='ocrx_word' id='word_1_325' title='bbox 3751 2019 3752 2026; x_wconf 76' lang='grc'>’</span> 
     </span>
    </p>
   </div>
   <div class='ocr_carea' id='block_1_16' title="bbox 3742 801 3750 1800">
    <p class='ocr_par' dir='ltr' id='par_1_23' title="bbox 3742 801 3750 1800">
     <span class='ocr_line' id='line_1_54' title="bbox 3742 801 3750 1800; baseline 0 0"><span class='ocrx_word' id='word_1_326' title='bbox 3742 801 3750 1800; x_wconf 95' lang='lat' dir='ltr'><strong> </strong></span> 
     </span>
    </p>
   </div>
   <div class='ocr_carea' id='block_1_17' title="bbox 2165 2095 3758 3845">
    <p class='ocr_par' dir='ltr' id='par_1_24' title="bbox 2165 2095 3758 3845">
     <span class='ocr_line' id='line_1_55' title="bbox 2166 2095 3688 2175; baseline 0.001 -20"><span class='ocrx_word' id='word_1_327' title='bbox 2166 2099 2440 2175; x_wconf 89' lang='lat' dir='ltr'><strong>opinione</strong></span> <span class='ocrx_word' id='word_1_328' title='bbox 2465 2099 2688 2166; x_wconf 89' lang='lat' dir='ltr'><strong>nititur,</strong></span> <span class='ocrx_word' id='word_1_329' title='bbox 2720 2115 2891 2170; x_wconf 83' lang='lat' dir='ltr'><strong>quam</strong></span> <span class='ocrx_word' id='word_1_330' title='bbox 2922 2097 3187 2153; x_wconf 71' lang='lat' dir='ltr'><strong>homines</strong></span> <span class='ocrx_word' id='word_1_331' title='bbox 3216 2095 3383 2154; x_wconf 91' lang='lat' dir='ltr'><strong>docti</strong></span> <span class='ocrx_word' id='word_1_332' title='bbox 3406 2096 3478 2153; x_wconf 92' lang='lat' dir='ltr'><strong>de</strong></span> <span class='ocrx_word' id='word_1_333' title='bbox 3511 2099 3688 2157; x_wconf 74' lang='lat' dir='ltr'><strong>actione</strong></span> 
     </span>
     <span class='ocr_line' id='line_1_56' title="bbox 2166 2185 3686 2266; baseline 0.003 -22"><span class='ocrx_word' id='word_1_334' title='bbox 2166 2185 2355 2266; x_wconf 82' lang='grc' dir='ltr'>βιαίων</span> <span class='ocrx_word' id='word_1_335' title='bbox 2374 2187 2611 2243; x_wconf 89' lang='lat' dir='ltr'><strong>habent.</strong></span> <span class='ocrx_word' id='word_1_336' title='bbox 2640 2187 2845 2242; x_wconf 79' lang='lat' dir='ltr'><strong>Putant</strong></span> <span class='ocrx_word' id='word_1_337' title='bbox 2868 2187 3020 2241; x_wconf 88' lang='lat' dir='ltr'><strong>enim</strong></span> <span class='ocrx_word' id='word_1_338' title='bbox 3049 2186 3165 2262; x_wconf 82' lang='lat' dir='ltr'><strong>(cf.</strong></span> <span class='ocrx_word' id='word_1_339' title='bbox 3190 2186 3380 2242; x_wconf 79' lang='lat' dir='ltr'><strong>Meier</strong></span> <span class='ocrx_word' id='word_1_340' title='bbox 3400 2185 3473 2243; x_wconf 87' lang='lat' dir='ltr'><strong>de</strong></span> <span class='ocrx_word' id='word_1_341' title='bbox 3510 2187 3589 2243; x_wconf 86' lang='lat' dir='ltr'><strong>lit.</strong></span> <span class='ocrx_word' id='word_1_342' title='bbox 3606 2200 3686 2249; x_wconf 81' lang='lat' dir='ltr'><strong>att.</strong></span> 
     </span>
     <span class='ocr_line' id='line_1_57' title="bbox 2165 2273 3754 2356; baseline -0.002 -19"><span class='ocrx_word' id='word_1_343' title='bbox 2165 2299 2225 2355; x_wconf 90' lang='lat' dir='ltr'><strong>p.</strong></span> <span class='ocrx_word' id='word_1_344' title='bbox 2256 2275 2371 2348; x_wconf 79' lang='lat'><strong>545</strong></span> <span class='ocrx_word' id='word_1_345' title='bbox 2402 2273 2530 2353; x_wconf 86' lang='lat' dir='ltr'><strong>sq.)</strong></span> <span class='ocrx_word' id='word_1_346' title='bbox 2564 2293 2689 2332; x_wconf 87' lang='lat' dir='ltr'><strong>eam</strong></span> <span class='ocrx_word' id='word_1_347' title='bbox 2718 2277 3004 2356; x_wconf 81' lang='lat' dir='ltr'><strong>actionem</strong></span> <span class='ocrx_word' id='word_1_348' title='bbox 3043 2286 3101 2332; x_wconf 89' lang='lat' dir='ltr'><strong>et</strong></span> <span class='ocrx_word' id='word_1_349' title='bbox 3139 2285 3349 2331; x_wconf 88' lang='lat' dir='ltr'><strong>contra</strong></span> <span class='ocrx_word' id='word_1_350' title='bbox 3389 2293 3486 2330; x_wconf 90' lang='lat' dir='ltr'><strong>eos</strong></span> <span class='ocrx_word' id='word_1_351' title='bbox 3512 2278 3597 2350; x_wconf 87' lang='lat' dir='ltr'><strong>qui</strong></span> <span class='ocrx_word' id='word_1_352' title='bbox 3626 2279 3690 2334; x_wconf 81' lang='lat' dir='ltr'><strong>vel</strong></span> <span class='ocrx_word' id='word_1_353' title='bbox 3752 2291 3754 2346; x_wconf 68' lang='grc' dir='ltr'>ε</span> 
     </span>
     <span class='ocr_line' id='line_1_58' title="bbox 2168 2353 3754 2439; baseline -0.003 -16"><span class='ocrx_word' id='word_1_354' title='bbox 2168 2368 2434 2424; x_wconf 79' lang='lat' dir='ltr'><strong>feminam</strong></span> <span class='ocrx_word' id='word_1_355' title='bbox 2468 2365 2557 2420; x_wconf 76' lang='lat' dir='ltr'><strong>vel</strong></span> <span class='ocrx_word' id='word_1_356' title='bbox 2588 2381 2830 2439; x_wconf 82' lang='lat' dir='ltr'><strong>puemm</strong></span> <span class='ocrx_word' id='word_1_357' title='bbox 2852 2383 2960 2439; x_wconf 90' lang='lat' dir='ltr'><strong>per</strong></span> <span class='ocrx_word' id='word_1_358' title='bbox 2996 2365 3115 2420; x_wconf 81' lang='lat' dir='ltr'><strong>vim</strong></span> <span class='ocrx_word' id='word_1_359' title='bbox 3148 2364 3445 2420; x_wconf 80' lang='lat' dir='ltr'><strong>vitiassent</strong></span> <span class='ocrx_word' id='word_1_360' title='bbox 3463 2373 3516 2421; x_wconf 89' lang='lat' dir='ltr'><strong>et</strong></span> <span class='ocrx_word' id='word_1_361' title='bbox 3536 2365 3575 2420; x_wconf 83' lang='lat' dir='ltr'><strong>si</strong></span> <span class='ocrx_word' id='word_1_362' title='bbox 3598 2368 3691 2438; x_wconf 82' lang='lat' dir='ltr'><strong>quis</strong></span> <span class='ocrx_word' id='word_1_363' title='bbox 3752 2353 3754 2382; x_wconf 61' lang='lat'><em>³</em></span> 
     </span>
     <span class='ocr_line' id='line_1_59' title="bbox 2168 2451 3692 2532; baseline -0.004 -16"><span class='ocrx_word' id='word_1_364' title='bbox 2168 2473 2274 2532; x_wconf 83' lang='lat' dir='ltr'><strong>pet·</strong></span> <span class='ocrx_word' id='word_1_365' title='bbox 2320 2456 2440 2514; x_wconf 73' lang='lat' dir='ltr'><strong>vim</strong></span> <span class='ocrx_word' id='word_1_366' title='bbox 2486 2451 2703 2527; x_wconf 88' lang='lat' dir='ltr'><strong>aliquid</strong></span> <span class='ocrx_word' id='word_1_367' title='bbox 2741 2452 3067 2510; x_wconf 82' lang='lat' dir='ltr'><strong>abstulisset</strong></span> <span class='ocrx_word' id='word_1_368' title='bbox 3096 2454 3422 2510; x_wconf 84' lang='lat' dir='ltr'><strong>institutam</strong></span> <span class='ocrx_word' id='word_1_369' title='bbox 3462 2471 3584 2512; x_wconf 87' lang='lat' dir='ltr'><strong>esse.</strong></span> <span class='ocrx_word' id='word_1_370' title='bbox 3608 2455 3692 2510; x_wconf 84' lang='lat' dir='ltr'><strong>Sed</strong></span> 
     </span>
     <span class='ocr_line' id='line_1_60' title="bbox 2171 2540 3691 2622; baseline 0.001 -24"><span class='ocrx_word' id='word_1_371' title='bbox 2171 2543 2333 2600; x_wconf 83' lang='lat' dir='ltr'><strong>locus</strong></span> <span class='ocrx_word' id='word_1_372' title='bbox 2374 2541 2851 2618; x_wconf 81' lang='lat' dir='ltr'><strong>Harpocrationis</strong></span> <span class='ocrx_word' id='word_1_373' title='bbox 2873 2583 2891 2615; x_wconf 90' lang='lat'><strong>,</strong></span> <span class='ocrx_word' id='word_1_374' title='bbox 2922 2559 3095 2616; x_wconf 90' lang='lat' dir='ltr'><strong>quem</strong></span> <span class='ocrx_word' id='word_1_375' title='bbox 3118 2541 3271 2598; x_wconf 76' lang='lat' dir='ltr'><strong>infra</strong></span> <span class='ocrx_word' id='word_1_376' title='bbox 3304 2541 3565 2616; x_wconf 75' lang='lat' dir='ltr'><strong>adscripsi</strong></span> <span class='ocrx_word' id='word_1_377' title='bbox 3588 2540 3691 2622; x_wconf 78' lang='lat' dir='ltr'><strong>(srg.</strong></span> 
     </span>
     <span class='ocr_line' id='line_1_61' title="bbox 2169 2596 3756 2711; baseline -0.001 -23"><span class='ocrx_word' id='word_1_378' title='bbox 2169 2628 2332 2711; x_wconf 77' lang='lat'><strong>243),</strong></span> <span class='ocrx_word' id='word_1_379' title='bbox 2345 2632 2416 2690; x_wconf 83' lang='lat' dir='ltr'><strong>iis</strong></span> <span class='ocrx_word' id='word_1_380' title='bbox 2425 2649 2551 2706; x_wconf 77' lang='lat' dir='ltr'><strong>quae</strong></span> <span class='ocrx_word' id='word_1_381' title='bbox 2563 2649 2596 2686; x_wconf 88' lang='lat' dir='ltr'><strong>a</strong></span> <span class='ocrx_word' id='word_1_382' title='bbox 2613 2628 2995 2706; x_wconf 80' lang='lat' dir='ltr'><strong>grammaticis</strong></span> <span class='ocrx_word' id='word_1_383' title='bbox 3008 2630 3256 2687; x_wconf 79' lang='lat' dir='ltr'><strong>indoctis</strong></span> <span class='ocrx_word' id='word_1_384' title='bbox 3274 2640 3337 2688; x_wconf 91' lang='lat' dir='ltr'><strong>et</strong></span> <span class='ocrx_word' id='word_1_385' title='bbox 3352 2649 3571 2686; x_wconf 85' lang='lat' dir='ltr'><strong>suorum</strong></span> <span class='ocrx_word' id='word_1_386' title='bbox 3586 2641 3694 2687; x_wconf 82' lang='lat' dir='ltr'><strong>tem·</strong></span> <span class='ocrx_word' id='word_1_387' title='bbox 3754 2596 3756 2680; x_wconf 48' lang='lat' dir='ltr'><strong>ff</strong></span> 
     </span>
     <span class='ocr_line' id='line_1_62' title="bbox 2166 2717 3691 2796; baseline -0.001 -18"><span class='ocrx_word' id='word_1_388' title='bbox 2166 2739 2376 2796; x_wconf 86' lang='lat' dir='ltr'><strong>porum</strong></span> <span class='ocrx_word' id='word_1_389' title='bbox 2396 2719 2825 2780; x_wconf 85' lang='lat' dir='ltr'><strong>consuetudinis</strong></span> <span class='ocrx_word' id='word_1_390' title='bbox 2846 2720 3144 2780; x_wconf 79' lang='lat' dir='ltr'><strong>tenacibus</strong></span> <span class='ocrx_word' id='word_1_391' title='bbox 3164 2717 3368 2778; x_wconf 84' lang='lat' dir='ltr'><strong>addita</strong></span> <span class='ocrx_word' id='word_1_392' title='bbox 3384 2730 3539 2776; x_wconf 84' lang='lat' dir='ltr'><strong>eraut</strong></span> <span class='ocrx_word' id='word_1_393' title='bbox 3556 2739 3691 2776; x_wconf 75' lang='lat' dir='ltr'><strong>resec·</strong></span> 
     </span>
     <span class='ocr_line' id='line_1_63' title="bbox 2170 2806 3694 2886; baseline -0.002 -20"><span class='ocrx_word' id='word_1_394' title='bbox 2170 2812 2273 2882; x_wconf 86' lang='lat' dir='ltr'><strong>tis,</strong></span> <span class='ocrx_word' id='word_1_395' title='bbox 2298 2809 2469 2886; x_wconf 84' lang='lat' dir='ltr'><strong>longe</strong></span> <span class='ocrx_word' id='word_1_396' title='bbox 2492 2807 2649 2866; x_wconf 88' lang='lat' dir='ltr'><strong>aliud</strong></span> <span class='ocrx_word' id='word_1_397' title='bbox 2676 2806 2847 2864; x_wconf 90' lang='lat' dir='ltr'><strong>docet</strong></span> <span class='ocrx_word' id='word_1_398' title='bbox 2876 2826 2891 2862; x_wconf 72' lang='grc' dir='ltr'><strong><em>ε</em></strong></span> <span class='ocrx_word' id='word_1_399' title='bbox 2932 2808 3044 2864; x_wconf 88' lang='lat' dir='ltr'><strong>hoc</strong></span> <span class='ocrx_word' id='word_1_400' title='bbox 3073 2826 3191 2866; x_wconf 87' lang='lat' dir='ltr'><strong>uno</strong></span> <span class='ocrx_word' id='word_1_401' title='bbox 3230 2826 3379 2866; x_wconf 81' lang='lat' dir='ltr'><strong>vero</strong></span> <span class='ocrx_word' id='word_1_402' title='bbox 3425 2811 3694 2882; x_wconf 76' lang='lat' dir='ltr'><strong>Harpocra-</strong></span> 
     </span>
     <span class='ocr_line' id='line_1_64' title="bbox 2174 2895 3758 3008; baseline -0.003 -52"><span class='ocrx_word' id='word_1_403' title='bbox 2174 2898 2351 2956; x_wconf 86' lang='lat' dir='ltr'><strong>tionis</strong></span> <span class='ocrx_word' id='word_1_404' title='bbox 2388 2909 2448 2956; x_wconf 88' lang='lat' dir='ltr'><strong>et</strong></span> <span class='ocrx_word' id='word_1_405' title='bbox 2482 2897 2821 2955; x_wconf 85' lang='lat' dir='ltr'><strong>asseclarum</strong></span> <span class='ocrx_word' id='word_1_406' title='bbox 2845 2896 2979 2953; x_wconf 91' lang='lat' dir='ltr'><strong>loco</strong></span> <span class='ocrx_word' id='word_1_407' title='bbox 3014 2897 3113 2952; x_wconf 91' lang='lat' dir='ltr'><strong>illa</strong></span> <span class='ocrx_word' id='word_1_408' title='bbox 3136 2895 3339 2972; x_wconf 89' lang='lat' dir='ltr'><strong>opinio</strong></span> <span class='ocrx_word' id='word_1_409' title='bbox 3362 2915 3422 2954; x_wconf 86' lang='lat' dir='ltr'><strong>se</strong></span> <span class='ocrx_word' id='word_1_410' title='bbox 3452 2897 3691 2953; x_wconf 80' lang='lat' dir='ltr'><strong>tuebatur.</strong></span> <span class='ocrx_word' id='word_1_411' title='bbox 3756 2902 3758 3008; x_wconf 49' lang='lat' dir='ltr'><em>A</em></span> 
     </span>
     <span class='ocr_line' id='line_1_65' title="bbox 2172 2983 3758 3064; baseline -0.006 -18"><span class='ocrx_word' id='word_1_412' title='bbox 2172 2989 2258 3046; x_wconf 78' lang='lat' dir='ltr'><strong>Ne</strong></span> <span class='ocrx_word' id='word_1_413' title='bbox 2288 3005 2400 3064; x_wconf 87' lang='lat' dir='ltr'><strong>pro</strong></span> <span class='ocrx_word' id='word_1_414' title='bbox 2440 2987 2626 3043; x_wconf 84' lang='lat' dir='ltr'><strong>Naide</strong></span> <span class='ocrx_word' id='word_1_415' title='bbox 2663 2984 2901 3061; x_wconf 87' lang='lat' dir='ltr'><strong>quidem</strong></span> <span class='ocrx_word' id='word_1_416' title='bbox 2940 2983 3089 3042; x_wconf 81' lang='lat' dir='ltr'><strong>hanc</strong></span> <span class='ocrx_word' id='word_1_417' title='bbox 3112 2985 3439 3041; x_wconf 87' lang='lat' dir='ltr'><strong>orationem</strong></span> <span class='ocrx_word' id='word_1_418' title='bbox 3476 2986 3695 3059; x_wconf 83' lang='lat' dir='ltr'><strong>scriptam</strong></span> <span class='ocrx_word' id='word_1_419' title='bbox 3756 3011 3758 3018; x_wconf 92' lang='lat'>·</span> 
     </span>
     <span class='ocr_line' id='line_1_66' title="bbox 2172 3071 3695 3152; baseline -0.003 -21"><span class='ocrx_word' id='word_1_420' title='bbox 2172 3093 2295 3136; x_wconf 84' lang='lat' dir='ltr'><strong>esse</strong></span> <span class='ocrx_word' id='word_1_421' title='bbox 2326 3085 2511 3152; x_wconf 86' lang='lat' dir='ltr'><strong>puto;</strong></span> <span class='ocrx_word' id='word_1_422' title='bbox 2553 3092 2689 3130; x_wconf 89' lang='lat' dir='ltr'><strong>nam</strong></span> <span class='ocrx_word' id='word_1_423' title='bbox 2716 3073 2819 3148; x_wconf 87' lang='lat' dir='ltr'><strong>qui</strong></span> <span class='ocrx_word' id='word_1_424' title='bbox 2850 3071 3051 3132; x_wconf 83' lang='lat' dir='ltr'><strong>Naidis</strong></span> <span class='ocrx_word' id='word_1_425' title='bbox 3086 3091 3319 3128; x_wconf 86' lang='lat' dir='ltr'><strong>causam</strong></span> <span class='ocrx_word' id='word_1_426' title='bbox 3370 3083 3576 3147; x_wconf 79' lang='lat' dir='ltr'><strong>ageret,</strong></span> <span class='ocrx_word' id='word_1_427' title='bbox 3608 3090 3695 3127; x_wconf 85' lang='lat' dir='ltr'><strong>non</strong></span> 
     </span>
     <span class='ocr_line' id='line_1_67' title="bbox 2172 3149 3697 3238; baseline -0.004 -16"><span class='ocrx_word' id='word_1_428' title='bbox 2172 3166 2405 3222; x_wconf 80' lang='lat' dir='ltr'><strong>dixisset</strong></span> <span class='ocrx_word' id='word_1_429' title='bbox 2430 3160 2571 3220; x_wconf 66' lang='grc' dir='ltr'>ἴστιν</span> <span class='ocrx_word' id='word_1_430' title='bbox 2608 3149 2697 3219; x_wconf 62' lang='grc' dir='ltr'><strong>οὖν</strong></span> <span class='ocrx_word' id='word_1_431' title='bbox 2725 3155 2857 3238; x_wconf 78' lang='grc' dir='ltr'>γυνὴ</span> <span class='ocrx_word' id='word_1_432' title='bbox 2905 3155 3088 3236; x_wconf 75' lang='grc' dir='ltr'>ἑταίρα</span> <span class='ocrx_word' id='word_1_433' title='bbox 3114 3151 3251 3224; x_wconf 56' lang='lat' dir='ltr'><strong>Na&amp;</strong></span> <span class='ocrx_word' id='word_1_434' title='bbox 3294 3155 3482 3235; x_wconf 76' lang='grc' dir='ltr'>ὄνομα.</span> <span class='ocrx_word' id='word_1_435' title='bbox 3512 3157 3567 3216; x_wconf 86' lang='lat' dir='ltr'><strong>Si</strong></span> <span class='ocrx_word' id='word_1_436' title='bbox 3591 3160 3697 3234; x_wconf 85' lang='lat' dir='ltr'><strong>quid</strong></span> 
     </span>
     <span class='ocr_line' id='line_1_68' title="bbox 2172 3247 3694 3329; baseline -0.005 -21"><span class='ocrx_word' id='word_1_437' title='bbox 2172 3253 2348 3329; x_wconf 82' lang='lat' dir='ltr'><strong>igitur</strong></span> <span class='ocrx_word' id='word_1_438' title='bbox 2382 3251 2655 3325; x_wconf 80' lang='lat' dir='ltr'><strong>suspicari</strong></span> <span class='ocrx_word' id='word_1_439' title='bbox 2683 3249 2849 3319; x_wconf 90' lang='lat' dir='ltr'><strong>licet,</strong></span> <span class='ocrx_word' id='word_1_440' title='bbox 2869 3247 3113 3305; x_wconf 87' lang='lat' dir='ltr'><strong>dixerim</strong></span> <span class='ocrx_word' id='word_1_441' title='bbox 3152 3247 3513 3304; x_wconf 83' lang='lat' dir='ltr'><strong>Philonidem</strong></span> <span class='ocrx_word' id='word_1_442' title='bbox 3532 3248 3694 3323; x_wconf 80' lang='lat' dir='ltr'><strong>virgini</strong></span> 
     </span>
     <span class='ocr_line' id='line_1_69' title="bbox 2172 3333 3697 3416; baseline -0.005 -18"><span class='ocrx_word' id='word_1_443' title='bbox 2172 3340 2447 3416; x_wconf 87' lang='lat' dir='ltr'><strong>epiclero,</strong></span> <span class='ocrx_word' id='word_1_444' title='bbox 2474 3339 2586 3396; x_wconf 74' lang='lat' dir='ltr'><strong>civi</strong></span> <span class='ocrx_word' id='word_1_445' title='bbox 2622 3336 2813 3395; x_wconf 71' lang='lat' dir='ltr'><strong>attica</strong></span> <span class='ocrx_word' id='word_1_446' title='bbox 2842 3333 2928 3413; x_wconf 81' lang='lat' dir='ltr'><strong>(v.</strong></span> <span class='ocrx_word' id='word_1_447' title='bbox 2958 3337 3029 3395; x_wconf 82' lang='lat' dir='ltr'><strong>l&#39;r.</strong></span> <span class='ocrx_word' id='word_1_448' title='bbox 3074 3337 3229 3413; x_wconf 72' lang='grc'><strong>343)</strong></span> <span class='ocrx_word' id='word_1_449' title='bbox 3250 3337 3477 3412; x_wconf 84' lang='lat' dir='ltr'><strong>aliquid</strong></span> <span class='ocrx_word' id='word_1_450' title='bbox 3491 3355 3584 3413; x_wconf 84' lang='lat' dir='ltr'><strong>per</strong></span> <span class='ocrx_word' id='word_1_451' title='bbox 3611 3337 3697 3391; x_wconf 76' lang='lat' dir='ltr'><strong>vim</strong></span> 
     </span>
     <span class='ocr_line' id='line_1_70' title="bbox 2174 3423 3696 3500; baseline -0.007 -13"><span class='ocrx_word' id='word_1_452' title='bbox 2174 3429 2471 3486; x_wconf 79' lang='lat' dir='ltr'><strong>abstulisse</strong></span> <span class='ocrx_word' id='word_1_453' title='bbox 2506 3428 2569 3482; x_wconf 89' lang='lat' dir='ltr'><strong>in</strong></span> <span class='ocrx_word' id='word_1_454' title='bbox 2596 3443 2779 3500; x_wconf 81' lang='lat' dir='ltr'><strong>eaque</strong></span> <span class='ocrx_word' id='word_1_455' title='bbox 2808 3443 2874 3482; x_wconf 86' lang='lat' dir='ltr'><strong>re</strong></span> <span class='ocrx_word' id='word_1_456' title='bbox 2904 3426 3105 3482; x_wconf 85' lang='lat' dir='ltr'><strong>nescio</strong></span> <span class='ocrx_word' id='word_1_457' title='bbox 3135 3445 3253 3500; x_wconf 91' lang='lat' dir='ltr'><strong>quo</strong></span> <span class='ocrx_word' id='word_1_458' title='bbox 3284 3425 3467 3482; x_wconf 87' lang='lat' dir='ltr'><strong>modo</strong></span> <span class='ocrx_word' id='word_1_459' title='bbox 3493 3442 3526 3480; x_wconf 89' lang='lat' dir='ltr'><strong>a</strong></span> <span class='ocrx_word' id='word_1_460' title='bbox 3554 3423 3696 3480; x_wconf 77' lang='lat' dir='ltr'><strong>Naide</strong></span> 
     </span>
     <span class='ocr_line' id='line_1_71' title="bbox 2173 3514 3699 3590; baseline -0.007 -16"><span class='ocrx_word' id='word_1_461' title='bbox 2173 3517 2472 3574; x_wconf 85' lang='lat' dir='ltr'><strong>meretrice</strong></span> <span class='ocrx_word' id='word_1_462' title='bbox 2506 3525 2567 3571; x_wconf 87' lang='lat' dir='ltr'><strong>et</strong></span> <span class='ocrx_word' id='word_1_463' title='bbox 2596 3514 2832 3585; x_wconf 79' lang='lat' dir='ltr'><strong>Archia,</strong></span> <span class='ocrx_word' id='word_1_464' title='bbox 2880 3515 3003 3590; x_wconf 77' lang='lat' dir='ltr'><strong>ejus</strong></span> <span class='ocrx_word' id='word_1_465' title='bbox 3054 3524 3282 3590; x_wconf 87' lang='lat' dir='ltr'><strong>tutore,</strong></span> <span class='ocrx_word' id='word_1_466' title='bbox 3322 3516 3699 3589; x_wconf 74' lang='lat' dir='ltr'><strong>Hymenaeoque</strong></span> 
     </span>
     <span class='ocr_line' id='line_1_72' title="bbox 2175 3589 3701 3672; baseline -0.007 -18"><span class='ocrx_word' id='word_1_467' title='bbox 2175 3596 2295 3672; x_wconf 85' lang='lat' dir='ltr'><strong>ejus</strong></span> <span class='ocrx_word' id='word_1_468' title='bbox 2330 3597 2549 3666; x_wconf 88' lang='lat' dir='ltr'><strong>amico,</strong></span> <span class='ocrx_word' id='word_1_469' title='bbox 2587 3593 2845 3668; x_wconf 84' lang='lat' dir='ltr'><strong>adjutum</strong></span> <span class='ocrx_word' id='word_1_470' title='bbox 2874 3611 3013 3651; x_wconf 83' lang='lat' dir='ltr'><strong>esse.</strong></span> <span class='ocrx_word' id='word_1_471' title='bbox 3051 3593 3185 3667; x_wconf 89' lang='lat' dir='ltr'><strong>Quo</strong></span> <span class='ocrx_word' id='word_1_472' title='bbox 3220 3591 3375 3652; x_wconf 58' lang='lat' dir='ltr'><strong>ficto</strong></span> <span class='ocrx_word' id='word_1_473' title='bbox 3424 3589 3701 3650; x_wconf 73' lang='lat' dir='ltr'><strong>Philonides</strong></span> 
     </span>
     <span class='ocr_line' id='line_1_73' title="bbox 2186 3682 3217 3764; baseline 0 -22"><span class='ocrx_word' id='word_1_474' title='bbox 2186 3683 2370 3764; x_wconf 84' lang='grc' dir='ltr'>βιαίων</span> <span class='ocrx_word' id='word_1_475' title='bbox 2393 3693 2689 3742; x_wconf 88' lang='lat' dir='ltr'><strong>accusatus</strong></span> <span class='ocrx_word' id='word_1_476' title='bbox 2725 3692 2834 3742; x_wconf 84' lang='lat' dir='ltr'><strong>est.</strong></span> <span class='ocrx_word' id='word_1_477' title='bbox 2864 3703 2891 3733; x_wconf 73' lang='grc' dir='ltr'>ν</span> <span class='ocrx_word' id='word_1_478' title='bbox 2921 3682 3217 3742; x_wconf 72' lang='lat' dir='ltr'><strong>Smrrxus.</strong></span> 
     </span>
     <span class='ocr_line' id='line_1_74' title="bbox 2884 3783 3026 3845; baseline 0 -9"><span class='ocrx_word' id='word_1_479' title='bbox 2884 3783 3026 3845; x_wconf 70' lang='grc'><strong>340.</strong></span> 
     </span>
    </p>
   </div>
   <div class='ocr_carea' id='block_1_18' title="bbox 2256 3870 3701 3962">
    <p class='ocr_par' dir='ltr' id='par_1_25' title="bbox 2256 3870 3701 3962">
     <span class='ocr_line' id='line_1_75' title="bbox 2256 3870 3701 3962; baseline -0.008 -17"><span class='ocrx_word' id='word_1_480' title='bbox 2256 3887 2557 3945; x_wconf 73' lang='lat' dir='ltr'><strong>Athenaeus</strong></span> <span class='ocrx_word' id='word_1_481' title='bbox 2590 3881 2759 3952; x_wconf 87' lang='lat' dir='ltr'><strong>xm,</strong></span> <span class='ocrx_word' id='word_1_482' title='bbox 2790 3899 2853 3962; x_wconf 86' lang='lat' dir='ltr'><strong>p.</strong></span> <span class='ocrx_word' id='word_1_483' title='bbox 2886 3879 3027 3960; x_wconf 83' lang='grc'><strong>593,</strong></span> <span class='ocrx_word' id='word_1_484' title='bbox 3047 3879 3095 3937; x_wconf 87' lang='lat' dir='ltr'>C</span> <span class='ocrx_word' id='word_1_485' title='bbox 3127 3899 3142 3938; x_wconf 72' lang='grc' dir='ltr'><em>ε</em></span> <span class='ocrx_word' id='word_1_486' title='bbox 3174 3878 3539 3957; x_wconf 71' lang='grc' dir='ltr'>Ἀλκιδάμαςὸ</span> <span class='ocrx_word' id='word_1_487' title='bbox 3564 3870 3701 3938; x_wconf 68' lang='grc' dir='ltr'>Ἐλιέ-</span> 
     </span>
    </p>
   </div>
   <div class='ocr_carea' id='block_1_19' title="bbox 521 3965 3699 4108">
    <p class='ocr_par' dir='ltr' id='par_1_26' title="bbox 521 3965 3699 4108">
     <span class='ocr_line' id='line_1_76' title="bbox 521 3965 3699 4053; baseline -0.003 -22"><span class='ocrx_word' id='word_1_488' title='bbox 521 3998 548 4024; x_wconf 72' lang='grc' dir='ltr'><strong>αι</strong></span> <span class='ocrx_word' id='word_1_489' title='bbox 576 3977 658 4031; x_wconf 90' lang='lat' dir='ltr'><strong>De</strong></span> <span class='ocrx_word' id='word_1_490' title='bbox 685 3977 894 4036; x_wconf 74' lang='lat' dir='ltr'><strong>moeclii</strong></span> <span class='ocrx_word' id='word_1_491' title='bbox 923 3977 1074 4038; x_wconf 82' lang='lat' dir='ltr'><strong>caede</strong></span> <span class='ocrx_word' id='word_1_492' title='bbox 1098 3979 1164 4040; x_wconf 85' lang='lat' dir='ltr'><strong>lis</strong></span> <span class='ocrx_word' id='word_1_493' title='bbox 1189 3980 1418 4036; x_wconf 80' lang='lat' dir='ltr'><strong>videtur</strong></span> <span class='ocrx_word' id='word_1_494' title='bbox 1442 3981 1638 4053; x_wconf 79' lang='lat' dir='ltr'><strong>fuisse,</strong></span> <span class='ocrx_word' id='word_1_495' title='bbox 1661 4004 1688 4034; x_wconf 69' lang='grc' dir='ltr'>ι</span> <span class='ocrx_word' id='word_1_496' title='bbox 1718 3983 2083 4040; x_wconf 72' lang='lat' dir='ltr'><strong>Ilouscnna.</strong></span> <span class='ocrx_word' id='word_1_497' title='bbox 2180 3999 2278 4047; x_wconf 78' lang='grc' dir='ltr'>της</span> <span class='ocrx_word' id='word_1_498' title='bbox 2296 4017 2315 4046; x_wconf 91' lang='grc'><strong>,</strong></span> <span class='ocrx_word' id='word_1_499' title='bbox 2338 3975 2368 4032; x_wconf 81' lang='grc' dir='ltr'><strong>ὁ</strong></span> <span class='ocrx_word' id='word_1_500' title='bbox 2400 3969 2621 4051; x_wconf 80' lang='grc' dir='ltr'>Γοργίου</span> <span class='ocrx_word' id='word_1_501' title='bbox 2652 3965 2922 4047; x_wconf 68' lang='grc' dir='ltr'>μαθητής,</span> <span class='ocrx_word' id='word_1_502' title='bbox 2958 3967 3155 4049; x_wconf 74' lang='grc' dir='ltr'>ἔγραψε</span> <span class='ocrx_word' id='word_1_503' title='bbox 3179 3966 3271 4027; x_wconf 76' lang='grc' dir='ltr'>καὶ</span> <span class='ocrx_word' id='word_1_504' title='bbox 3312 3967 3467 4036; x_wconf 77' lang='grc' dir='ltr'>αὐτὸς</span> <span class='ocrx_word' id='word_1_505' title='bbox 3486 3967 3699 4045; x_wconf 69' lang='grc' dir='ltr'>ἐγκώμιον</span> 
     </span>
     <span class='ocr_line' id='line_1_77' title="bbox 699 4079 3696 4108; baseline -0.002 -20"><span class='ocrx_word' id='word_1_506' title='bbox 699 4079 3696 4108; x_wconf 60' lang='lat' dir='ltr'>W</span> 
     </span>
    </p>
   </div>
   <div class='ocr_carea' id='block_1_20' title="bbox 1246 4149 1357 4198">
    <p class='ocr_par' dir='ltr' id='par_1_27' title="bbox 1246 4149 1357 4198">
     <span class='ocr_line' id='line_1_78' title="bbox 1246 4149 1357 4198; baseline 0 -2"><span class='ocrx_word' id='word_1_507' title='bbox 1246 4149 1357 4198; x_wconf 68' lang='lat'><strong>28³.</strong></span> 
     </span>
    </p>
   </div>
   <div class='ocr_carea' id='block_1_21' title="bbox 529 4261 2095 4620">
    <p class='ocr_par' dir='ltr' id='par_1_28' title="bbox 529 4261 2095 4620">
     <span class='ocr_line' id='line_1_79' title="bbox 586 4261 2089 4333; baseline 0.006 -19"><span class='ocrx_word' id='word_1_508' title='bbox 586 4261 816 4316; x_wconf 71' lang='grc' dir='ltr'>Πεδιακά.</span> <span class='ocrx_word' id='word_1_509' title='bbox 839 4263 1006 4326; x_wconf 79' lang='lat' dir='ltr'><strong>Lysias</strong></span> <span class='ocrx_word' id='word_1_510' title='bbox 1028 4263 1078 4316; x_wconf 86' lang='lat' dir='ltr'><strong>ln</strong></span> <span class='ocrx_word' id='word_1_511' title='bbox 1101 4266 1320 4320; x_wconf 78' lang='lat' dir='ltr'><strong>oratione</strong></span> <span class='ocrx_word' id='word_1_512' title='bbox 1335 4273 1504 4319; x_wconf 79' lang='lat' dir='ltr'><strong>eontra</strong></span> <span class='ocrx_word' id='word_1_513' title='bbox 1528 4269 1796 4333; x_wconf 78' lang='lat' dir='ltr'><strong>Philippum</strong></span> <span class='ocrx_word' id='word_1_514' title='bbox 1827 4269 1890 4322; x_wconf 86' lang='lat' dir='ltr'><strong>de</strong></span> <span class='ocrx_word' id='word_1_515' title='bbox 1918 4271 2089 4332; x_wconf 81' lang='lat' dir='ltr'><strong>tutela,</strong></span> 
     </span>
     <span class='ocr_line' id='line_1_80' title="bbox 533 4332 2090 4406; baseline 0.006 -22"><span class='ocrx_word' id='word_1_516' title='bbox 533 4334 680 4384; x_wconf 86' lang='lat' dir='ltr'><strong>modo</strong></span> <span class='ocrx_word' id='word_1_517' title='bbox 706 4332 914 4395; x_wconf 77' lang='lat' dir='ltr'><strong>genuina</strong></span> <span class='ocrx_word' id='word_1_518' title='bbox 945 4335 1104 4390; x_wconf 73' lang='lat' dir='ltr'><strong>oratio</strong></span> <span class='ocrx_word' id='word_1_519' title='bbox 1131 4337 1221 4388; x_wconf 78' lang='lat' dir='ltr'><strong>sit.</strong></span> <span class='ocrx_word' id='word_1_520' title='bbox 1292 4341 1411 4389; x_wconf 81' lang='lat' dir='ltr'><strong>Pars</strong></span> <span class='ocrx_word' id='word_1_521' title='bbox 1433 4341 1538 4392; x_wconf 79' lang='lat' dir='ltr'><strong>erat</strong></span> <span class='ocrx_word' id='word_1_522' title='bbox 1562 4341 1735 4391; x_wconf 71' lang='lat' dir='ltr'><strong>Atticm</strong></span> <span class='ocrx_word' id='word_1_523' title='bbox 1751 4377 1766 4403; x_wconf 90' lang='lat'><strong>,</strong></span> <span class='ocrx_word' id='word_1_524' title='bbox 1795 4355 1908 4406; x_wconf 78' lang='lat' dir='ltr'><strong>quoe</strong></span> <span class='ocrx_word' id='word_1_525' title='bbox 1934 4356 2090 4406; x_wconf 85' lang='lat' dir='ltr'><strong>quum</strong></span> 
     </span>
     <span class='ocr_line' id='line_1_81' title="bbox 529 4407 2091 4477; baseline 0.007 -25"><span class='ocrx_word' id='word_1_526' title='bbox 529 4407 670 4468; x_wconf 80' lang='lat' dir='ltr'><strong>plana</strong></span> <span class='ocrx_word' id='word_1_527' title='bbox 694 4409 848 4465; x_wconf 79' lang='lat' dir='ltr'><strong>esset,</strong></span> <span class='ocrx_word' id='word_1_528' title='bbox 868 4407 1130 4458; x_wconf 75' lang='lat' dir='ltr'><strong>vocabatur</strong></span> <span class='ocrx_word' id='word_1_529' title='bbox 1161 4408 1364 4473; x_wconf 70' lang='grc' dir='ltr'>Πεδίονς</span> <span class='ocrx_word' id='word_1_530' title='bbox 1391 4410 1598 4462; x_wconf 77' lang='lat' dir='ltr'><strong>babebat</strong></span> <span class='ocrx_word' id='word_1_531' title='bbox 1618 4411 1766 4461; x_wconf 86' lang='lat' dir='ltr'><strong>etiam</strong></span> <span class='ocrx_word' id='word_1_532' title='bbox 1783 4411 1953 4463; x_wconf 78' lang='lat' dir='ltr'><strong>ovium</strong></span> <span class='ocrx_word' id='word_1_533' title='bbox 1986 4426 2091 4477; x_wconf 86' lang='lat' dir='ltr'><strong>pas·</strong></span> 
     </span>
     <span class='ocr_line' id='line_1_82' title="bbox 533 4478 2095 4546; baseline 0.009 -20"><span class='ocrx_word' id='word_1_534' title='bbox 533 4490 625 4527; x_wconf 77' lang='lat' dir='ltr'><strong>cua</strong></span> <span class='ocrx_word' id='word_1_535' title='bbox 640 4513 655 4538; x_wconf 95' lang='lat'>‚</span> <span class='ocrx_word' id='word_1_536' title='bbox 676 4481 724 4528; x_wconf 89' lang='lat' dir='ltr'><strong>et</strong></span> <span class='ocrx_word' id='word_1_537' title='bbox 749 4489 860 4540; x_wconf 80' lang='lat' dir='ltr'><strong>quae</strong></span> <span class='ocrx_word' id='word_1_538' title='bbox 878 4492 939 4529; x_wconf 86' lang='lat' dir='ltr'><strong>ex</strong></span> <span class='ocrx_word' id='word_1_539' title='bbox 962 4478 1055 4530; x_wconf 78' lang='lat' dir='ltr'><strong>hoc</strong></span> <span class='ocrx_word' id='word_1_540' title='bbox 1070 4480 1228 4544; x_wconf 79' lang='grc' dir='ltr'>Πεδίῳ</span> <span class='ocrx_word' id='word_1_541' title='bbox 1263 4483 1638 4546; x_wconf 80' lang='lat' dir='ltr'><strong>proveniebant,</strong></span> <span class='ocrx_word' id='word_1_542' title='bbox 1659 4496 1718 4534; x_wconf 83' lang='lat' dir='ltr'><strong>ea</strong></span> <span class='ocrx_word' id='word_1_543' title='bbox 1739 4485 1957 4542; x_wconf 74' lang='grc' dir='ltr'>Πεδιακά</span> <span class='ocrx_word' id='word_1_544' title='bbox 1973 4486 2095 4540; x_wconf 80' lang='lat' dir='ltr'><strong>dicc-</strong></span> 
     </span>
     <span class='ocr_line' id='line_1_83' title="bbox 533 4547 1906 4620; baseline 0.007 -22"><span class='ocrx_word' id='word_1_545' title='bbox 533 4547 726 4598; x_wconf 80' lang='lat' dir='ltr'><strong>bantur.</strong></span> <span class='ocrx_word' id='word_1_546' title='bbox 760 4551 872 4600; x_wconf 81' lang='lat' dir='ltr'><strong>Vox</strong></span> <span class='ocrx_word' id='word_1_547' title='bbox 900 4549 1031 4614; x_wconf 78' lang='lat' dir='ltr'><strong>apud</strong></span> <span class='ocrx_word' id='word_1_548' title='bbox 1055 4550 1174 4603; x_wconf 77' lang='lat' dir='ltr'><strong>alios</strong></span> <span class='ocrx_word' id='word_1_549' title='bbox 1198 4567 1398 4620; x_wconf 86' lang='lat' dir='ltr'><strong>quoque</strong></span> <span class='ocrx_word' id='word_1_550' title='bbox 1428 4556 1646 4610; x_wconf 79' lang='lat' dir='ltr'><strong>oratores</strong></span> <span class='ocrx_word' id='word_1_551' title='bbox 1673 4555 1906 4614; x_wconf 78' lang='lat' dir='ltr'><strong>occurrit.</strong></span> 
     </span>
    </p>
   </div>
   <div class='ocr_carea' id='block_1_22' title="bbox 1253 4701 1362 4749">
    <p class='ocr_par' dir='ltr' id='par_1_29' title="bbox 1253 4701 1362 4749">
     <span class='ocr_line' id='line_1_84' title="bbox 1253 4701 1362 4749; baseline 0 -1"><span class='ocrx_word' id='word_1_552' title='bbox 1253 4701 1362 4749; x_wconf 73' lang='lat'><strong>234.</strong></span> 
     </span>
    </p>
   </div>
   <div class='ocr_carea' id='block_1_23' title="bbox 2242 4135 3681 4260">
    <p class='ocr_par' dir='ltr' id='par_1_30' title="bbox 2242 4135 3681 4260">
     <span class='ocr_line' id='line_1_85' title="bbox 2242 4135 3681 4260; baseline -0.005 -68"><span class='ocrx_word' id='word_1_553' title='bbox 2242 4141 2437 4194; x_wconf 83' lang='lat' dir='ltr'><strong>cxxu.</strong></span> <span class='ocrx_word' id='word_1_554' title='bbox 2469 4139 3281 4260; x_wconf 43' lang='lat' dir='ltr'><strong>ADVERSUSDIl’ZffitggATEM</strong></span> <span class='ocrx_word' id='word_1_555' title='bbox 3310 4135 3681 4194; x_wconf 66' lang='lat' dir='ltr'><strong>conmotus</strong></span> 
     </span>
    </p>
   </div>
   <div class='ocr_carea' id='block_1_24' title="bbox 2843 4299 3092 4350">
    <p class='ocr_par' dir='ltr' id='par_1_31' title="bbox 2843 4299 3092 4350">
     <span class='ocr_line' id='line_1_86' title="bbox 2843 4299 3092 4350; baseline -0.008 -2"><span class='ocrx_word' id='word_1_556' title='bbox 2843 4301 2953 4348; x_wconf 72' lang='lat'><strong>2³⁶.</strong></span> <span class='ocrx_word' id='word_1_557' title='bbox 2981 4299 3092 4350; x_wconf 78' lang='lat'><strong>237.</strong></span> 
     </span>
    </p>
   </div>
   <div class='ocr_carea' id='block_1_25' title="bbox 2184 4381 3709 4664">
    <p class='ocr_par' dir='ltr' id='par_1_32' title="bbox 2184 4381 3705 4520">
     <span class='ocr_line' id='line_1_87' title="bbox 2246 4381 3705 4448; baseline -0.002 -11"><span class='ocrx_word' id='word_1_558' title='bbox 2246 4387 2472 4446; x_wconf 82' lang='grc' dir='ltr'>Βησαιῆς.</span> <span class='ocrx_word' id='word_1_559' title='bbox 2502 4385 2668 4447; x_wconf 80' lang='lat' dir='ltr'><strong>Lysias</strong></span> <span class='ocrx_word' id='word_1_560' title='bbox 2692 4385 2743 4436; x_wconf 86' lang='lat' dir='ltr'><strong>in</strong></span> <span class='ocrx_word' id='word_1_561' title='bbox 2782 4387 3067 4436; x_wconf 78' lang='lat' dir='ltr'><strong>contractus</strong></span> <span class='ocrx_word' id='word_1_562' title='bbox 3087 4384 3365 4437; x_wconf 71' lang='lat' dir='ltr'><strong>defensione</strong></span> <span class='ocrx_word' id='word_1_563' title='bbox 3385 4385 3597 4448; x_wconf 69' lang='lat' dir='ltr'><strong>adversus</strong></span> <span class='ocrx_word' id='word_1_564' title='bbox 3619 4381 3705 4434; x_wconf 72' lang='lat' dir='ltr'><strong>m·</strong></span> 
     </span>
     <span class='ocr_line' id='line_1_88' title="bbox 2184 4456 3413 4520; baseline -0.002 -12"><span class='ocrx_word' id='word_1_565' title='bbox 2184 4457 2433 4509; x_wconf 75' lang='lat' dir='ltr'><strong>locu-atem.</strong></span> <span class='ocrx_word' id='word_1_566' title='bbox 2462 4459 2581 4508; x_wconf 79' lang='lat' dir='ltr'><strong>Besa</strong></span> <span class='ocrx_word' id='word_1_567' title='bbox 2606 4461 2713 4507; x_wconf 81' lang='lat' dir='ltr'><strong>erat</strong></span> <span class='ocrx_word' id='word_1_568' title='bbox 2742 4469 2890 4520; x_wconf 82' lang='lat' dir='ltr'><strong>pagus</strong></span> <span class='ocrx_word' id='word_1_569' title='bbox 2908 4457 3214 4507; x_wconf 77' lang='lat' dir='ltr'><strong>Antiochidis</strong></span> <span class='ocrx_word' id='word_1_570' title='bbox 3235 4456 3413 4507; x_wconf 78' lang='lat' dir='ltr'><strong>tribus.</strong></span> 
     </span>
    </p>

    <p class='ocr_par' dir='ltr' id='par_1_33' title="bbox 2187 4527 3709 4664">
     <span class='ocr_line' id='line_1_89' title="bbox 2256 4527 3709 4598; baseline -0.001 -19"><span class='ocrx_word' id='word_1_571' title='bbox 2256 4529 2539 4598; x_wconf 69' lang='grc' dir='ltr'>Εὗωνυμεῖς.</span> <span class='ocrx_word' id='word_1_572' title='bbox 2588 4527 2757 4590; x_wconf 77' lang='lat' dir='ltr'><strong>Lysias</strong></span> <span class='ocrx_word' id='word_1_573' title='bbox 2788 4527 2839 4577; x_wconf 85' lang='lat' dir='ltr'><strong>in</strong></span> <span class='ocrx_word' id='word_1_574' title='bbox 2887 4527 3107 4579; x_wconf 79' lang='lat' dir='ltr'><strong>oratioue</strong></span> <span class='ocrx_word' id='word_1_575' title='bbox 3140 4528 3373 4579; x_wconf 73' lang='lat' dir='ltr'><strong>adversus</strong></span> <span class='ocrx_word' id='word_1_576' title='bbox 3405 4527 3709 4585; x_wconf 68' lang='lat' dir='ltr'><strong>Philocratem</strong></span> 
     </span>
     <span class='ocr_line' id='line_1_90' title="bbox 2187 4597 3705 4664; baseline -0.001 -16"><span class='ocrx_word' id='word_1_577' title='bbox 2187 4611 2339 4664; x_wconf 81' lang='lat' dir='ltr'><strong>pagus</strong></span> <span class='ocrx_word' id='word_1_578' title='bbox 2368 4597 2705 4654; x_wconf 77' lang='lat' dir='ltr'><strong>Erechtheidis</strong></span> <span class='ocrx_word' id='word_1_579' title='bbox 2722 4597 2876 4648; x_wconf 78' lang='lat' dir='ltr'><strong>tribus</strong></span> <span class='ocrx_word' id='word_1_580' title='bbox 2896 4597 2968 4648; x_wconf 81' lang='lat' dir='ltr'><strong>sle</strong></span> <span class='ocrx_word' id='word_1_581' title='bbox 2996 4597 3286 4663; x_wconf 75' lang='lat' dir='ltr'><strong>vocabatur,</strong></span> <span class='ocrx_word' id='word_1_582' title='bbox 3316 4599 3375 4650; x_wconf 85' lang='lat' dir='ltr'><strong>ut</strong></span> <span class='ocrx_word' id='word_1_583' title='bbox 3400 4597 3469 4649; x_wconf 81' lang='lat' dir='ltr'><strong>ait</strong></span> <span class='ocrx_word' id='word_1_584' title='bbox 3492 4597 3705 4648; x_wconf 66' lang='lat' dir='ltr'><strong>Diodorus.</strong></span> 
     </span>
    </p>
   </div>
   <div class='ocr_carea' id='block_1_26' title="bbox 2253 4739 3709 4812">
    <p class='ocr_par' dir='ltr' id='par_1_34' title="bbox 2253 4739 3709 4812">
     <span class='ocr_line' id='line_1_91' title="bbox 2253 4739 3709 4812; baseline -0.003 -19"><span class='ocrx_word' id='word_1_585' title='bbox 2253 4741 2513 4807; x_wconf 79' lang='grc' dir='ltr'>Φιλόγυνος</span> <span class='ocrx_word' id='word_1_586' title='bbox 2542 4755 2736 4812; x_wconf 82' lang='lat' dir='ltr'><strong>quoque</strong></span> <span class='ocrx_word' id='word_1_587' title='bbox 2756 4777 2772 4803; x_wconf 86' lang='lat'><strong>,</strong></span> <span class='ocrx_word' id='word_1_588' title='bbox 2821 4755 2919 4792; x_wconf 88' lang='lat' dir='ltr'><strong>non</strong></span> <span class='ocrx_word' id='word_1_589' title='bbox 2960 4739 3117 4792; x_wconf 79' lang='lat' dir='ltr'><strong>solum</strong></span> <span class='ocrx_word' id='word_1_590' title='bbox 3159 4742 3429 4806; x_wconf 73' lang='grc' dir='ltr'>φιλογύνης,</span> <span class='ocrx_word' id='word_1_591' title='bbox 3456 4741 3636 4802; x_wconf 82' lang='lat' dir='ltr'><strong>dicitur,</strong></span> <span class='ocrx_word' id='word_1_592' title='bbox 3667 4739 3709 4788; x_wconf 79' lang='lat' dir='ltr'><strong>ul</strong></span> 
     </span>
    </p>
   </div>
   <div class='ocr_carea' id='block_1_27' title="bbox 593 4798 3324 4878">
    <p class='ocr_par' dir='ltr' id='par_1_35' title="bbox 593 4798 3324 4878">
     <span class='ocr_line' id='line_1_92' title="bbox 593 4798 3324 4878; baseline 0.007 -32"><span class='ocrx_word' id='word_1_593' title='bbox 593 4798 732 4860; x_wconf 79' lang='lat' dir='ltr'><strong>Apud</strong></span> <span class='ocrx_word' id='word_1_594' title='bbox 765 4799 954 4862; x_wconf 78' lang='lat' dir='ltr'><strong>Lysiam</strong></span> <span class='ocrx_word' id='word_1_595' title='bbox 985 4803 1036 4851; x_wconf 88' lang='lat' dir='ltr'><strong>in</strong></span> <span class='ocrx_word' id='word_1_596' title='bbox 1053 4805 1273 4857; x_wconf 80' lang='lat' dir='ltr'><strong>oratione</strong></span> <span class='ocrx_word' id='word_1_597' title='bbox 1293 4805 1526 4860; x_wconf 81' lang='lat' dir='ltr'><strong>adversus</strong></span> <span class='ocrx_word' id='word_1_598' title='bbox 1549 4809 1828 4875; x_wconf 78' lang='lat' dir='ltr'><strong>Philippum</strong></span> <span class='ocrx_word' id='word_1_599' title='bbox 1859 4811 1923 4863; x_wconf 84' lang='lat' dir='ltr'><strong>de</strong></span> <span class='ocrx_word' id='word_1_600' title='bbox 1942 4811 2098 4864; x_wconf 79' lang='lat' dir='ltr'><strong>tutela</strong></span> <span class='ocrx_word' id='word_1_601' title='bbox 2193 4813 2323 4878; x_wconf 85' lang='lat' dir='ltr'><strong>apud</strong></span> <span class='ocrx_word' id='word_1_602' title='bbox 2348 4813 2540 4876; x_wconf 81' lang='lat' dir='ltr'><strong>Lysiam</strong></span> <span class='ocrx_word' id='word_1_603' title='bbox 2566 4811 2616 4863; x_wconf 85' lang='lat' dir='ltr'><strong>in</strong></span> <span class='ocrx_word' id='word_1_604' title='bbox 2635 4826 2707 4862; x_wconf 82' lang='lat' dir='ltr'><strong>or.</strong></span> <span class='ocrx_word' id='word_1_605' title='bbox 2727 4813 2959 4862; x_wconf 78' lang='lat' dir='ltr'><strong>adversus</strong></span> <span class='ocrx_word' id='word_1_606' title='bbox 2982 4811 3324 4864; x_wconf 79' lang='lat' dir='ltr'><strong>Philocratem.</strong></span> 
     </span>
    </p>
   </div>
   <div class='ocr_carea' id='block_1_28' title="bbox 531 4867 1128 4928">
    <p class='ocr_par' dir='ltr' id='par_1_36' title="bbox 531 4867 1128 4928">
     <span class='ocr_line' id='line_1_93' title="bbox 531 4867 1128 4928; baseline 0.013 -10"><span class='ocrx_word' id='word_1_607' title='bbox 531 4867 614 4926; x_wconf 72' lang='grc' dir='ltr'>τὰς</span> <span class='ocrx_word' id='word_1_608' title='bbox 642 4870 825 4928; x_wconf 71' lang='grc' dir='ltr'>κλεῖδας</span> <span class='ocrx_word' id='word_1_609' title='bbox 839 4870 1128 4926; x_wconf 78' lang='lat' dir='ltr'><strong>invenimus.</strong></span> 
     </span>
    </p>
   </div>
   <div class='ocr_carea' id='block_1_29' title="bbox 603 5011 2108 5179">
    <p class='ocr_par' dir='ltr' id='par_1_37' title="bbox 603 5011 2108 5179">
     <span class='ocr_line' id='line_1_94' title="bbox 1265 5011 1374 5059; baseline 0.009 -1"><span class='ocrx_word' id='word_1_610' title='bbox 1265 5011 1374 5059; x_wconf 75' lang='lat'><strong>23⁵.</strong></span> 
     </span>
     <span class='ocr_line' id='line_1_95' title="bbox 603 5101 2108 5179; baseline 0.011 -25"><span class='ocrx_word' id='word_1_611' title='bbox 603 5101 831 5169; x_wconf 75' lang='grc' dir='ltr'>Ἆποχρῇν</span> <span class='ocrx_word' id='word_1_612' title='bbox 873 5107 926 5160; x_wconf 74' lang='lat' dir='ltr'><strong>el</strong></span> <span class='ocrx_word' id='word_1_613' title='bbox 967 5109 1197 5176; x_wconf 82' lang='grc' dir='ltr'>ἀποχρᾷν.</span> <span class='ocrx_word' id='word_1_614' title='bbox 1232 5115 1503 5179; x_wconf 75' lang='lat' dir='ltr'><strong>Utramque</strong></span> <span class='ocrx_word' id='word_1_615' title='bbox 1545 5115 1748 5167; x_wconf 75' lang='lat' dir='ltr'><strong>sormam</strong></span> <span class='ocrx_word' id='word_1_616' title='bbox 1789 5119 1836 5168; x_wconf 85' lang='lat' dir='ltr'><strong>in</strong></span> <span class='ocrx_word' id='word_1_617' title='bbox 1871 5119 2108 5170; x_wconf 77' lang='lat' dir='ltr'><strong>infinitivo</strong></span> 
     </span>
    </p>
   </div>
   <div class='ocr_carea' id='block_1_30' title="bbox 2254 4905 3705 5182">
    <p class='ocr_par' dir='ltr' id='par_1_38' title="bbox 2254 4905 3705 5182">
     <span class='ocr_line' id='line_1_96' title="bbox 2254 4905 3670 4964; baseline -0.002 -5"><span class='ocrx_word' id='word_1_618' title='bbox 2254 4907 2475 4964; x_wconf 82' lang='lat' dir='ltr'><strong>cxxut.</strong></span> <span class='ocrx_word' id='word_1_619' title='bbox 2505 4907 2826 4962; x_wconf 75' lang='lat' dir='ltr'>ADVERSUS</span> <span class='ocrx_word' id='word_1_620' title='bbox 2858 4907 3191 4958; x_wconf 67' lang='lat' dir='ltr'><strong>vulnonem</strong></span> <span class='ocrx_word' id='word_1_621' title='bbox 3222 4907 3309 4958; x_wconf 80' lang='lat' dir='ltr'><strong>DE</strong></span> <span class='ocrx_word' id='word_1_622' title='bbox 3336 4905 3670 4964; x_wconf 69' lang='lat' dir='ltr'><strong>mmmm:</strong></span> 
     </span>
     <span class='ocr_line' id='line_1_97' title="bbox 2879 4979 3079 5100; baseline 0 -72"><span class='ocrx_word' id='word_1_623' title='bbox 2879 4979 3079 5100; x_wconf 48' lang='lat' dir='ltr'><strong>egli.</strong></span> 
     </span>
     <span class='ocr_line' id='line_1_98' title="bbox 2262 5117 3705 5182; baseline 0 -14"><span class='ocrx_word' id='word_1_624' title='bbox 2262 5119 2317 5168; x_wconf 85' lang='lat' dir='ltr'><strong>ln</strong></span> <span class='ocrx_word' id='word_1_625' title='bbox 2359 5117 2514 5182; x_wconf 73' lang='lat' dir='ltr'><strong>Lysiae</strong></span> <span class='ocrx_word' id='word_1_626' title='bbox 2554 5119 2775 5168; x_wconf 79' lang='lat' dir='ltr'><strong>oratioue</strong></span> <span class='ocrx_word' id='word_1_627' title='bbox 2825 5119 3062 5172; x_wconf 76' lang='lat' dir='ltr'><strong>adversus</strong></span> <span class='ocrx_word' id='word_1_628' title='bbox 3096 5118 3350 5174; x_wconf 81' lang='lat' dir='ltr'><strong>Philonem</strong></span> <span class='ocrx_word' id='word_1_629' title='bbox 3378 5120 3435 5171; x_wconf 85' lang='lat' dir='ltr'><strong>de</strong></span> <span class='ocrx_word' id='word_1_630' title='bbox 3476 5117 3705 5170; x_wconf 67' lang='lat' dir='ltr'><strong>&#39;rlneoclidae</strong></span> 
     </span>
    </p>
   </div>
   <div class='ocr_carea' id='block_1_31' title="bbox 537 5175 3704 5256">
    <p class='ocr_par' dir='ltr' id='par_1_39' title="bbox 537 5175 3704 5256">
     <span class='ocr_line' id='line_1_99' title="bbox 537 5175 3704 5256; baseline 0.002 -26"><span class='ocrx_word' id='word_1_631' title='bbox 537 5175 685 5228; x_wconf 81' lang='lat' dir='ltr'><strong>modo</strong></span> <span class='ocrx_word' id='word_1_632' title='bbox 703 5182 996 5242; x_wconf 79' lang='lat' dir='ltr'><strong>usurpant...</strong></span> <span class='ocrx_word' id='word_1_633' title='bbox 1038 5186 1092 5234; x_wconf 92' lang='lat' dir='ltr'><strong>ut</strong></span> <span class='ocrx_word' id='word_1_634' title='bbox 1122 5184 1324 5248; x_wconf 81' lang='lat' dir='ltr'><strong>Lysias:</strong></span> <span class='ocrx_word' id='word_1_635' title='bbox 1365 5206 1388 5229; x_wconf 86' lang='lat'>«</span> <span class='ocrx_word' id='word_1_636' title='bbox 1415 5187 1640 5253; x_wconf 80' lang='lat' dir='ltr'><strong>Philippo</strong></span> <span class='ocrx_word' id='word_1_637' title='bbox 1670 5203 1772 5244; x_wconf 86' lang='lat' dir='ltr'><strong>non</strong></span> <span class='ocrx_word' id='word_1_638' title='bbox 1795 5190 1977 5242; x_wconf 79' lang='lat' dir='ltr'><strong>credite</strong></span> <span class='ocrx_word' id='word_1_639' title='bbox 2002 5191 2109 5242; x_wconf 65' lang='lat' dir='ltr'><strong>laec</strong></span> <span class='ocrx_word' id='word_1_640' title='bbox 2198 5190 2330 5240; x_wconf 72' lang='lat' dir='ltr'><strong>caede</strong></span> <span class='ocrx_word' id='word_1_641' title='bbox 2346 5201 2516 5240; x_wconf 78' lang='lat' dir='ltr'><strong>vocem</strong></span> <span class='ocrx_word' id='word_1_642' title='bbox 2536 5189 2742 5254; x_wconf 77' lang='grc' dir='ltr'>οῑκάριον</span> <span class='ocrx_word' id='word_1_643' title='bbox 2761 5191 2916 5254; x_wconf 78' lang='lat' dir='ltr'><strong>legere</strong></span> <span class='ocrx_word' id='word_1_644' title='bbox 2944 5191 3018 5242; x_wconf 82' lang='lat' dir='ltr'><strong>est</strong></span> <span class='ocrx_word' id='word_1_645' title='bbox 3043 5213 3055 5242; x_wconf 87' lang='lat'><strong>·.</strong></span> <span class='ocrx_word' id='word_1_646' title='bbox 3079 5209 3105 5234; x_wconf 72' lang='grc' dir='ltr'><strong><em>κ</em></strong></span> <span class='ocrx_word' id='word_1_647' title='bbox 3124 5189 3283 5247; x_wconf 82' lang='lat' dir='ltr'><strong>sedin</strong></span> <span class='ocrx_word' id='word_1_648' title='bbox 3304 5191 3513 5246; x_wconf 73' lang='lat' dir='ltr'><strong>cellulam</strong></span> <span class='ocrx_word' id='word_1_649' title='bbox 3533 5201 3628 5256; x_wconf 68' lang='lat' dir='ltr'><strong>qua·</strong></span> <span class='ocrx_word' id='word_1_650' title='bbox 3648 5187 3704 5238; x_wconf 76' lang='lat' dir='ltr'><strong>est</strong></span> 
     </span>
    </p>
   </div>
   <div class='ocr_carea' id='block_1_32' title="bbox 536 5247 832 5300">
    <p class='ocr_par' dir='ltr' id='par_1_40' title="bbox 536 5247 832 5300">
     <span class='ocr_line' id='line_1_100' title="bbox 536 5247 832 5300; baseline 0 -4"><span class='ocrx_word' id='word_1_651' title='bbox 536 5247 778 5300; x_wconf 64' lang='lat' dir='ltr'><strong>Sufficefe.</strong></span> <span class='ocrx_word' id='word_1_652' title='bbox 807 5269 832 5296; x_wconf 73' lang='lat' dir='ltr'><strong>u</strong></span> 
     </span>
    </p>
   </div>
   <div class='ocr_carea' id='block_1_33' title="bbox 2212 5259 2881 5324">
    <p class='ocr_par' dir='ltr' id='par_1_41' title="bbox 2212 5259 2881 5324">
     <span class='ocr_line' id='line_1_101' title="bbox 2212 5259 2881 5324; baseline 0.003 -15"><span class='ocrx_word' id='word_1_653' title='bbox 2212 5271 2335 5324; x_wconf 85' lang='lat' dir='ltr'><strong>poue</strong></span> <span class='ocrx_word' id='word_1_654' title='bbox 2360 5259 2616 5311; x_wconf 84' lang='lat' dir='ltr'><strong>mulierum</strong></span> <span class='ocrx_word' id='word_1_655' title='bbox 2640 5261 2881 5311; x_wconf 81' lang='lat' dir='ltr'><strong>conclave.</strong></span> 
     </span>
    </p>
   </div>
  </div>
 </body>
</html>
