3825 5834
194 469 354 542 (en-n.
358 468 377 546 )

1070 467 1447 530 omanem
1492 469 1615 531 ott.
1660 467 1974 530 CONTRA
2019 468 2481 534 PfllLocLssM.

3251 479 3356 533 11⁹

198 597 697 678 πέζης,κα“ιγράψας
724 602 843 658 καθ’
864 601 1049 658 ἑαυτοῦ
1072 597 1321 680 ψήφισμα
1341 643 1359 676 ‚
1380 623 1471 658 και
1490 599 1713 660 θανατου
1805 605 2080 670 iuraverat,
2105 609 2188 671 qui
2221 609 2415 660 decreto
2449 617 2617 663 muira
2654 626 2707 664 se
2749 613 2909 678 ipsum
2958 616 3142 682 scripto
3185 620 3356 682 capili·

198 686 523 764 τιμησάμενος
545 685 633 746 ἐὰν
661 686 852 766 εἷλήφῃ
872 709 924 745 τι
950 689 1053 744 τῶν
1090 687 1381 764 χρημάτων
1405 677 1478 744 ων
1506 684 1718 762 Ἅρπα-

199 777 273 840 λος
294 777 363 841 εἷς
383 774 474 844 τὴν
502 772 683 852 χώραν
712 775 987 852 ἐκόμισεν,
1049 781 1123 850 (a)
1156 773 1297 850 ὅμως
1332 773 1618 852 ἐτόλμησεν
1650 775 1723 839 εἰς

198 863 296 928 τους
321 861 509 927 εἰδότας
537 864 675 938 ὑμᾶς
695 861 1092 939 ἐξεληλεγμένον
1120 861 1303 920 ἑαυτὸν
1333 861 1498 921 ἅπασι
1525 859 1724 926 τούτοις

134 973 179 1012 ιο
199 950 353 1029 ἔνοχον
389 949 729 1028 γεγενημένον
773 949 939 1007 ἐλθεῖν
969 949 1059 1008 καὶ
1102 947 1265 1016 δεῖξαι
1314 949 1533 1023 ἑαυτόν,
1562 949 1621 1007 οὗ
1650 951 1721 1006 τῶ

196 1037 359 1116 δικαίῳ
375 1037 629 1095 πιστεύων
652 1037 735 1116 (τί
754 1036 857 1117 γὰρ
876 1037 1041 1116 τούτῳ
1066 1035 1394 1108 δικαιοσύνης
1414 1036 1651 1114 μέτεστιν
1666 1007 1725 1110 ;)·,

196 1123 315 1184 ἀλλὰ
334 1128 397 1204 τῇ
422 1125 594 1202 τόλμῃ
620 1124 711 1182 καὶ
736 1128 803 1203 τῇ
824 1101 1058 1202 ἀναιδείᾳ
1075 1115 1145 1202 ,ᾗ
1184 1123 1451 1204 χρώμενος
1474 1123 1721 1204 πρότερον

198 1213 249 1286 μὲ
255 1238 277 1268 ν
311 1211 491 1282 ἠξίωσε
534 1211 936 1292 καταφρονήσας
964 1215 1107 1289 ὑμῶν
1150 1213 1242 1269 καὶ
1273 1215 1376 1270 τῶν
1406 1213 1457 1270 ἐν
1478 1217 1545 1292 τῇ
1575 1211 1725 1272 πόλει

197 1299 383 1356 δικαίων
406 1299 473 1356 τὰ
504 1321 762 1378 χρηματα
804 1297 1015 1372 λαὸεῑν,
1040 1323 1151 1358 νυνι
1182 1298 1237 1358 δὲ
1276 1299 1725 1376 ἀπολογησόμενος

195 1385 293 1456 ἥκει
326 1389 391 1452 ὡς
425 1386 569 1445 οὐδὲν
620 1386 817 1445 τούτων
872 1386 1264 1466 διαπέπρακται
1282 1410 1298 1425 ·
1337 1393 1583 1446 τοσοῦτον
1634 1392 1724 1458 τῆς

197 1473 423 1556 ὑμετέρας
458 1475 714 1558 ῥᾳθυμίας
753 1475 1205 1552 καταπεφρόνηκε.
1292 1475 1361 1554 (ι)
1396 1475 1499 1536 Καὶ
1558 1480 1586 1536 ὃ
1628 1475 1723 1553 μὲν

196 1561 340 1628 κοινὸς
365 1567 454 1633 τῆς
476 1563 683 1629 πόλεως
706 1561 859 1638 νόμος
874 1607 891 1640 ,
921 1563 1011 1620 ἐάν
1027 1585 1103 1629 τις
1125 1563 1353 1622 ἐναντίον
1368 1565 1467 1622 τῶν
1498 1565 1721 1622 πολιτῶν

120 1651 491 1727 ΙΟΘὸμολογῆσας
538 1673 591 1708 τι
621 1649 839 1730 παραόῇ
858 1697 875 1722 ,
906 1655 1085 1708 τοῦτον
1128 1649 1304 1730 ἔνοχον
1353 1641 1483 1708 εἶναι
1527 1649 1725 1710 κελεύει

194 1741 257 1816 τῷ
293 1739 509 1796 ἀδικεῖν·
534 1741 563 1798 ὁ
596 1737 653 1795 δὲ
705 1737 902 1802 πάντας
936 1735 1232 1808 Ἀθηναίους
1271 1737 1607 1809 ἐξηπατηκὼς
1633 1737 1723 1796 καὶ

200 1825 391 1930 προδοὺς
414 1824 511 1895 τὴν
534 1823 715 1883 πίστιν
734 1824 799 1896 ἣν
822 1826 949 1904 παρ’
978 1827 1124 1900 ὑμῶν
1146 1827 1239 1884 οὐκ
1269 1824 1404 1894 ἄξιος
1431 1823 1503 1883 ὢν
1525 1825 1685 1885 ἔλαὸε
1688 1870 1723 1932 ..'.

194 1910 270 1966 καὶ
288 1911 343 1969 τὸ
364 1911 481 1969 καθ’
498 1912 661 1970 αὑτὸν
682 1911 833 1988 μέρος
856 1909 1051 1968 ἅπαντ’
1072 1909 1437 1993 ἀνατετραφὼς
1472 1911 1540 1970 τὰ
1574 1915 1627 1971 ἐν
1656 1917 1723 1992 τῇ

196 1999 347 2068 πολει,
366 1990 509 2065 οὗτος
536 2000 633 2058 ἐπὶ
670 1997 763 2069 τὴν
790 1999 1077 2076 ἀπολογίαν
1102 1996 1249 2070 ἥκειν
1287 1999 1441 2080 φήσει
1476 1998 1573 2070 τὴν
1596 1977 1725 2079 ὑπὲρ

192 2088 271 2155 τῆς
298 2087 453 2153 αἰτίας
472 2091 569 2156 τῆς
592 2087 669 2152 εἰς
698 2085 853 2146 αὑτὸν
890 2085 1267 2164 γεγενημένης
1330 2085 1397 2167 (ο)
1444 2086 1589 2198 Ἐγὼ
1634 2087 1690 2146 δέ
1707 2132 1724 2161 ,

132 2191 153 2228 s
194 2197 231 2230 ω
256 2173 447 2252 ἄνδρες,
474 2175 521 2234 εἰ
544 2175 633 2232 δεῖ
652 2176 852 2244 τάληθῆ
882 2173 1049 2251 λέγειν
1072 2175 1186 2246 (δεῖ
1211 2173 1320 2252 δέ),
1342 2173 1457 2233 οὐδὲ
1482 2175 1576 2242 τὰς
1592 2177 1724 2234 ἀπο·

194 2261 353 2341 φάσεις
378 2253 522 2340 οἶμαι
552 2267 650 2320 νῦν
684 2261 983 2340 κρίνεσθαι,
1028 2261 1247 2340 πότερον
1276 2262 1483 2334 ἀληθεῖς
1515 2263 1645 2320 εἰσιν
1689 2259 1722 2332 ἢ

192 2351 397 2428 ψευδεῖς,
430 2351 485 2408 αἱ
513 2373 659 2408 κατα
687 2348 1011 2417 Φιλοκλέους
1038 2352 1405 2427 γεγενημέναι,
1438 2349 1575 2410 ἀλλὰ
1604 2352 1723 2426 περὶ

192 2438 331 2510 μόνης
358 2443 445 2509 τῆς
484 2437 749 2516 τιμωρίας
776 2440 909 2512 ὑμᾶς
945 2437 1051 2495 δεῖν
1085 2441 1179 2508 τῆς
1218 2440 1270 2495 ἐν
1318 2440 1392 2513 τῷ
1425 2436 1723 2517 ψηφίσματι

192 2527 525 2602 γεγραμμένης
554 2525 777 2586 δικάσαι
816 2529 935 2596 νῦν,
968 2523 1167 2606 πότερα
1195 2527 1273 2584 δεῖ
1314 2526 1602 2604 χρημάτων
1645 2547 1722 2583 τι-

196 2615 339 2684 μῆσαι
372 2615 444 2692 τῷ
486 2616 790 2686 τηλικαῦτα
818 2612 1089 2683 ἠδικηκότι
1124 2611 1219 2682 τὴν
1248 2615 1430 2691 πόλιν,
1458 2612 1493 2683 ἢ
1516 2611 1724 2693 θανάτῳ

194 2699 557 2772 ζημιώσαντας,
596 2699 781 2779 ὥσπερ
810 2691 953 2768 οὗτος
980 2699 1205 2780 ἔγραψεν
1228 2701 1279 2758 ἐν
1323 2702 1397 2779 τῷ
1424 2699 1723 2807 ψηφίσματι

194 2787 293 2844 καθ’
312 2793 463 2847 αυτοῦ
482 2834 499 2866 ,
514 2791 787 2865 δημεῦσαι
808 2786 903 2860 τὴν
921 2789 1101 2847 οὐσίαν
1121 2786 1217 2858 τὴν
1236 2789 1295 2846 ἐκ
1322 2786 1569 2846 τοιούτων
1594 2787 1726 2864 λημ-

194 2875 353 2950 μάτων
380 2875 812 2955 συνειλεγμένην.

138 2973 176 3010 ¹⁰
258 2983 303 3022 s.
334 2963 519 3024 Οἶεσθε
545 2969 733 3024 τοῦτον
762 2969 848 3022 νῦν
878 2966 1083 3042 πρῶτον
1110 2961 1196 3020 ἐπὶ
1232 2959 1429 3020 τούτων
1452 2961 1556 3018 τῶν
1584 2982 1723 3040 χρη-

194 3051 352 3124 μάτων
375 3053 599 3132 πονηρὸν
648 3055 989 3130 γεγενῆσθαι,
1016 3049 1051 3122 ἢ
1078 3055 1165 3107 νῦν
1204 3051 1408 3128 πρῶτον
1435 3045 1553 3107 καθ’
1580 3051 1723 3123 ὑμῶν

196 3137 315 3215 δῶρα
334 3139 597 3218 εἰληφέναι
618 3158 639 3210 3
668 3139 764 3197 οὐκ
783 3137 893 3195 ἐστι
914 3141 1085 3197 ταῦτα
1102 3182 1118 3209 ,
1145 3137 1280 3194 ἀλλὰ
1306 3134 1472 3193 πάλαι
1500 3137 1725 3201 τοιοῦτος

193 3221 253 3280 ὧν
270 3223 523 3285 ἐλάνθανεν
550 3231 723 3298 ὑμᾶς,
750 3224 840 3283 καὶ
869 3226 1175 3304 ηὐτυχεῑτε,
1202 3221 1383 3282 καθότι
1419 3223 1513 3280 οὐκ
1537 3223 1589 3280 ἐν
1619 3221 1727 3299 μεί·

194 3315 287 3379 ζοσι
330 3337 523 3394 καιροις
568 3313 829 3372 ἐπύθεσθε
867 3313 963 3382 τὴν
994 3309 1447 3421 αἰσχροκέρδειαν
1448 3309 1640 3366 αὖτου·
1667 3308 1725 3366 οὐ

194 3401 279 3480 γάρ
312 3405 415 3462 ἔστι
438 3401 819 3482 χαλεπώτερον
848 3398 1121 3478 ανθρώπου
1164 3397 1259 3468 τὴν
1288 3400 1447 3456 αὗτου
1474 3395 1724 3504 πονηρίαν

195 3490 514 3566 ἇγνοουμάνην
554 3489 787 3568 ἔχοντος.
873 3493 935 3560 (7)
962 3488 1079 3547 Οὗκ
1104 3489 1466 3555 ἀποκτενεῖτε,
1494 3506 1541 3542 ιο
1564 3482 1725 3554 Ἀθη-

196 3584 339 3644 ναῖοι,
354 3577 539 3644 πάντες
582 3573 918 3652 ὁμοθυμαδὸν
946 3572 1031 3632 τὸν
1060 3574 1133 3640 είς
1172 3569 1429 3644 τοσαύτην
1474 3570 1725 3648 αἰσχύνην

138 3687 177 3724 ιε
196 3669 273 3726 καὶ
296 3669 488 3728 ἀδικίαν
512 3665 745 3734 πολλους
772 3663 1144 3740 ἐμὸεὸληκότα
1161 3708 1177 3734 ,
1196 3684 1281 3719 τον
1316 3659 1547 3740 ἀρχηγὸν
1574 3659 1726 3738 γενό-

196 3777 328 3830 μενον
362 3763 447 3816 τοῦ
500 3753 875 3830 διαδεδομένου
896 3751 1113 3831 χρυσίου
1141 3751 1231 3808 καὶ
1259 3753 1329 3814 εἰς
1358 3748 1529 3806 αἰτίαν
1572 3753 1725 3806 καθι-

197 3846 368 3902 στάντα
397 3869 573 3904 πασαν
605 3843 703 3914 τὴν
730 3841 908 3908 πο’λιν;
938 3838 1055 3896 ἀλλ’
1077 3837 1433 3912 ὓπομενεῖτε’
1404 3835 1610 3893 ακούειν
1636 3857 1727 3894 του

198 3937 398 3989 τοσαῦτα
422 3931 886 4039 διαπεπραγμένου
914 3930 1033 3986 καθ’
1062 3930 1233 4002 ὑμῶν,
1260 3925 1341 3984 ὅτι
1368 3946 1426 3982 το
1464 3921 1725 4000 συνέδριον

197 4015 247 4073 τὸ
269 4021 315 4074 ἐν
350 4019 526 4098 Ἀρείῳ
567 4018 729 4096 πάγῳ
754 4018 959 4096 ψευδεῖς
986 4013 1267 4084 πεποίηται
1294 4009 1387 4078 τὰς
1408 4011 1726 4089 ἀποφάσεις,

198 4125 272 4161 και
291 4109 353 4171 ὣς
380 4107 529 4174 αὐτος
568 4105 665 4180 μὲν
690 4104 884 4170 δίκαιος
902 4102 993 4162 καὶ
1018 4101 1245 4184 χρηστὸς
1268 4099 1357 4158 καὶ
1394 4096 1728 4177 ἀδωροδόκη-

196 4191 267 4257 τός
292 4194 452 4268 ἐστιν,
483 4200 517 4264 ἠ
547 4195 596 4252 δ’
624 4191 679 4259 ἐξ
713 4191 913 4271 Ἀρείου
952 4191 1121 4266 πάγου
1166 4187 1329 4262 βουλὴ
1356 4193 1524 4244 ταῦτα
1552 4185 1724 4243 πάντα

136 4289 177 4328 ²⁹
198 4289 407 4358 προεῖται
433 4281 649 4360 ιια’ριτος
678 4279 713 4351 ἢ
742 4277 1017 4357 λήμματος
1045 4275 1229 4348 ἕνεκα;
1278 4279 1343 4350 (8)
1373 4265 1487 4354 ’Ἆρ’
1514 4271 1617 4331 ἴσθ’
1646 4271 1727 4330 ὅτι

200 4369 271 4424 ἐπι
293 4369 379 4444 μὲν
404 4373 505 4428 τῶν
528 4368 707 4427 ἄλλων
744 4364 1082 4440 αδικημάτων
1112 4322 1467 4443 σκεψαμένους
1500 4359 1729 4439 ἁκριὸῶς

202 4456 265 4513 δεῖ
297 4459 403 4531 μεθ’
426 4457 655 4535 ἡσυχίας
679 4455 771 4513 καὶ
792 4452 1009 4523 ταληθὲς
1036 4451 1400 4520 ἐξετάσαντας,
1422 4447 1581 4513 οὕτως
1608 4450 1729 4504 ἐπι-

204 4543 371 4602 τιθέναι
390 4549 497 4612 τοῖς
534 4543 818 4617 ἠδικηκόσι
846 4539 940 4611 τὴν
966 4539 1255 4618 τιμωρίαν,
1277 4537 1367 4595 ἐπι
1397 4536 1449 4594 δὲ
1479 4542 1593 4602 ταῖς
1628 4558 1731 4615 φα-

205 4641 351 4709 νεραῖς
386 4633 477 4690 καὶ
524 4655 676 4711 παρα
726 4629 937 4688 πάντων
970 4625 1403 4734 ὡμολογημέναις
1428 4623 1731 4701 προδοσίαις

202 4718 389 4826 πρώτην
412 4719 669 4798 τετάχθαι
693 4717 790 4786 την
818 4713 975 4793 ὀργὴν
996 4713 1085 4772 καὶ
1118 4713 1212 4784 τὴν
1239 4710 1355 4822 μετ’
1378 4712 1537 4780 αὐτῆς
1558 4731 1731 4785 γιγνο-

206 4807 344 4878 μένην
368 4829 559 4886 τιμωρι
544 4807 655 4879 ἀν;
686 4806 751 4882 (ο)
780 4806 850 4863 Γ
834 4827 850 4860 ι
878 4801 978 4880 γὰρ
1000 4807 1179 4860 τοῦτον
1204 4802 1299 4857 οὐκ
1318 4821 1380 4856 αν
1406 4795 1575 4855 οἴεσθε
1594 4803 1733 4854 ἀπο-

204 4891 362 4952 δόσθαι
382 4897 483 4953 τῶν
506 4897 559 4952 ἐν
590 4917 659 4972 τη
685 4893 833 4950 πόλει
861 4888 1321 4962 σπουδαιοτάτων
1344 4884 1467 4944 ὅταν
1490 4886 1691 4960 ὑμεῖς*
1664 4907 1734 4950 ως

142 4987 181 5023 ²⁵·
204 5001 367 5037 πιστον
393 4981 547 5040 αὐτον
572 4977 713 5038 καὶ
684 4978 880 5037 δίκαιον
900 4977 1107 5056 φύλακα
1132 4972 1533 5046 καταστησητε;
1568 4970 1733 5036 Ποίας

206 5067 287 5124 οὔκ
314 5067 369 5126 διν
403 5071 687 5148 προδουναι
715 5067 939 5144 τριήρεις
962 5069 1065 5124 τῶν
1098 5066 1151 5122 ἐν
1176 5064 1283 5129 τοῖς
1313 5062 1571 5144 νεωρίοις;
1592 5060 1627 5131 ἢ
1654 5059 1733 5120 τί-

206 5177 278 5220 νος
298 5155 355 5213 ἃν
381 5158 653 5237 φροντίσαι
708 5157 929 5228 υλακῆς,
951 5155 1129 5226 λήσειν
1151 5153 1435 5213 ἐλπίσαντα
1454 5151 1543 5210 καὶ
1562 5151 1733 5230 λήψευ

208 5246 311 5301 σθαι
335 5245 605 5306 διπλάσιον
721 5249 807 5303 νῦν
840 5242 1019 5324 εἴληφε
1046 5241 1292 5323 χρυσίου,
1317 5241 1486 5302 Οὐδὲν
1506 5237 1539 5298 ὅ
1564 5263 1615 5299 τι
1640 5241 1734 5298 οὐκ

1810 723 2001 773 poenam
2025 711 2116 762 sibi
2135 714 2304 764 statuit
2321 715 2364 764 si
2393 715 2512 778 quid
2540 729 2688 780 opum
2719 718 2782 768 ab
2809 721 3015 782 Harpalo
3031 721 3082 771 in
3109 721 3234 774 lianc
3261 725 3362 774 ter-

1812 827 1915 864 ram
1935 815 2189 866 allatarum
2215 819 2474 880 sumpserit
2505 839 2519 868 ε
2546 820 2614 884 (3)
2635 821 2943 873 nibilominus
2973 825 3050 875 iiie
3072 824 3134 874 ad
3163 827 3368 878 scientes

1812 930 1897 968 vos
1920 919 2198 970 convictum
2217 935 2322 972 esse
2341 925 2412 972 tot
2435 922 2720 976 criminibus
2737 925 2998 978 obnoxium
3016 966 3031 990 ,
3065 930 3292 980 accedere
3316 934 3368 980 et

1812 1036 1918 1074 sese
1950 1025 2202 1076 ostendere
2241 1039 2390 1076 ausus
2419 1029 2527 1089 est,
2551 1043 2647 1080 non
2667 1029 2854 1092 justitia
2887 1033 3202 1098 fretus(qnid
3234 1036 3368 1086 enini

1814 1127 1881 1176 ilii
1908 1141 2020 1178 cnm
2041 1129 2268 1190 iustitia?
2283 1131 2322 1192 )‚
2345 1131 2428 1182 sed
2453 1131 2656 1182 audacia
2678 1136 2728 1184 et
2745 1133 3069 1199 impudentia,
3108 1151 3207 1200 qua
3233 1139 3370 1202 prius

1812 1229 2042 1292 quidem,
2063 1244 2151 1280 vos
2179 1235 2229 1282 et
2245 1233 2357 1294 iure
2384 1235 2591 1285 civitatis
2622 1236 2758 1299 parvi
2790 1239 3030 1300 pendens,
3051 1255 3224 1292 aurum
3243 1243 3366 1292 acci·

1814 1334 2040 1397 piendum
2068 1347 2172 1384 esse
2195 1335 2416 1398 censuit,
2439 1349 2569 1387 nunc
2594 1349 2708 1390 vero
2741 1343 2882 1404 quasi
2905 1343 3022 1393 nihil
3061 1356 3228 1394 eorum
3257 1361 3368 1408 per-

1812 1439 2048 1500 petrasset
2067 1451 2152 1502 pro
2173 1451 2225 1488 se
2241 1439 2459 1491 dicturus
2484 1442 2681 1495 advenit
2701 1445 2852 1496 :adeo
2869 1447 3136 1499 socordiam
3161 1455 3372 1502 vestram

1814 1543 1949 1592 nihili
1973 1545 2200 1595 aestimat.
2231 1544 2299 1608 (4)
2329 1549 2390 1596 Et
2416 1549 2686 1599 communis
2703 1551 2900 1614 quidem
2919 1553 3056 1603 urbis
3083 1554 3184 1614 lex,
3209 1555 3248 1604 si
3264 1558 3374 1618 quis

1812 1649 1990 1714 aliquid
2017 1663 2184 1700 eorum
2203 1665 2314 1714 quoe
2333 1666 2492 1704 coram
2521 1656 2700 1719 populo
2725 1659 3034 1722 spoponderit
3055 1663 3373 1726 tremgredia-

1813 1759 1911 1816 tur,
1938 1755 2069 1806 bunc
2107 1757 2298 1808 crimini
2335 1758 2602 1810 obnoxium
2645 1773 2752 1812 esse
2775 1761 2944 1824 iubet3
2985 1764 3064 1815 hic
3103 1777 3246 1827 vero,
3287 1768 3372 1830 qui

1810 1872 1980 1911 omnes
2006 1861 2315 1913 Athenienses
2347 1863 2553 1927 decepit,
2581 1869 2632 1914 et
2659 1865 2800 1916 iidem
2828 1867 2874 1918 ei
2913 1881 2942 1918 ε
2966 1869 3103 1920 vobis
3131 1871 3373 1923 immerito

1812 1962 2028 2013 habitam
2047 1963 2275 2026 prodidit,
2297 1967 2348 2016 et
2373 1971 2608 2030 quantum
2630 1981 2774 2032 penes
2797 1969 2950 2032 ipsum
2985 1974 3089 2022 erat
3109 1975 3270 2024 omnia
3301 1977 3372 2025 ci-

1813 2067 1976 2117 vitatis
1999 2067 2216 2119 instituta
2239 2071 2444 2132 evertit,
2465 2070 2528 2120 ad
2552 2084 2749 2122 causam
2771 2087 2910 2122 suam
2946 2074 3290 2128 defendendam
3316 2092 3369 2130 se

1810 2165 1981 2215 adesse
1997 2164 2151 2214 dicit?
2169 2165 2238 2229 (ο)
2264 2169 2362 2230 Ego
2379 2169 2571 2230 autem,
2585 2169 2628 2218 si
2648 2181 2812 2220 verum
2826 2168 2988 2222 dicere
3001 2176 3190 2234 oportet
3207 2175 3372 2238 (opor-

1810 2267 1883 2318 tet
1921 2279 2038 2318 sane
2049 2267 2088 2328 ).
2125 2280 2222 2318 non
2243 2267 2506 2320 delationes
2527 2281 2660 2322 nunc
2681 2269 3002 2324 discutiendas
3029 2287 3136 2326 esee
3160 2288 3362 2338 censeo,

1814 2368 1977 2416 utrum
2010 2378 2136 2418 verm
2155 2379 2220 2416 an
2247 2366 2376 2418 bisse
2397 2367 2492 2418 sint
2511 2371 2679 2420 contra
2711 2371 2974 2422 Philoclem
2995 2372 3162 2436 factm,
3197 2375 3281 2426 sed
3308 2375 3372 2428 de

1812 2479 1958 2529 poena
1983 2467 2224 2518 duntaxat
2263 2468 2314 2518 in
2345 2468 2539 2518 decreto
2585 2471 2764 2534 scripta
2804 2472 2944 2522 vobis
2973 2473 3210 2536 agendum
3237 2489 3372 2538 esse,

1812 2573 1976 2616 utrum
1999 2568 2214 2630 pecunioe
2245 2569 2549 2620 mulctandus
2571 2571 2693 2620 sitis
2707 2571 2796 2634 qui
2817 2577 2888 2622 tot
2905 2569 3096 2633 iniuriis
3118 2574 3368 2626 civitatem

1810 2669 2000 2731 affecit,
2021 2681 2114 2731 an,
2150 2671 2204 2720 ut
2237 2670 2340 2732 ipse
2365 2671 2416 2720 in
2447 2671 2641 2722 decreto
2672 2677 2838 2724 contra
2879 2687 2930 2724 se
2956 2673 3173 2738 scripsit,
3199 2677 3370 2739 capitis

1809 2770 2114 2820 damnandus
2136 2784 2196 2820 ac
2229 2771 2356 2822 bona
2388 2771 2492 2834 eius
2518 2786 2582 2824 ex
2610 2773 2880 2826 istiusmodi
2915 2775 3243 2838 largitionibus
3276 2779 3371 2827 col-

1811 2871 1934 2922 lecta
1960 2871 2246 2934 publicanda
2271 2871 2383 2923 sint.

1872 2981 1924 3025 ο.
1943 2979 2078 3026 Anne
2101 2975 2282 3038 putatis
2301 2988 2430 3026 nunc
2447 2976 2654 3038 piimum
2679 2976 2826 3028 istum
2845 2989 2967 3027 auro
2989 2975 3072 3028 iiio
3097 2978 3372 3042 improbum

1812 3084 1994 3133 sactum
2035 3095 2138 3134 esse
2163 3083 2242 3134 vei
2280 3097 2412 3134 niune
2443 3084 2652 3148 primum
2681 3089 2847 3134 contra
2871 3097 2962 3134 vos
3005 3097 3206 3135 munem
3227 3099 3368 3136 acee-

1813 3187 1974 3251 pisse?
2001 3191 2104 3240 Non
2128 3188 2194 3238 ita
2207 3189 2312 3250 est,
2333 3187 2415 3238 sed
2443 3188 2624 3252 pridem
2647 3201 2800 3250 quum
2829 3188 2939 3239 talis
2960 3192 3086 3240 essct
3108 3202 3194 3239 vos
3212 3189 3368 3252 latuit,

1810 3303 1868 3340 ac
1894 3290 2036 3340 boam
2061 3289 2266 3340 fortuna
2283 3288 2470 3340 debetis
2493 3289 2621 3352 quod
2649 3303 2744 3340 non
2759 3291 3059 3353 gravioribus
3075 3293 3372 3354 temporibus

1814 3387 2156 3450 turpitudinem
2193 3387 2298 3449 ejus
2329 3389 2663 3450 cognoveritis.
2717 3389 2842 3440 Nihil
2871 3389 3000 3439 enim
3024 3389 3272 3442 molestius
3297 3394 3374 3441 est

1814 3490 2004 3540 bomine
2049 3490 2188 3552 cujus
2219 3488 2497 3552 improbitas
2527 3490 2787 3552 ignoretur.
2812 3491 2880 3553 (7)
2905 3493 3010 3541 Non
3041 3493 3364 3556 interficietis,

1806 3591 2138 3654 Athenienses,
2157 3605 2254 3642 uno
2270 3601 2506 3640 consensu
2531 3588 2659 3640 bunc
2681 3589 2832 3652 quiin
2853 3589 2994 3640 talem
3019 3589 3367 3651 turpitudinem

1806 3697 1857 3742 et
1884 3691 2146 3753 nequitiam
2179 3689 2356 3738 multos
2387 3689 2592 3751 conjecit
2629 3691 2680 3739 et
2715 3688 2934 3752 princeps
2973 3688 3078 3738 auri
3115 3689 3367 3740 distributi

1814 3809 1980 3852 auctor
2002 3801 2092 3851 l'uit
2114 3805 2362 3862 totamque
2392 3799 2636 3848 civitatem
2655 3797 2704 3846 in
2731 3797 3113 3847 criminationem
3139 3797 3376 3848 adduxit?

1820 3902 1903 3954 sed
1925 3917 1986 3953 ex
1999 3913 2082 3953 ore
2105 3901 2194 3951 viri
2213 3903 2283 3950 tot
2305 3902 2474 3950 contra
2491 3911 2580 3948 vos
2597 3897 2748 3948 moliti
2763 3897 2928 3947 audire
2944 3897 3240 3948 sustinebitis
3261 3897 3376 3946 i'alsa

1812 4004 2044 4055 detulisse
2085 4005 2305 4052 senatum
2346 4001 2754 4065 Areopagiticum,
2791 3999 2938 4064 atque
2977 4001 3136 4064 ipsum
3175 4003 3366 4064 justum

1814 4122 1924 4160 esse
1969 4108 2212 4158 hominem
2255 4119 2318 4155 ac
2359 4106 2482 4168 i'rugi
2519 4111 2570 4155 et
2599 4118 2630 4154 a
2665 4105 2975 4167 corruptione
3005 4105 3374 4166 abhorrentem,

1816 4211 2052 4274 Areopagi
2088 4211 2248 4260 autem
2291 4213 2514 4258 senatum
2555 4213 2730 4258 cuncta
2765 4207 2846 4258 ilia
2893 4207 3094 4271 prodere
3138 4207 3305 4268 gratian
3327 4210 3378 4255 et

1818 4319 2140 4370 lucricausa?
2177 4318 2244 4380 (8)
2271 4323 2342 4367 An
2371 4317 2520 4366 nostis
2561 4315 2624 4366 de
2665 4315 2838 4366 ceteris
2873 4315 3068 4378 quidem
3091 4314 3376 4367 criminibus

1818 4421 2070 4484 diligenter
2106 4432 2209 4469 esse
2233 4419 2394 4468 animo
2435 4417 2694 4480 tranquillo
2735 4430 2904 4468 verum
2929 4416 3278 4480 explorandum
3321 4428 3380 4464 ac

1818 4526 1924 4574 tum
1947 4523 2144 4574 demum
2163 4532 2352 4584 poenam
2377 4517 2766 4581 delinquentibus
2784 4516 3118 4580 imponendam
3133 4551 3150 4576 ,
3167 4515 3214 4564 in
3235 4528 3374 4577 aper-

1821 4627 1885 4676 tis
1904 4629 2068 4676 autem
2088 4622 2414 4684 confessisque
2441 4619 2786 4684 proditionibus
2803 4618 3010 4681 primum
3039 4616 3198 4667 iocum
3213 4619 3378 4666 tenere

1820 4725 1940 4775 iram
1963 4737 2076 4774 cum
2099 4735 2252 4786 eaque
2277 4721 2582 4783 infligendam
2621 4732 2808 4782 poenam
2823 4722 2846 4767 ?
2874 4717 2942 4781 (9)
2979 4716 3108 4774 Quid
3135 4716 3262 4766 enim
3287 4729 3376 4766 oo·

1822 4843 1929 4880 rum
1963 4827 2140 4892 quaein
2165 4827 2358 4877 civitate
2374 4823 2744 4876 aestimatissima
2765 4825 2878 4870 sunt
2897 4821 3027 4870 inune
3049 4831 3144 4868 non
3171 4817 3380 4868 vendere

1820 4930 2146 4991 arbitramini,
2165 4929 2204 4978 si
2233 4929 2276 4978 ei
2297 4934 2520 4990 tanquam
2552 4925 2648 4974 lido
2681 4924 2730 4974 et
2751 4923 2878 4984 justo
2905 4918 3092 4970 custodi
3125 4919 3379 4968 commise-

1822 5036 1959 5086 ritis?
1981 5035 2146 5097 quales
2169 5031 2298 5082 bunc
2319 5043 2415 5080 non
2449 5028 2648 5093 prodere
2671 5027 2719 5075 in
2737 5023 2996 5076 navalibus
3017 5023 3242 5072 triremes
3258 5023 3281 5070 Ρ
3303 5019 3380 5069 vei

1820 5149 2084 5202 quamnam
2113 5145 2280 5184 cavere
2317 5128 2612 5190 custodiam,
2645 5139 2698 5176 se
2737 5125 2986 5176 latiturum
3025 5125 3297 5184 sperantem
3331 5123 3386 5169 et

1824 5245 2026 5308 duplum
2064 5242 2374 5300 accepturum
2405 5247 2506 5284 esse
2534 5233 2639 5294 ejus
2683 5230 2787 5282 auri
2834 5229 2962 5293 quod
3004 5239 3132 5276 nunc
3167 5218 3383 5284 accepit?

3133 5332 3197 5376 12²-
