3825 5834
130 444 341 522 (na—m)

130 574 246 639 ταδ’
271 571 397 636 αὐτὸς
434 566 754 648 πρεσὸεύσας
794 563 944 641 μόνος
988 563 1079 630 τὰς
1126 562 1335 627 εὐθύνας
1377 559 1583 638 δίδωμι,

132 658 213 737 (17⁹)
241 657 384 734 Κᾶμοι
400 654 482 732 μὲν
494 659 541 713 οἱ
568 651 971 728 συνδεησόμενοι
992 649 1227 730 πάρεισιν
1249 653 1393 720 ὑμῶν
1414 647 1593 726 πατὴρ

130 748 215 822 μέν,
251 751 299 803 οὗ
330 744 409 810 τὰς
447 748 533 802 τοῦ
560 765 737 821 γηρως
772 740 980 804 ἐλπίδας
1016 739 1091 812 μὴ
1127 737 1419 814 ἀφέλησθε,
1450 737 1595 792 α’δελ-

129 858 189 914 φοι
212 833 279 904 δέ,
312 832 355 890 οἳ
387 833 695 908 διαζυγέντες
742 831 869 903 ἐμοῦ
910 829 1001 896 ζῆν
1022 827 1117 882 οὒκ
1161 823 1221 882 ἂν
1268 823 1596 902 προέλοιντο,

126 919 313 988 κηδεσταὶ
338 918 421 993 δέ,
448 917 533 974 καὶ
561 915 713 974 ταυτὶ
740 883 835 990 μὲν
864 910 931 970 τὰ
961 911 1123 987 μικρὰ
1148 910 1331 968 παιδία
1370 911 1460 968 καὶ
1482 909 1597 974 τοὺς

78 1023 108 1062 ιι
125 1006 321 1072 κινδύνους
340 1005 469 1064 οὔπω
500 1002 773 1077 συνιέντα,
800 998 995 1060 ἐλεεινὰ
1023 999 1095 1073 δ’,
1125 998 1172 1057 εἴ
1190 1022 1239 1056 τι
1270 997 1597 1074 συμὸήσεται

127 1092 217 1166 ἡμῖν
228 1097 394 1149 παθεῖν.
420 1079 651 1169 Υπὲρῗ
612 1113 685 1146 ων
707 1087 809 1166 ἐγὼ
833 1087 1017 1163 δέομαι
1039 1087 1130 1144 καὶ
1158 1084 1376 1143 ἱκετεύω
1398 1083 1595 1153 πολλὴν

125 1179 311 1256 πρόνοιαν
356 1177 662 1248 ποιήσασθαι
680 1222 696 1248 ,
744 1173 833 1232 καὶ
884 1172 958 1252 μὴ
1008 1181 1113 1240 τοῖς
1158 1175 1358 1254 ἐχθροῖς
1412 1169 1596 1237 αὐτοὺς

128 1266 217 1340 μηδ’
258 1265 461 1346 ἀνάνδρῳ
504 1264 597 1322 καὶ
649 1262 925 1344 γυναικείῳ
978 1260 1237 1340 ἀνθρώπῳ
1282 1260 1378 1330 τὴν
1438 1256 1594 1336 ὀργὴν

124 1355 389 1430 παραδοῦναι.
470 1355 583 1429 (luo)
620 1353 929 1430 Παρακαλῶ
974 1348 1028 1408 δὲ
1060 1348 1152 1408 καὶ
1183 1348 1399 1406 ἱκετεύω
1430 1346 1600 1406 σῶσαί

126 1463 173 1512 με
192 1443 358 1518 πρῶτον
378 1439 465 1514 μὲν
495 1439 617 1507 τοὺς
646 1439 821 1514 Θεούς,
862 1437 1097 1516 δεύτερον
1128 1437 1176 1493 δ’
1204 1440 1340 1511 ὑμᾶς
1362 1433 1479 1502 τους
1504 1459 1597 1505 της

118 1528 248 1605 ψηφου
267 1527 447 1606 κυρίους
467 1573 484 1605 ,
512 1519 587 1594 οἷς
624 1525 727 1605 ἐγὼ
750 1525 877 1605 πρὸς
918 1524 1137 1583 ἕκαστον
1172 1527 1273 1582 τῶν
1300 1545 1595 1602 κατηγορη-

122 1615 249 1688 μένων
284 1617 344 1682 εἷς
368 1614 571 1692 μνήμην
604 1605 734 1672 εἶναι
762 1613 855 1684 τὴν
863 1612 1020 1718 ωἐμὴν
1059 1611 1478 1718 ἀπολελόγημαι·
1504 1611 1595 1668 καὶ

68 1725 104 1762 ,ο
121 1701 255 1776 δέομαι
291 1704 439 1762 σῶσαί
477 1726 541 1777 με
580 1725 675 1762 και
714 1701 789 1776 μὴ
826 1704 901 1779 τῷ
932 1700 1243 1808 λογογράφῳ
1288 1698 1376 1756 καὶ
1406 1697 1596 1780 Σκύθῃ

119 1792 407 1868 παραδοῦναι,
450 1761 559 1850 ὅσοι
634 1788 731 1865 μὲν
782 1791 925 1864 ὑμῶν
976 1786 1195 1866 πατέρες
1247 1787 1345 1844 εἶσι
1397 1786 1597 1843 παίδων

116 1875 383 1956 ἥνεωτέρους
422 1877 671 1958 ἀδελφοὺς
697 1877 820 1956 περὶ
846 1877 1040 1934 πολλοῦ
1074 1875 1303 1932 ποιεῖσθε
1316 1875 1591 1950 ,ἀναμνη-

114 1965 246 2022 σθέντε
230 1989 267 2030 ²5
286 1965 354 2023 ὅτι
389 1963 473 2037 τὴν
506 1971 605 2038 τῆς
632 1963 969 2045 σωφροσύνης
1006 1962 1341 2072 παράκληριν
1383 1963 1468 2020 διὰ
1510 1967 1599 2032 τῆς

114 2051 201 2129 περὶ
230 2052 471 2132 Τίμαρχον
506 2052 729 2132 κρίσεως
762 2050 1089 2127 ἀειμνήστως
1128 2047 1311 2114 αὐτους
1354 2047 1599 2126 παρακί-

115 2139 275 2210 ιληκα,
310 2145 413 2218 (181)
456 2140 647 2209 τοὺςδ
652 2139 897 2205 ’ἄλλους
940 2137 1209 2205 ἅπαντας,
1260 2128 1334 2204 οἷς
1377 2135 1599 2212 ἑμαυτον

116 2224 267 2284 ἄλυπον
300 2229 661 2310 παρέσχημαι,
708 2229 800 2298 τὴν
832 2226 935 2302 μὲν
956 2225 1077 2328 τύχη
1056 2249 1120 2298 ην
1164 2222 1375 2296 ἰδιώτης
1410 2221 1482 2282 ὧν
1510 2247 1599 2282 και

112 2321 188 2378 τοῖς
208 2316 399 2394 μετρίοις
426 2321 566 2393 ὑμῶν
598 2315 771 2392 ὅμοιος
788 2361 808 2387 ,
831 2317 882 2373 ἐν
921 2290 975 2372 δὲ
996 2315 1101 2380 τοῖς
1128 2313 1407 2378 πολιτικοῖς
1433 2313 1599 2389 ἀγῶσι

62 2417 91 2456 τι
111 2399 223 2472 μόνος
242 2407 327 2460 τῶν
352 2404 515 2462 ἄλλων
556 2407 641 2483 ἐφ’
676 2407 811 2478 ὑμᾶς
834 2405 889 2460 οὗ
918 2399 1243 2472 συνεστηκώς
1262 2418 1277 2432 ·
1313 2402 1444 2457 αἰτῶ
1472 2401 1599 2478 παρ’

108 2489 217 2560 ὖμῶν
250 2490 331 2560 τὴν
370 2493 662 2570 σωτηρίαν,
704 2489 836 2567 μετὰ
878 2489 1053 2559 πάσης
1094 2486 1293 2551 εὐνοίας
1337 2491 1401 2561 τῇ
1446 2485 1596 2543 πόλει

108 2577 439 2652 τεπρεσὸευιιὼς
458 2579 547 2636 καὶ
592 2578 747 2654 μόνος
774 2575 1054 2650 ὑπομείνας
1087 2575 1171 2633 τὸν
1199 2577 1302 2632 τῶν
1334 2595 1595 2650 συκοφαν-

108 2664 183 2717 τῶν
216 2664 419 2743 θόρυόον,
459 2667 515 2726 ὃν
558 2666 669 2737 ἤδη
716 2664 899 2724 πολλοὶ
937 2667 1039 2722 τῶν
1070 2661 1161 2729 τὰς
1188 2660 1361 2742 ψυχὰς
1399 2663 1451 2719 ἐν
1492 2668 1598 2726 τοῖς

108 2723 298 2824 πολέμοίς
318 2756 563 2834 λαμπρῶν
608 2757 710 2832 οὐχ
734 2751 1052 2824 ὑπέστησαν.
1095 2751 1179 2810 Οὖ
1202 2749 1303 2828 γὰρ
1331 2753 1361 2806 ὅ
1386 2747 1604 2814 θάνατος

104 2836 243 2908 δεινόν,
262 2843 363 2898 ἀλλ’
376 2847 409 2913 ἡ
428 2844 547 2922 περὶ
564 2843 665 2912 τὴν
683 2837 923 2910 τελευτὴν
940 2838 1084 2920 ὖὸρις
1105 2836 1319 2920 φοὸερᾶ.
1343 2837 1457 2913 (182)
1482 2839 1604 2902 Πῶς

109 2921 148 2978 δὲ
169 2927 243 2982 οὐκ
267 2930 449 3008 οἰκτρὸν
482 2930 699 3010 βλέπειν
739 2931 921 3006 ἐχθροῦ
956 2927 1235 3006 πρόσωπον
1282 2927 1601 3004 ἐπεγγελῶν-

106 3032 189 3082 τος,
207 3036 283 3072 και
299 3041 394 3084 τοις
412 3019 507 3078 ωσι
522 3043 631 3078 των
661 3019 867 3076 ὀνειδῶν
898 3019 1147 3086 ἀκουσαι;
1183 3014 1325 3074 Ἀλλ’
1358 3014 1497 3090 ὅμως
1514 3036 1604 3072 τε-

62 3099 335 3175 ιιτολμηται·
380 3107 579 3165 δέδοται
622 3105 683 3164 τὸ
728 3109 883 3166 σῶμα
926 3105 1001 3183 τῷ
1034 3101 1269 3180 κινδύνῳ.
1303 3103 1443 3180 Παρ’
1483 3105 1603 3176 ὑμῖν

104 3185 296 3269 ἐτράφην,
321 3194 369 3249 ἐν
382 3194 491 3262 ταῖς
524 3192 809 3272 ὑμετέραις
832 3190 1119 3272 διατριὸαἷς
1148 3189 1396 3268 βεὸίιιικα.
1418 3189 1605 3255 Οὐδεὶς

105 3275 217 3346 ὑμῶν
240 3279 313 3335 διὰ
335 3279 422 3348 τὰς
450 3280 579 3358 ἐμὰς
610 3255 797 3350 ἡδόνὰς
824 3277 1001 3336 κάκιον
1037 3279 1206 3352 οἰκεῖ,
1242 3273 1356 3334 οὐδὲ
1387 3273 1501 3334 ἐστέ
1478 3296 1603 3352 ρη-

104 3382 169 3417 '³²²
192 3368 271 3434 τῆς
310 3367 545 3448 πατρίδος
581 3365 879 3446 κατηγόρου
926 3363 1099 3444 τυχὼν
1141 3365 1194 3422 ἐν
1240 3387 1344 3429 τοις
1385 3361 1599 3435 δημοις,

102 3443 213 3503 ὅτ’τ
185 3473 299 3520 ησαν
344 3460 395 3513 αἱ
442 3455 808 3536 διαψηφίσεις,
855 3454 941 3510 ωδ
942 3450 1275 3516 ’ὑπεύθυνος
1319 3474 1391 3507 ων
1440 3451 1605 3528 ἀρχῆς

105 3535 415 3602 ἐκινδύνευσεν.

160 3645 236 3689 183.
274 3631 447 3710 Μικρᾶ.
494 3631 539 3690 δ’
584 3628 750 3690 εἰπὼν
785 3629 885 3701 ἤδη
933 3625 1261 3687 καταὸαίνω.
1296 3623 1439 3703 Εγὼ
1487 3620 1607 3728 γάρ,

100 3733 135 3765 ⁰)
148 3711 384 3788 Ἀῦηναῖοι,
406 3741 495 3775 τω
528 3717 631 3794 μὲν
654 3715 812 3790 μηδὲν
842 3716 1011 3774 ἀδικέ
964 3739 1035 3772 ειν
1060 3717 1194 3789 ὑμᾶς
1218 3710 1389 3790 κύριος
1415 3703 1497 3780 ἧν,
1518 3715 1607 3766 τοῦ

100 3797 211 3872 &gni
232 3802 354 3881 ἔγειν
374 3805 545 3863 αἰτίαν
566 3810 601 3876 ἦ
626 3806 765 3883 τύχη
782 3847 797 3875 ,
821 3803 856 3873 ἣ
881 3799 1244 3878 συνεκλήρωσέ
1267 3821 1332 3873 με
1348 3797 1607 3877 ἀνθρώπω

63 3889 343 3968 ὓωῑῡγιντῃ
392 3892 653 3972 βαρὸάρῳ
672 3935 689 3965 ,
745 3890 799 3958 ὃς
844 3888 962 3948 οὗτε
1000 3891 1153 3967 ἱερῶν
1199 3885 1315 3945 οὔτε
1368 3885 1603 3944 σπονδῶν

98 3969 143 4028 ῦῦ
146 3997 189 4031 τε
210 3981 445 4056 τραπέζης
485 3979 801 4060 φροντίσας,
826 3976 961 4036 ἀλλὰ
983 3975 1099 4042 τους
1134 3977 1206 4040 εἷς
1233 3973 1320 4032 τὸν
1348 3972 1605 4048 μέλλοντα

102 4061 149 4114 αὖ
155 4064 211 4116 τῶ
228 4065 395 4140 χρόνον
422 4069 771 4146 ἀντεροῦντας
793 4063 1065 4172 εκφοὸῶν,
1094 4062 1212 4132 ἥκει
1235 4061 1399 4138 ψευδῆ
1426 4061 1606 4118 συντά-

101 4141 167 4212 ξϊς
177 4153 275 4208 καθ’
297 4157 439 4228 ἡμῶν
468 4150 816 4230 κατηγορίαν.
851 4151 982 4211 Ἐὰν
1006 4173 1092 4208 ουν
1114 4147 1395 4219 ἐθελήσητε
1424 4147 1607 4215 σώζειν

101 4233 188 4300 ch
208 4261 288 4308 της
329 4241 533 4318 εἰρήνης
562 4240 657 4298 καὶ
684 4244 777 4309 τῆς
817 4237 1069 4316 ὑμετέρας
1116 4235 1291 4301 ἀδείας
1320 4256 1611 4311 συναγωνι-

104 4342 211 4397 ⁶³²5,
225 4327 427 4396 πολλούς
442 4327 667 4406 βοηθους
688 4329 915 4404 λήψεται
933 4327 992 4383 τὸ
1016 4349 1107 4396 της
1125 4322 1324 4389 πόλεως
1350 4320 1611 4400 συμφέρον

102 4409 171 4465 καὶ
192 4415 475 4474 κινδυνεύειν
500 4415 639 4494 ὓπὲρ
662 4418 805 4488 ὑμῶν
825 4412 1077 4490 ἑτοίμους.

164 4517 241 4562 lai.
270 4503 573 4582 Παρακαλῶ
604 4501 662 4559 δὲ
700 4500 969 4561 Εὔὸουλον
994 4497 1087 4576 μὲν
1116 4500 1175 4556 ἐκ
1210 4499 1313 4554 τῶν
1336 4495 1615 4553 πολιτικῶν

62 4585 171 4640 ιῦιιαὶ
190 4592 441 4668 σωφρόνων
472 4591 683 4668 ἀνδρῶν
716 4587 1021 4664 συνήγορον,
1064 4582 1333 4644 Φωκίωνα
1358 4583 1403 4639 δ’
1428 4585 1487 4640 ἐκ
1511 4583 1615 4638 τῶν

105 4681 377 4752 Ἷρατηγων,
405 4677 523 4756 ἅμα
554 4677 612 4736 δὲ
644 4675 735 4736 καὶ
774 4672 1075 4751 δικαιοσύνῃ
1113 4669 1442 4748 διενηνοχότα
1483 4667 1614 4726 ποίν-

102 4781 203 4834 tm,
220 4766 271 4820 ἐκ
290 4765 341 4823 δὲ
362 4770 465 4824 τῶν
494 4765 669 4845 φίλων
694 4787 785 4821 και
806 4766 911 4820 τῶν
950 4761 1237 4832 ἡλικιωτῶν
1260 4761 1365 4816 τῶν
1388 4760 1615 4833 ἐμαυτου

103 4807 365 4910 Ναύσικλέα
406 4855 501 4911 καὶ
545 4849 675 4919 τοὺς
718 4849 905 4915 ἄλλους
962 4847 1197 4912 ἅπαντας
1258 4836 1475 4904 οἷστισιν
1518 4841 1621 4921 ἐγὼ

99 4953 321 5012 &typhum
348 4941 440 4998 καὶ
478 4943 590 4998 τῶν
632 4939 801 4998 αὐτῶν
835 4937 1259 5012 ἐπιτηδευμάτων
1288 4929 1617 5012 μετέσχηκα.

102 5017 156 5078 0
177 5019 352 5097 μὲνουν
378 5029 503 5106 ἐμος
515 5029 679 5104 λόγος
705 5025 924 5105 ειρηται,
950 5023 1007 5082 τὸ
1034 5023 1091 5082 δὲ
1109 5026 1265 5098 σῶμα
1287 5019 1479 5098 τούμὸν

102 5114 413 5190 παραδίδωσιν
435 5121 565 5192 ὑμῖν
584 5113 683 5174 καὶ
702 5115 805 5191 ἐγὼ
830 5135 921 5170 και
946 5114 973 5168 ὁ
999 5110 1169 5186 νόμος.

874 432 1246 495 AEscmms
1285 431 1409 492 OB.
1462 432 1565 492 DE
1604 429 1819 490 MALE
1854 429 2102 490 GESTA
2147 429 2598 490 LEGATioNE.
3169 440 3244 490 95

1686 577 1735 625 et
1766 577 1815 624 in
1835 574 2018 636 iudicio
2039 577 2368 625 aoeusatorem
2387 577 2587 636 reperio.
2656 577 2716 624 Et
2739 587 2892 636 quum
2910 574 3128 624 decimus
3147 577 3250 638 ipse

1688 663 1871 726 legatus
1902 663 2102 724 fuerim,
2140 663 2270 713 solus
2293 663 2500 712 rationes
2527 661 2690 712 reddo.
2759 663 2888 724 (179)
2925 662 3110 712 Adsunt
3131 663 3252 712 milii

1688 751 1883 812 quidem
1902 751 1988 812 qui
2023 765 2118 800 una
2145 764 2336 800 mecum
2357 763 2442 798 vos
2459 748 2790 812 deprecentur,
2827 752 2964 812 pater
2981 763 3145 811 meus,
3169 749 3251 799 cui

1687 849 1821 900 spem
1852 837 2112 888 senectutis
2135 851 2196 886 ne
2213 837 2423 899 eripiatis
2449 852 2460 884 :
2483 843 2532 885 et
2553 837 2746 896 fratres,
2768 836 2852 898 qui
2885 849 2915 885 a
2941 850 3020 886 me
3045 837 3250 898 seiuncti

1690 925 1841 974 vitam
1862 924 1952 974 sibi
1976 925 2200 975 acerbam
2220 923 2460 987 putabunt
2483 939 2498 972 .-
2524 923 2689 972 assines
2703 921 2817 972 item
2841 927 2890 973 et
2909 923 2956 972 hi
2977 925 3122 986 puelli
3147 925 3253 988 qui·

1688 1012 1799 1063 dem
1814 1049 1828 1071 ,
1870 1013 1957 1074 qui
2001 1011 2210 1074 pericula
2249 1011 2462 1060 nondum
2503 1012 2798 1072 intelligunt,
2839 1011 2923 1060 sed
2963 1012 3254 1062 miserabiles

1686 1101 1849 1150 tamen
1885 1102 1999 1148 sunt
2035 1099 2211 1160 futuri,
2247 1099 2286 1148 si
2310 1099 2427 1160 quid
2456 1097 2594 1150 nobis
2639 1098 2884 1148 acciderit.
2950 1103 3046 1150 Pro
3077 1099 3256 1162 quibus

1686 1201 1777 1250 ego
1800 1201 1887 1241 vos
1904 1201 1994 1236 oro
2015 1189 2164 1248 atque
2185 1184 2420 1246 obtestor,
2453 1189 2509 1236 ut
2525 1199 2610 1236 eos
2625 1188 2770 1236 etiam
2789 1189 2936 1248 atque
2954 1189 3100 1236 etiam
3114 1201 3252 1237 com-

1690 1275 1942 1324 mendatos
1976 1275 2212 1335 habeatis,
2241 1287 2398 1336 neque
2429 1273 2634 1323 inimicis
2651 1278 2700 1323 et
2717 1275 2976 1324 effeminati
3003 1288 3061 1324 ac
3087 1275 3254 1324 mulio-

1691 1363 1783 1412 rosi
1802 1363 2009 1411 hominis
2031 1361 2290 1412 iracundiae
2311 1362 2522 1412 tradatis.
2593 1363 2717 1424 (180)
2750 1365 2847 1412 Oro
2873 1376 3044 1424 porro,
3068 1365 3118 1412 et
3140 1376 3254 1426 sup·

1689 1451 1801 1513 plex
1816 1453 1954 1512 peto,
1974 1450 2182 1512 primum
2205 1463 2236 1498 a
2257 1449 2349 1498 diis
2369 1449 2742 1506 immortalibus.
2763 1450 2832 1498 uti
2853 1462 2932 1499 me
2951 1451 3252 1510 conservait,

1688 1537 1899 1586 oecundo
1919 1536 2027 1586 loco
2041 1549 2068 1584 a
2081 1536 2244 1598 vobis,
2269 1535 2354 1598 qui
2373 1537 2553 1586 serendi
2571 1537 2781 1598 suffragii
2798 1538 2876 1598 ius
2899 1538 3082 1587 habetis
3094 1575 3108 1600 ,
3127 1537 3256 1601 apud

1690 1637 1812 1688 quos
1832 1638 1920 1686 ego
1941 1625 2126 1687 singula
2151 1623 2352 1674 crimina
2381 1628 2616 1687 quantum
2640 1626 2836 1687 quidem
2869 1625 3140 1676 meminisse
3167 1639 3254 1690 po·

1691 1711 1791 1774 tui,
1838 1713 2061 1762 refutavi.
2127 1716 2420 1764 conservate
2465 1713 2606 1776 igitur
2647 1727 2750 1774 me,
2790 1727 2948 1776 neque
2982 1715 3256 1764 orationum

1691 1800 1913 1864 scriptori
1933 1804 1982 1850 et
2001 1801 2218 1864 improbo
2252 1802 2446 1863 scythae
2465 1815 2542 1850 me
2569 1801 2758 1851 tradite.
2827 1803 2886 1852 Et
2928 1802 3012 1863 qui
3044 1803 3256 1852 vestrum

1692 1893 1851 1952 patres
1868 1892 1985 1938 sunt
2005 1890 2284 1947 liberorum,
2309 1892 2394 1938 aut
2411 1889 2497 1951 qui
2521 1890 2688 1938 tratres
2713 1891 2830 1937 natu
2869 1888 3078 1939 minoi-es
3097 1890 3256 1950 magni

1692 1979 1872 2039 facitis,
1894 1978 2238 2038 recordamini,
2255 1991 2336 2027 me
2353 1977 2674 2026 immortalem
2703 1977 2764 2026 ad
2785 1977 3068 2027 modestiam
3089 1978 3258 2028 adhor-

1692 2069 1928 2118 tationem
1963 2069 2268 2116 accusatione
2295 2065 2534 2116 'l'imarchi
2569 2065 2816 2127 reliquisse
2843 2085 2854 2113 ι
2881 2065 3010 2128 (181)
3033 2079 3064 2114 a
3087 2068 3258 2116 ceteris

1690 2160 1853 2208 autem
1864 2155 2108 2215 omnibus,
2123 2167 2236 2216 erga
2244 2167 2366 2216 quos
2384 2167 2464 2204 me
2481 2167 2668 2202 comem
2683 2152 2888 2214 praebui,
2899 2167 3050 2216 quum
3067 2154 3256 2204 fortuna

1692 2244 1781 2294 sim
1801 2245 2016 2307 plebeius
2037 2247 2084 2294 et
2106 2242 2422 2294 mediocrium
2445 2241 2638 2302 similis,
2665 2240 2712 2288 in
2737 2239 2960 2290 civilibus
2977 2247 3138 2290 autem
3157 2255 3256 2290 cer·

1693 2332 1954 2382 inminibus
1983 2332 2114 2380 solus
2125 2330 2250 2380 inter
2268 2328 2478 2391 reliquos
2500 2330 2667 2376 contra
2687 2340 2776 2376 vos
2805 2339 2904 2376 non
2918 2329 3228 2390 conspirarim
3241 2365 3256 2388 ,

1693 2427 1806 2488 peto
1828 2425 2038 2476 salutem
2058 2461 2072 2486 ,
2101 2436 2292 2474 summa
2317 2436 2430 2484 erga
2461 2422 2806 2484 rempublicam
2834 2421 3166 2472 benevolentia
3189 2423 3257 2471 le·

1696 2521 1886 2582 flatione
1919 2521 2114 2570 functus
2126 2556 2141 2580 ,
2163 2522 2214 2568 et
2225 2519 2356 2568 solus
2373 2517 2776 2568 calumniatorum
2791 2517 3054 2566 tumultum
3069 2530 3260 2579 perpes·

1694 2629 1799 2676 sus,
1820 2627 1967 2676 quem
1986 2613 2127 2663 multi
2141 2614 2241 2676 jam
2259 2650 2272 2673 ,
2289 2613 2439 2676 quiin
2453 2612 2591 2662 bellis
2613 2613 2796 2674 egregia
2819 2611 3028 2661 facinora
3049 2612 3258 2674 edidere,

1696 2721 1793 2757 non
1818 2708 2164 2757 sustinuerunt.
2229 2709 2396 2770 Neque
2421 2705 2548 2754 enim
2568 2705 2792 2755 terribilis
2805 2706 2878 2754 est
2897 2705 3150 2763 interitus.
3175 2709 3260 2758 sed

1702 2802 1994 2853 contumelia
2013 2802 2062 2851 in
2077 2805 2230 2850 morte
2244 2801 2315 2849 est
2331 2799 2599 2850 metuenda.
2667 2801 2796 2860 (¹82)
2813 2801 3006 2856 Quanta
3031 2813 3145 2848 vero
3167 2800 3259 2848 mi-

1696 2896 1817 2945 seria
1838 2899 1908 2944 oet
1924 2933 1938 2955 ,
1967 2895 2146 2944 inimici
2167 2894 2440 2943 insultantis
2455 2893 2643 2942 vultum
2667 2891 2869 2952 intueri,
2897 2891 3068 2952 eteius
3086 2893 3262 2955 probra

1695 2987 1895 3038 aun-ihm
1919 2987 2164 3050 accipere?
2184 2985 2278 3035 Sed
2296 2987 2458 3034 tamen
2479 2984 2526 3034 in
2545 2984 2800 3034 discrimen
2825 2987 3022 3034 ventum
3041 2986 3140 3044 est,
3163 2984 3264 3034 vita

1698 3097 1805 3133 mea
1832 3086 1905 3132 est
1941 3083 2164 3145 periculis
2197 3081 2428 3144 exposita.
2497 3078 2636 3141 Apud
2665 3092 2752 3128 vos
2774 3092 2884 3128 sum
2919 3077 3176 3140 educatus,
3210 3079 3259 3131 in

1704 3176 1871 3224 vestris
1893 3175 2222 3238 congressibus
2260 3187 2368 3224 sum
2397 3174 2641 3232 versatus,
2677 3185 2788 3220 cum
2821 3172 3012 3220 nemine
3048 3173 3262 3221 vostrum

1698 3269 1892 3329 propter
1923 3281 2056 3316 meas
2081 3267 2350 3329 voluptates
2384 3266 2522 3330 pejus
2543 3267 2716 3328 agitur,
2749 3278 2906 3326 neque
2942 3265 3094 3326 patria
3126 3263 3258 3326 quis·

1696 3372 1843 3420 quam
1866 3359 2082 3421 privatus
2105 3361 2176 3408 est
2207 3371 2287 3406 me
2317 3354 2609 3417 accusatore,
2637 3369 2792 3418 quum
2833 3355 2882 3404 in
2911 3355 3042 3416 pagis
3080 3355 3260 3404 civium

1705 3453 2004 3500 recensiones
2023 3451 2215 3512 tierent,
2240 3463 2397 3512 neque
2415 3450 2477 3499 ob
2499 3452 2684 3512 gestum
2704 3449 3035 3511 magistratum
3059 3449 3110 3497 in
3139 3449 3264 3510 peri·

1704 3546 1869 3594 cuium
1892 3545 2040 3594 venit.

1766 3638 1865 3683 183.
1908 3633 2001 3682 Sed
2027 3632 2110 3681 ubi
2142 3645 2296 3694 pauca
2317 3631 2514 3691 dixero,
2553 3629 2856 3680 descendam.
2923 3629 3076 3690 illud,
3107 3629 3258 3679 Athe-

1700 3715 1885 3765 nionces
1900 3753 1913 3776 ,
1941 3717 1988 3764 in
2014 3717 2250 3776 potestate
2267 3728 2376 3764 mea
2405 3715 2520 3772 fuit,
2541 3716 2598 3762 ut
2621 3713 2752 3763 nulla
2771 3726 2858 3762 vos
2875 3712 3114 3761 afficerem
3145 3712 3266 3774 inju-

1702 3794 1769 3842 ria
1795 3807 1891 3842 :ne
1911 3805 2030 3840 vero
2061 3793 2110 3841 in
2130 3792 2310 3841 crimen
2337 3792 2576 3853 venirem,
2615 3791 2662 3839 id
2693 3803 2834 3852 penes
2867 3791 3108 3840 fortunam
3145 3792 3265 3852 suit,

1700 3885 1811 3934 quae
1835 3885 1912 3920 me
1936 3884 2049 3919 cum
2082 3871 2276 3919 homine
2298 3870 2670 3928 calumniatore,
2709 3882 2864 3932 eoque
2899 3869 3106 3919 barbam
3121 3907 3134 3930 ,
3156 3884 3266 3919 con·

1704 3951 1877 4000 ilictari
1912 3950 2097 4012 coegit,
2131 3952 2241 4014 qui,
2273 3963 2430 4012 neque
2460 3962 2734 4007 sacrorum,
2768 3963 2924 4010 neque
2955 3949 3266 4010 libationum,

1706 4043 1796 4080 nec
1820 4045 1999 4080 mensae
2023 4029 2293 4078 communis
2323 4029 2488 4077 habita
2517 4031 2701 4077 ratione
2716 4065 2732 4087 ‚
2753 4027 2837 4076 sed
2861 4028 2917 4076 iis
2939 4029 3021 4090 qui
3044 4028 3090 4076 in
3115 4031 3268 4090 poste·

1702 4122 1809 4157 rum
1829 4108 2068 4156 adversari
2088 4107 2130 4156 ei
2150 4109 2535 4168 possentterrore
2557 4105 2732 4166 injecto
2745 4143 2759 4166 ,
2775 4105 2936 4162 adest,
2961 4106 3075 4155 salsa
3095 4108 3266 4154 contra

1702 4201 1792 4236 uos
1824 4187 2126 4236 accusatione
2159 4187 2454 4234 concinnata.
2521 4183 2698 4240 Quodsi
2740 4197 2822 4232 eos
2870 4196 3152 4232 conservare
3179 4196 3269 4230 vo-

1703 4265 1913 4324 lueritis,
1949 4264 2032 4327 qui
2063 4277 2230 4325 pacem
2255 4266 2562 4322 vestramque
2595 4261 2898 4309 securitatem
2931 4259 3271 4320 (tetenderunt,

1704 4343 1845 4392 multi
1876 4345 2019 4392 erunt
2032 4378 2046 4402 ,
2071 4341 2158 4403 qui
2185 4338 2460 4402 reipublicoe
2477 4337 2732 4388 commoda
2753 4337 2879 4386 tueri
2903 4336 3078 4396 velint,
3097 4339 3148 4386 et
3169 4337 3268 4386 ala·

1714 4420 1859 4468 criter
1878 4433 1964 4482 pro
1982 4419 2120 4468 vobis
2145 4417 2405 4466 decertare.

1775 4500 1880 4546 184.
1919 4498 2036 4546 Peto
2058 4497 2218 4544 autem
2249 4496 2304 4543 ut
2321 4493 2582 4542 advocatus
2609 4492 2724 4540 mihi
2767 4505 2870 4541 oese
2887 4491 3126 4554 dignetur,
3145 4503 3174 4538 e
3193 4490 3268 4538 vl-

1707 4599 1773 4648 ris
1790 4597 2022 4648 modestis
2042 4599 2092 4648 et
2118 4597 2166 4644 in
2199 4596 2440 4659 republica
2471 4595 2670 4644 versatis
2707 4593 2941 4654 Eubulus,
2986 4606 3046 4642 ex
3069 4592 3268 4654 impera·

1708 4701 1841 4752 toriis
1854 4699 2028 4749 Phocio
2041 4736 2056 4760 ,
2075 4699 2160 4760 qui
2175 4701 2406 4760 prieterea
2423 4696 2760 4758 etiamjustitia
2773 4694 2996 4744 omnibus
3009 4693 3269 4755 antecellit,

1712 4817 1773 4855 ex
1794 4802 1961 4852 amicis
1986 4804 2038 4850 et
2060 4799 2328 4863 aequalibus
2357 4798 2477 4847 meis
2499 4795 2769 4856 Nausicles,
2790 4793 3033 4854 ceterique
3071 4805 3240 4842 omnes
3255 4829 3269 4855 ,

1712 4909 1887 4972 quibus
1907 4920 1996 4970 ego
2019 4904 2314 4956 familiariter
2331 4915 2476 4960 usus,
2500 4902 2646 4962 atque
2671 4899 2720 4948 in
2739 4896 2904 4948 iisdem
2924 4895 3095 4946 studiis
3111 4909 3271 4945 versa·

1507 5019 1611 5092 ἤδη
1714 5013 1794 5062 tus
1808 5023 1933 5060 sum.
2002 5013 2070 5057 Ac
2091 5019 2197 5056 mea
2220 5003 2414 5068 quidem
2435 5001 2590 5050 oratio
2605 5003 2704 5061 jam
2727 4997 2946 5048 absoluta
2963 4999 3072 5048 est·
3101 5009 3274 5059 corpus

1716 5117 1879 5170 autem
1900 5127 2068 5166 meum
2085 5110 2223 5162 vobis
2254 5111 2304 5162 et
2319 5122 2348 5158 a
2367 5121 2445 5158 me
2463 5105 2668 5158 traditur
2685 5107 2736 5156 et
2751 5117 2782 5154 a
2796 5103 2939 5166 lege.
