3825 5834
483 443 556 492 50
1486 430 1851 491 ΑΙΣΧΙΝΟΥ
1891 433 1943 490 Ο
1984 431 2188 491 ΚΑΤΑ
2230 433 2652 493 ΤΙΜΑΡΧΟΥ.

894 625 1229 672 ΜΑΡΊῪΡΙΑΙ
1243 661 1252 672 .
1295 627 1632 672 ΣΪΝΘΗΚΑΙ.

575 771 668 810 uo.
717 749 848 830 Περὶ
883 747 976 826 μὲν
1007 741 1094 807 οὖν
1137 747 1252 815 τοὺς
1289 749 1500 815 πολίτας
1533 750 1622 807 καὶ
1664 749 1778 815 τοὺς
1826 751 2041 815 οἰκείους

419 850 474 888 211
495 822 595 896 οἶος
627 830 928 906 γεγένηται,
973 827 1063 886 καὶ
1091 827 1184 898 τὴν
1213 827 1462 910 πατρῴαν
1503 829 1679 886 οὐσίαν
1701 833 1769 893 ὡς
1811 831 2041 906 αἰσχρῶς

491 918 728 988 ἀνήλωκε
749 961 766 988 ,
811 915 900 974 καὶ
943 916 1037 986 τὴν
1066 913 1216 994 ῧὸριν
1245 917 1340 985 τὴν
1369 920 1439 982 είς
1464 915 1524 973 τὸ
1551 919 1735 974 ἑαυτοῦ
1775 919 1931 992 σῶμα
1972 919 2041 982 ὣς

487 1003 843 1085 ὑπερεώρακε,
868 1003 1072 1061 σύνιστε
1101 1003 1194 1075 μὲν
1225 1003 1316 1061 καὶ
1339 1004 1459 1083 πρὶν
1499 1003 1589 1079 ἐμὲ
1622 1003 1806 1080 λέγειν,
1847 1007 2039 1068 ἱκανῶς

491 1097 539 1152 δ’
569 1098 706 1170 ὑμᾶς
748 1091 1136 1168 ὑπομιμνήσκει
1163 1091 1254 1150 καὶ
1297 1097 1325 1150 ὁ
1367 1096 1492 1173 παρ’
1545 1094 1671 1168 ἐμοῦ
1715 1091 1898 1168 λόγος·
1950 1092 2039 1150 δύο

491 1181 546 1240 δέ
585 1203 671 1257 μοι
713 1185 806 1250 τῆς
829 1179 1142 1258 κατηγορίας
1180 1179 1289 1252 εἴδη
1325 1180 1625 1256 λέλειπται,
1671 1179 1746 1260 ἐφ’
1769 1169 1843 1245 οἷς
1883 1181 2038 1255 ἐμαυ·

489 1268 578 1327 τόν
601 1269 646 1326 τ’
674 1271 834 1326 εἰπεῖν
862 1267 1086 1345 εὔχομαι
1118 1268 1224 1333 τοῖς
1255 1269 1384 1333 θεοῖς
1419 1276 1550 1325 πᾶσι
1579 1267 1667 1326 καὶ
1693 1265 1886 1332 πάσαις
1915 1265 2012 1324 {mi

491 1360 582 1424 τῆς
611 1355 808 1421 πόλεως
835 1357 902 1421 ὡς
927 1354 1265 1432 προῄρημαι,
1295 1357 1429 1430 ὑμᾶς
1461 1377 1518 1412 τε
1553 1353 1834 1432 βουλοίμην
1873 1352 1935 1412 ἂν
1972 1289 2046 1420 οἷς

493 1441 598 1520 ἐγὼ
621 1443 798 1520 μέλλω
826 1441 992 1520 λέγειν
1031 1441 1308 1522 προσέχειν
1335 1441 1421 1500 τὸν
1449 1447 1568 1500 νοῦν
1602 1441 1692 1499 καὶ
1719 1444 2045 1520 παρακολου-

414 1551 468 1590 εο
492 1533 594 1588 θεῖν
621 1532 877 1606 εὐμαθῶς.
965 1529 1079 1606 (117)
1118 1527 1271 1588 Ἐστι
1301 1529 1344 1585 δ’
1379 1532 1406 1585 ὁ
1433 1525 1526 1604 μὲν
1551 1529 1752 1608 πρῶτός
1781 1551 1868 1604 μοι
1897 1527 2047 1600 λόγος

494 1617 834 1698 προδιήγησις
862 1621 952 1687 τῆς
975 1616 1254 1694 ἀπολογίας
1277 1608 1338 1688 ἧς
1359 1615 1531 1676 ἀκούω
1555 1615 1762 1692 μέλλειν
1785 1615 2047 1694 γίνεσθαι,

491 1705 578 1764 ἵνα
603 1705 677 1782 μὴ
705 1711 856 1763 τοῦτο
887 1707 1018 1781 ἐμοῦ
1052 1703 1434 1783 παραλιπόντος
1459 1708 1488 1763 ὁ
1513 1702 1606 1770 τὰς
1633 1707 1734 1762 τῶν
1763 1703 1931 1782 λόγων
1958 1703 2045 1762 τέ·

494 1814 624 1871 χνας
665 1791 1210 1869 κατεπαγγελλόμενος
1247 1790 1360 1858 τοὺς
1395 1791 1534 1857 νέους
1575 1789 1832 1848 διδάσκειν
1870 1790 2047 1868 ἀπάτῃ

494 1878 596 1937 τινὶ
635 1878 1117 1960 παραλογισάμενος
1151 1883 1286 1956 ὑμᾶς
1331 1877 1588 1958 ἀφέληται
1625 1876 1683 1936 τὸ
1719 1882 1810 1948 τῆς
1848 1877 2049 1944 πόλεως

496 1965 775 2046 συμφέρον.
859 1964 927 2026 Ὁ
957 1965 1010 2023 δὲ
1040 1963 1267 2045 δεύτερός
1295 1963 1404 2024 ἐστί
1441 1987 1530 2040 μοι
1553 1961 1697 2040 λόγος
1721 1963 2049 2045 παράκλησις

493 2056 598 2110 τῶν
625 2054 851 2111 πολιτῶν
877 2051 1004 2132 πρὸς
1030 2051 1238 2132 ἀρετήν.
1320 2049 1460 2131 Ὁρῶ
1491 2050 1543 2108 δὲ
1569 2049 1791 2117 πολλοὺς
1819 2050 1912 2126 μὲν
1940 2055 2043 2109 τῶν

414 2159 468 2198 ss
494 2139 756 2218 νεωτέρων
783 2137 1204 2218 προσεστηκότας
1223 2137 1349 2217 πρὸς
1372 2142 1446 2218 τῷ
1466 2138 1808 2218 δικαστηρίῳ,
1829 2137 2051 2205 πολλοὺς

495 2225 550 2284 δὲ
581 2230 684 2285 τῶν
702 2225 1086 2306 πρεσὸυτέρων,
1109 2227 1204 2284 οὐκ
1231 2223 1432 2302 ὀλίγους
1455 2223 1510 2282 δὲ
1537 2227 1596 2283 ἐκ
1619 2229 1710 2295 τῆς
1730 2225 1893 2296 ἄλλης
1922 2223 2048 2286 Ἕλ-

493 2313 650 2381 λάδος
684 2313 1100 2392 συνειλεγμένους
1133 2313 1219 2371 ἐπὶ
1261 2312 1356 2382 τὴν
1393 2311 1672 2391 ἀκρόασιν·
1709 2310 1934 2390 (118)οὒς
1974 2310 2049 2388 μὴ

495 2401 733 2478 νομίσητ’
780 2401 875 2478 ἐμὲ
909 2400 1260 2480 θεωρήσοντας
1295 2399 1460 2471 ἥκειν,
1493 2397 1628 2456 ἀλλὰ
1672 2399 1805 2456 πολὺ
1850 2401 2049 2474 μᾶλλον

498 2493 632 2564 ὑμᾶς
661 2489 952 2564 εἰσομένους
979 2491 1024 2546 εἷ
1053 2485 1128 2564 μὴ
1160 2485 1314 2563 μόνον
1343 2477 1398 2544 εὖ
1425 2491 1716 2562 νομοθετεῖν
1746 2485 2051 2556 ἐπίστασθε,

500 2574 636 2633 ἀλλὰ
671 2575 762 2633 καὶ
797 2573 988 2652 κρίνειν
1021 2571 1088 2631 τὰ
1126 2573 1264 2631 καλὰ
1304 2572 1394 2631 καὶ
1423 2571 1488 2630 τὰ
1517 2572 1591 2649 μὴ
1623 2571 1763 2630 καλὰ
1805 2573 2050 2646 δύνασθε,

497 2660 588 2720 καὶ
623 2663 669 2720 εἰ
706 2669 866 2736 τιμᾶν
909 2660 1187 2719 ἐπίστασθε
1223 2657 1342 2725 τοὺς
1369 2657 1588 2736 ἀγαθοὺς
1623 2657 1842 2738 ἄνδρας,
1879 2658 1969 2717 καὶ
2006 2661 2051 2717 εἰ

497 2747 690 2808 ’θέλετε
716 2747 953 2817 κολάζειν
981 2745 1098 2814 τοὺς
1125 2747 1294 2817 ὀνείδη
1323 2745 1410 2804 τὸν
1439 2747 1636 2802 ἑαυτῶν
1667 2743 1778 2824 βίον
1805 2748 1868 2824 τῇ
1901 2745 2053 2804 πόλει

419 2860 474 2899 so
495 2833 1005 2916 παρασκευάζοντας.
1091 2832 1240 2902 Δέξω
1269 2832 1324 2892 δὲ
1349 2835 1554 2913 πρῶτον
1591 2831 1715 2913 πρὸς
1752 2835 1886 2906 ὑμᾶς
1928 2833 2049 2913 περὶ

496 2927 590 2994 τ’ἥς
618 2921 913 3001 ἀπολογίας·

579 3029 674 3070 119.
725 3007 794 3068 ‘0
836 3008 938 3090 γὰρ
977 3008 1214 3088 περιττὸς
1254 3009 1306 3066 ἔν
1358 3008 1463 3074 τοῖς
1503 3007 1672 3085 λόγοις
1719 3007 2055 3084 Δημοσθένης

497 3093 532 3167 ἢ
560 3095 678 3164 τοὺς
697 3096 884 3174 νόμους
916 3095 1072 3176 φησὶν
1101 3099 1235 3171 ὑμᾶς
1255 3093 1536 3175 ἐξαλείφειν
1559 3094 1685 3167 δεῖν,
1711 3091 1747 3165 ἢ
1770 3101 1874 3162 τοῖς
1906 3095 2053 3170 ἐμοῖς

498 3183 666 3262 λόγοις
701 3185 794 3243 οὐκ
828 3173 960 3242 εἶναι
993 3181 1322 3262 προσεκτέον.
1353 3181 1730 3256 Ἀποθαυμάζει
1759 3179 1861 3262 γὰρ
1887 3185 1933 3242 εἰ
1978 3179 2052 3258 μὴ

497 3271 687 3338 πάντες
713 3269 1028 3347 μεμνήμεθα
1049 3267 1128 3327 ὅτι
1162 3268 1279 3327 καθ’
1319 3265 1538 3326 ἕκαστον
1567 3266 1795 3325 ἐνιαυτὸν
1821 3272 1853 3338 ἡ
1886 3268 2050 3346 βουλὴ

497 3359 664 3417 πωλεῖ
713 3357 774 3416 τὸ
812 3355 1053 3438 πορνικὸν
1112 3354 1258 3422 τέλος
1275 3377 1289 3392 ·
1336 3353 1425 3412 καὶ
1465 3353 1580 3420 τοὺς
1627 3353 1941 3433 πριαμένους
1994 3353 2055 3414 τὸ

501 3445 646 3514 τέλος
678 3447 773 3505 οὔκ
807 3444 1048 3515 εἰκάζειν,
1079 3443 1200 3502 ἀλλ’
1242 3441 1469 3523 ἀκριὸῶς
1517 3441 1705 3500 εἰδέναι
1740 3441 1856 3508 τοὺς
1889 3442 2054 3524 ταύτῃ

426 3557 484 3605 17
505 3531 809 3614 χρωμένους
834 3536 899 3612 τῇ
930 3530 1168 3612 ἐργασίᾳ.
1200 3529 1400 3590 Ὁπότε
1433 3527 1495 3599 δὴ
1525 3519 1612 3587 οὖν
1639 3527 1937 3606 τετόλμηκα
1965 3533 2057 3587 ἀν-

501 3621 852 3702 τιγράψασθαι
879 3617 1282 3700 πεπορνευμένῳ
1323 3615 1586 3697 Τιμάρχῳ
1630 3614 1704 3691 μὴ
1740 3613 1925 3684 ἐξεῖναι
1962 3618 2058 3688 δη·-

503 3710 769 3788 μηγορεῒν,
801 3711 1036 3766 ἀπαιτεῖν
1067 3729 1194 3788 φησι
1222 3705 1316 3778 τὴν
1341 3703 1529 3786 πρᾶξιν
1563 3701 1725 3774 αὐτὴν
1761 3705 1853 3762 οὐκ
1887 3701 2057 3763 αἰτίαν

496 3795 810 3874 κατηγόρου,
839 3791 974 3851 ἀλλὰ
997 3793 1286 3872 μαρτυρίαν
1308 3789 1530 3850 τελώνου
1553 3794 1645 3848 τοῦ
1673 3787 1817 3868 παρὰ
1845 3790 2059 3870 Τιμάρ-

503 3905 600 3960 you
614 3887 764 3940 τοῦτο
783 3881 1081 3948 ἐκλέξαντος
1097 3879 1156 3939 τδ
1175 3879 1334 3946 τέλος.
1362 3879 1478 3956 (120)
1501 3877 1649 3952 Ἐγὼ
1669 3875 1723 3934 δὲ
1742 3877 1869 3956 πρὸς
1889 3881 2058 3950 ταῦτ’,

503 3949 549 4027 ώ
578 3969 862 4039 Ἀθηναῖοι,
899 3969 1145 4048 σκέψασθ’
1175 3966 1237 4024 ἂν
1267 3967 1466 4024 ἁπλοῦν
1490 3963 1578 4024 καὶ
1615 3963 1896 4044 ἐλευθέριον
1929 3964 2059 4033 δόξω

446 4085 471 4122 s
503 4057 654 4134 λόγον
682 4057 801 4132 ὑμῖν
828 4054 1015 4133 λέγειν.
1097 4051 1429 4133 Αἰσχύνομαι
1455 4050 1555 4131 γὰρ
1577 4050 1705 4130 ὑπὲρ
1736 4055 1829 4121 τῆς
1861 4049 2059 4118 πόλεως

509 4147 554 4202 εἰ
581 4143 883 4223 Τίμαρχος,
911 4145 940 4202 ὁ
963 4147 1053 4200 τοῦ
1082 4141 1250 4216 δήμου
1290 4137 1580 4216 σύμὸουλος
1611 4137 1702 4197 καὶ
1739 4136 1833 4205 τὰς
1867 4140 1939 4205 εἰς
1965 4137 2057 4210 τὴν

506 4228 744 4291 Ἑλλάδα
765 4231 970 4306 τολμῶν
998 4226 1274 4308 πρεσΰείας
1297 4225 1622 4307 πρεσὸεύειν,
1647 4223 1722 4301 μὴ
1752 4224 1810 4283 τὸ
1836 4235 2059 4307 πρᾶγμα

507 4317 624 4378 ὅλον
647 4315 1027 4398 ἀποτρίψασθαι
1048 4313 1368 4395 ἐπιχειρήσει
1391 4360 1408 4392 ,
1435 4309 1572 4372 ἀλλὰ
1595 4311 1711 4380 τοὺς
1732 4312 1916 4381 τόπους
1938 4317 2060 4373 ἕπε-

507 4401 728 4484 ρωτήσει
763 4401 892 4462 ὅπου
920 4399 1217 4474 ἐκαθέζετο,
1238 4399 1326 4459 καὶ
1353 4399 1470 4466 τοὺς
1499 4397 1749 4474 τελώνας,
1775 4398 2059 4459 cincimo-rt

504 4494 631 4575 παρ’
651 4495 808 4550 αὑτοῦ
830 4489 890 4549 τὸ
911 4485 1153 4569 πορνικὸν
1180 4487 1324 4553 τέλος
1343 4487 1632 4568 εἰλήφασιν.
1717 4487 1832 4568 (121)
1850 4487 2061 4559 Ταύτης

507 4581 604 4657 μὲν
637 4571 725 4638 οὖν
766 4582 857 4650 τῆς
899 4575 1181 4654 ἀπολογίας
1212 4579 1357 4653 ὑμῶν
1400 4575 1550 4634 ἕνεκα
1587 4573 2059 4656 παραχωρησάτω·

509 4665 682 4748 ἕτερον
718 4666 762 4724 δ’
799 4665 902 4743 ἐγώ
943 4687 1024 4724 σοι
1055 4663 1206 4742 λόγον
1239 4664 1491 4723 ὓποὸαλῶ
1529 4663 1686 4722 καλὸν
1721 4661 1810 4721 καὶ
1841 4661 2059 4734 δίκαιον,

433 4783 483 4822 m
507 4747 551 4836 ᾧ
572 4753 745 4834 χρήσῃ
771 4754 816 4811 εἰ
843 4750 1003 4831 μηδὲν
1031 4749 1247 4830 αἰσχρὸν
1276 4753 1456 4829 σαυτῷ
1485 4749 1750 4808 σύνοισθα.
1777 4751 1828 4808 Τ
1829 4747 2059 4825 όλμησον

509 4841 610 4920 γὰρ
645 4842 716 4907 εἰς
747 4839 863 4906 τοὺς
891 4837 1136 4903 δικαστὰς
1165 4837 1360 4918 βλέψας
1382 4841 1541 4895 εἰπεῖν
1573 4835 1608 4894 ἃ
1633 4835 1884 4916 προσήκει
1913 4835 2060 4912 ἀνδρὶ

511 4927 732 5009 σώφρονι
761 4926 826 4984 τὰ
851 4927 970 5006 περὶ
997 4927 1092 4998 τὴν
1122 4925 1346 4998 ἡλικίαν,
1376 4953 1398 4977 α
1432 4923 1610 5002 ἄνδρες
1651 4922 1936 4992 Ἀθηναῖοι,
1971 4921 2058 4978 τέ-

511 5021 751 5095 θραμμαι
787 5013 879 5089 μὲν
905 5015 964 5071 ἐκ
991 5013 1174 5080 παιδὸς
1212 5013 1303 5071 καὶ
1333 5011 1603 5091 μειρακίου
1629 5013 1754 5087 παρ’
1788 5011 1930 5084 ὑμῖν,
1968 5009 2061 5064 οὐκ

513 5101 721 5182 ἀφανεῖς
749 5100 801 5159 δὲ
833 5100 1094 5181 διατριὸὰς
1115 5098 1389 5181 διατρίὸω,
1415 5100 1530 5155 ἀλλ’
1555 5100 1609 5155 ἐν
1630 5105 1744 5162 ταῖς
1765 5094 2063 5166 ἐκκλησίαις

515 5189 626 5267 μεθ’
656 5191 800 5266 ὑμῶν
820 5191 1044 5267 ὁρῶμαι.
1129 5189 1247 5267 (122)
1278 5179 1448 5264 Οἶμαι
1477 5184 1522 5243 δ’
1547 5177 1630 5249 ἂν,
1657 5187 1700 5242 εἰ
1728 5183 1854 5264 πρὸς
1873 5182 2059 5249 ἄλλους

3402 434 3685 510 (nst-¹³⁶)

2567 633 2958 675 TESTIMomA.
3002 635 3240 675 Pacho.

2196 773 2295 816 116.
2328 767 2496 822 Qualis
2526 767 2666 829 igitur
2696 767 2745 816 in
2780 771 2908 818 cives
2940 769 2989 818 et
3014 769 3241 830 cognatos
3284 781 3401 818 suos
3442 769 3617 830 suerit,
3649 773 3695 818 et
3790 769 3792 800 ³

2130 869 2473 932 patrimonium
2487 883 2636 932 quam
2654 871 2857 934 turpiter
2870 871 3207 934 absumpserit,
3222 874 3272 921 et
3286 873 3343 920 ut
3354 885 3503 921 suum
3523 886 3697 934 corpus

2130 973 2255 1022 allici
2276 973 2460 1035 probris
2482 987 2578 1022 11011
2598 975 2846 1035 recusarit,
2864 974 2913 1023 id
2932 973 3127 1036 quidem
3148 974 3371 1036 scivistis,
3390 975 3530 1036 prius
3546 976 3694 1024 etiam
3792 961 3794 966 ⁸

2130 1091 2277 1140 quam
2297 1091 2384 1140 ego
2406 1078 2631 1128 dixissem
2653 1097 2668 1127 ι
2690 1079 2775 1128 sed
2798 1081 2847 1128 et
2872 1091 2981 1128 mea
2998 1093 3087 1128 vos
3102 1081 3283 1142 oratio,
3309 1083 3551 1142 quantum
3580 1081 3699 1130 satis
3794 1111 3796 1148 g

2132 1183 2223 1242 est,
2239 1182 2618 1230 commonefecit.
2636 1181 2837 1244 Reliqua
2850 1195 2992 1244 porro
3008 1181 3123 1230 mihi
3140 1181 3239 1230 duo
3250 1187 3364 1232 sunt
3376 1184 3699 1232 accusationis

2132 1297 2306 1345 genera
2327 1303 2341 1332 z
2359 1282 2420 1334 de
2438 1283 2611 1345 quibus
2625 1287 2679 1333 ut
2695 1288 2744 1332 et
2766 1297 2853 1346 ego
2874 1285 2938 1334 ita
2956 1283 3115 1334 dicere
3132 1297 3307 1346 queam
3321 1297 3413 1347 pro
3426 1284 3695 1347 republica,
3796 1299 3798 1336 ÷

2136 1388 2191 1435 ut
2208 1384 2419 1447 institui,
2437 1386 2553 1434 deos
2568 1386 2863 1436 immortales
2878 1399 3072 1448 precor3
3098 1388 3150 1435 et
3164 1400 3253 1436 vos
3270 1399 3328 1436 ea
3346 1401 3459 1449 quae
3477 1387 3701 1436 dicturus

2134 1503 2243 1540 sum
2258 1527 2273 1552 ,
2295 1493 2479 1540 attente
2501 1491 2647 1552 atque
2674 1490 2992 1552 intelligenter
3008 1489 3175 1539 audire
3192 1490 3383 1540 vellem.
3410 1493 3547 1553 (117)
3566 1496 3697 1540 con-
3798 1477 3800 1502 ³

2136 1594 2255 1642 tinet
2272 1596 2433 1642 autem
2460 1593 2591 1654 prior
2610 1592 2839 1642 orationis
2870 1605 2992 1642 meoe
3010 1606 3121 1654 pars
3155 1593 3587 1655 praemi-ationem
3615 1596 3700 1646 de-

2138 1696 2387 1758 tensionis,
2406 1708 2551 1758 quam
2580 1695 2853 1744 institutum
2884 1695 2940 1744 iri
2960 1695 3105 1744 audio
3138 1707 3233 1745 :ue
3254 1709 3309 1745 ea
3338 1699 3667 1758 praetermissa
3685 1735 3699 1759 ‚

2138 1802 2177 1850 is
2202 1800 2285 1862 qui
2305 1814 2357 1850 se
2374 1801 2559 1850 dicendi
2583 1803 2735 1850 artem
2760 1800 3085 1850 adolescentes
3112 1801 3399 1850 edoctorum
3424 1804 3699 1866 pollicetur,
3802 1801 3804 1828 ¹

2137 1906 2305 1955 fraude
2328 1907 2487 1968 aliqua
2506 1906 2679 1968 injecta
2694 1943 2709 1965 ,
2730 1905 2779 1955 id
2802 1906 2939 1956 vobis
2955 1907 3123 1968 eripiat
3144 1906 3275 1968 quod
3293 1909 3367 1956 est
3384 1919 3413 1956 e
3432 1909 3700 1970 republica.

2138 2010 2301 2059 Altera
2320 2022 2433 2058 vero
2446 2021 2555 2071 pars
2572 2009 2801 2058 orationis
2814 2009 3024 2058 continet
3042 2009 3423 2059 cohortationem
3438 2010 3627 2060 civium
3644 2013 3704 2061 ad
3804 1995 3806 2006 ¹

2138 2112 2385 2162 virtutem.
2451 2111 2627 2161 Multos
2644 2112 2771 2160 enim
2792 2113 2841 2160 et
2856 2111 3181 2160 adolescentes
3204 2115 3253 2162 et
3270 2124 3409 2160 senes
3435 2115 3601 2163 astare
3630 2117 3704 2176 ju·

2139 2211 2264 2261 dicio
2280 2210 2417 2259 video
2434 2226 2449 2271 ;
2466 2223 2620 2272 neque
2636 2221 2814 2272 paucos
2831 2209 2976 2258 etiam
2990 2223 3017 2258 e
3032 2211 3215 2272 reliqua
3226 2209 3416 2259 Graecia
3431 2211 3495 2259 ad
3510 2213 3705 2263 audien-

2139 2311 2257 2360 dum
2281 2311 2579 2360 convenisse:
2611 2311 2651 2372 (Ι
2668 2313 2741 2372 18)
2764 2325 2886 2373 quos
2903 2311 3065 2362 adesse
3082 2325 3179 2360 non
3202 2312 3321 2373 mei,
3340 2313 3425 2362 sed
3453 2315 3603 2363 voetri
3624 2328 3706 2376 po-

2140 2413 2235 2462 tius
2252 2413 2491 2475 spectandi
2511 2424 2655 2462 causa
2667 2447 2682 2474 ,
2706 2415 2874 2472 putere
2892 2411 3073 2461 debetis
3095 2431 3107 2462 z
3128 2415 3183 2461 ut
3201 2413 3501 2474 intelligant,
3526 2427 3591 2462 an
3610 2429 3707 2462 non

2140 2513 2285 2562 modo
2312 2512 2461 2562 bonas
2479 2513 2601 2574 leges
2618 2513 2800 2562 sancire
2818 2511 3002 2574 sciatis,
3030 2513 3115 2562 sed
3139 2513 3283 2562 etiam
3298 2550 3313 2574 ,
3334 2527 3446 2576 quae
3466 2515 3673 2564 honesta
3689 2551 3704 2575 ,

2141 2626 2251 2677 quae
2272 2613 2521 2662 inhonesta
2539 2612 2635 2662 sint
2646 2648 2662 2674 ,
2682 2611 2773 2662 rite
2793 2611 3055 2674 dijudicare
3078 2613 3265 2674 queatis
3282 2629 3295 2672 ;
3314 2617 3365 2663 et
3386 2626 3449 2662 au
3468 2613 3707 2664 bonorem

2140 2714 2319 2764 habere
2334 2713 2495 2764 sciatis
2516 2713 2634 2762 viris
2656 2713 2793 2763 bonis
2806 2729 2823 2774 ;
2850 2715 2899 2762 et
2926 2727 2989 2762 an
3015 2713 3173 2762 velitis
3196 2727 3279 2763 eos
3300 2717 3500 2777 punire,
3532 2717 3617 2779 qui
3639 2719 3711 2767 sic

2142 2817 2291 2867 vitam
2313 2815 2651 2876 instituerunt,
2676 2818 2732 2864 ut
2748 2829 2805 2864 ee
2825 2816 2874 2863 in
2898 2815 3171 2877 reipublicae
3188 2815 3501 2878 ignominiam
3534 2817 3710 2868 10111111·

2142 2921 2293 2970 daret.
2316 2919 2487 2970 Dicam
2509 2921 2671 2968 antem
2696 2918 2903 2980 primum
2924 2916 3050 2980 apud
3070 2929 3157 2968 vos
3173 2917 3235 2968 de
3250 2917 3548 2968 defensione.

2209 3025 2316 3072 119.
2348 3023 2473 3071 Nam
2498 3019 2785 3082 eloquentiae
2812 3019 2961 3082 copiis
2989 3019 3191 3070 affluens
3216 3023 3571 3074 Demosthenes
3600 3027 3673 3074 ait
3692 3063 3709 3088 ‚

2143 3122 2280 3174 vobis
2300 3125 2387 3173 aut
2406 3119 2632 3172 delendas
2647 3135 2749 3172 esse
2772 3123 2897 3185 leges
2911 3158 2927 3184 ,
2944 3127 3031 3172 sut
3058 3137 3155 3174 non
3172 3123 3384 3175 &ndum
3414 3139 3520 3178 esse
3544 3129 3711 3179 locum

2146 3224 2351 3276 orationi
2372 3237 2512 3273 meoe:
2574 3223 2849 3273 Admiratur
2870 3223 2999 3273 enim
3016 3259 3031 3285 ,
3056 3224 3095 3274 si
3120 3237 3207 3275 vos
3226 3238 3393 3277 omnes
3408 3240 3509 3277 non
3536 3231 3714 3280 11101111-

2146 3325 2313 3376 neritis
2326 3359 2341 3385 ,
2358 3327 2577 3374 senatum
2594 3323 2852 3387 quotannis
2876 3323 3083 3374 vendere
3106 3325 3307 3387 vectigal
3336 3328 3673 3378 meretricium
3698 3351 3709 3379 :

2146 3427 2345 3490 eiusque
2376 3423 2619 3486 vectigalis
2649 3423 2972 3486 redemptores
2996 3437 3094 3474 non
3120 3424 3417 3489 conjectare,
3441 3428 3531 3478 sed
3566 3443 3713 3480 com-

2146 3533 2337 3594 pertum
2354 3529 2531 3580 babere
2546 3566 2561 3591 ,
2582 3529 2665 3591 qui
2686 3529 2861 3578 iaciant
2874 3543 2985 3579 eum
3016 3533 3272 3593 quaestum.
3338 3535 3601 3596 Postquam
3622 3535 3713 3598 igi-

2147 3636 2227 3685 tur
2244 3645 2331 3695 ego
2347 3643 2491 3681 ausus
2520 3632 2611 3681 sim
2638 3630 2698 3680 ad
2728 3633 2987 3693 praetorem
3014 3633 3189 3682 reterre
3202 3669 3217 3696 ,
3237 3633 3491 3684 Timarcho
3520 3648 3627 3685 11011
3656 3639 3715 3687 Ιί-

2148 3752 2257 3790 cere
2292 3737 2545 3787 conciones
2580 3735 2781 3797 babere,
2822 3737 2879 3784 ut
2912 3735 2997 3796 qul
3030 3733 3309 3796 pudicitiam
3346 3737 3654 3798 prostituerit
3700 3759 3715 3789 ς

2150 3838 2390 3904 postulare
2410 3838 2505 3888 1100
2526 3841 2767 3900 negotium
2788 3850 2885 3886 non
2903 3839 3085 3886 crimen
3108 3839 3403 3888 accusatoris
3420 3874 3435 3901 ,
3468 3841 3555 3890 sed
3578 3844 3716 3892 testi·

2150 3936 2365 3985 monium
2384 3933 2695 3998 redemptoris
2710 3969 2726 3995 ,
2743 3933 2827 3996 qui
2848 3933 3047 3995 vectigal
3068 3933 3196 3984 istud
3221 3946 3252 3982 a
3280 3935 3539 3986 Timarcho
3558 3939 3717 3988 colle·

2148 4031 2285 4096 gerit.
2352 4032 2482 4094 (120)
2512 4035 2613 4094 Ego
2632 4043 2747 4080 vero
2763 4066 2779 4092 ,
2813 4030 3151 4092 Athenienses,
3186 4029 3513 4093 considerate,
3550 4045 3617 4082 an
3653 4036 3719 4084 ad

2150 4128 2257 4176 brec
2284 4126 2559 4189 simpliciter
2586 4125 2937 4188 liberaliterque
2963 4131 3055 4174 slm
3090 4139 3421 4190 responsurus.
3486 4131 3609 4178 Nam
3634 4143 3719 4178 me

2150 4220 2358 4270 civitatis
2378 4219 2603 4282 pudebit,
2630 4221 2671 4269 si
2700 4220 2983 4272 Timarchus
2996 4257 3011 4280 ,
3030 4221 3113 4282 qui
3138 4221 3316 4283 populo
3334 4221 3399 4272 sit
3418 4236 3448 4270 a
3466 4222 3685 4272 consiliis
3700 4262 3715 4284 ,

2152 4317 2233 4380 qui
2257 4315 2515 4379 legationes
2532 4315 2581 4364 111
2600 4315 2787 4366 Groecis
2803 4315 2937 4365 obire
2962 4315 3169 4378 audeat,
3192 4329 3289 4366 non
3310 4319 3465 4367 totam
3486 4331 3591 4368 rem
3610 4333 3643 4369 a
3662 4335 3717 4370 se

2150 4426 2376 4464 amovere
2400 4412 2663 4473 studuerit,
2693 4411 2777 4462 sed
2807 4411 2868 4463 de
2890 4412 3007 4462 locis
3036 4414 3363 4476 interrogarit,
3382 4415 3467 4465 ubi
3496 4415 3715 4478 sederit,

2150 4513 2200 4562 et
2227 4509 2502 4575 publicanos
2518 4545 2534 4571 ,
2554 4522 2616 4558 an
2646 4522 2699 4558 se
2724 4522 2937 4571 unquam
2962 4510 3285 4560 meretricium
3307 4511 3510 4574 vectigal
3540 4525 3717 4575 exege-

2100 4603 2110 4708 Ι
2151 4607 2265 4658 rint.
2330 4607 2461 4670 (121)
2481 4609 2581 4656 Hac
2598 4605 2742 4668 igitur
2756 4605 3028 4656 defensione
3046 4608 3203 4655 vestra
3220 4619 3365 4655 causa
3382 4605 3541 4657 cedat.
3606 4611 3717 4670 Ego

2152 4719 2267 4756 vero
2287 4705 2431 4754 aliam
2457 4704 2689 4753 rationem
2716 4701 2806 4752 tibi
2832 4714 3105 4764 suggeram,
3130 4703 3377 4751 honestam
3404 4704 3455 4752 et
3474 4715 3685 4765 mquam
3700 4743 3717 4762 ,

2149 4813 2245 4864 qua
2264 4799 2415 4849 utaris
2429 4835 2443 4859 ‚
2474 4799 2513 4849 si
2526 4798 2705 4848 nullius
2722 4797 2807 4848 tibi
2824 4797 3135 4860 turpitudinis
3148 4809 3199 4846 es
3212 4798 3447 4858 conscius.
3518 4799 3717 4849 Audeto

2148 4897 2331 4959 judices
2349 4897 2540 4946 intuens
2570 4907 2628 4945 ea
2646 4895 2805 4944 dicere
2822 4933 2835 4956 ,
2858 4907 2971 4958 quae
2996 4893 3198 4944 dicenda
3223 4893 3336 4944 sunt
3366 4895 3473 4944 viro
3490 4896 3717 4946 modeste

2150 4995 2305 5045 aetatis
2317 4993 2431 5043 tiore
2446 5007 2532 5042 uso
2553 5013 2566 5042 ι
2590 5013 2611 5034 -τ
2626 4993 2947 5053 Athenienses,
2958 5005 3045 5054 ego
3062 5005 3089 5040 a
3104 4991 3309 5054 pueritia
3323 4995 3373 5041 01
3386 4991 3717 5042 adolescentia

2150 5105 2257 5142 sum
2278 5089 2407 5154 apud
2432 5103 2519 5140 vos
2540 5089 2771 5140 educatus
2794 5109 2806 5138 :
2833 5102 2985 5151 neque
3004 5101 3117 5138 vero
3136 5087 3304 5137 studiis
3324 5087 3547 5138 obscuris
3562 5103 3715 5139 occu-

2153 5203 2260 5255 por,
2279 5188 2360 5239 sed
2388 5189 2635 5238 vobiscum
2654 5186 2917 5250 conspicior
2944 5186 2993 5236 in
3022 5185 3343 5234 concionibus,
3414 5187 3547 5250 (122)
3572 5189 3715 5238 Arbi-
