3825 5834
522 468 637 516 200

517 598 685 671 τάξεις
717 598 1044 681 ἐξευρηκέναι
1078 598 1393 675 πολεμικὰς,
1434 597 1755 678 γράμματα,
1798 600 2076 679 ἀριθμοὺς,

518 690 713 771 μέτρα,
744 686 1031 765 σταθμοὺς,
1062 686 1279 756 πεττοὺς
1297 732 1315 763 ,
1344 686 1532 754 κύὸους
1551 733 1568 765 ,
1610 688 1893 765 μουσικὴν,
1926 690 2084 767 νόμι-

518 802 660 853 σμα,
707 776 955 858 πυρσούς.
1052 777 1161 837 Καὶ
1206 775 1324 836 οὐδὲ
1372 774 1679 857 αἰσχύνεται
1726 774 1851 836 ὅταν
1889 777 2082 837 αὐτίκα

439 887 492 927 2ο
517 867 799 946 ἐλέγχηται
814 868 1045 948 φανερῶς
1066 867 1117 923 ἐν
1137 868 1259 941 ὑμῖν
1284 864 1619 947 ψευδόμενος.
1640 863 1860 944 Νέστωρ
1875 864 1978 943 γὰρ
1998 865 2082 925 ὅδε

516 954 869 1036 πρεσὸύτερος
906 956 1056 1030 ἡμῶν
1086 953 1368 1027 ἁπάντων,
1398 952 1489 1012 καὶ
1526 952 1679 1019 αὐτὸς
1717 954 1769 1011 ἐν
1797 961 1903 1019 τοῖς
1947 954 2082 1013 Πει-

519 1046 661 1124 ρίθου
686 1041 876 1121 γάμοις
907 1041 1041 1119 μετὰ
1076 1046 1327 1103 Λαπιθῶν
1358 1040 1663 1122 ἐμαχέσατο
1690 1039 2005 1119 Κενταύροις
2033 1042 2086 1099 ἐν

518 1134 751 1222 φάλαγγι
790 1130 881 1190 καὶ
909 1132 962 1188 ἐν
998 1130 1169 1199 τάξει·
1209 1130 1506 1197 Μενεσθεὺς
1535 1128 1591 1188 δὲ
1632 1133 1839 1210 πρῶτος
1872 1129 2085 1206 λέγεται

517 1225 785 1300 κοσμῆσαι
822 1216 988 1288 τάξεις
1016 1218 1106 1277 καὶ
1135 1218 1321 1297 λόχους
1360 1216 1451 1276 καὶ
1480 1217 1757 1297 φάλαγγας
1791 1222 2082 1290 συστῆσαι,

517 1310 674 1381 ἡνίκα
711 1306 993 1381 Εὔμολπος
1034 1310 1063 1364 δ
1106 1308 1429 1372 Ποσειδῶνος
1459 1308 1543 1363 ἐπ’
1576 1305 1872 1375 Ἀθηναίους
1900 1305 2084 1386 ἐστρά-

515 1420 666 1457 τευσε
704 1401 925 1479 Θρᾷκας
963 1395 1105 1472 ἄγων
1126 1440 1141 1470 ,
1181 1392 1309 1453 ὥστ’
1342 1395 1399 1453 οὗ
1446 1392 1807 1471 Παλαμήδους
1851 1394 1911 1453 τὸ
1951 1394 2088 1461 ἐξεύ·

438 1520 488 1558 2³
519 1486 665 1565 ρημά
702 1487 874 1559 ἔστιν,
901 1486 1017 1541 ἀλλ’
1066 1482 1240 1541 ἄλλων
1284 1482 1556 1563 πρότερον.
1642 1482 1946 1561 Γράμματα
1995 1483 2086 1559 μὲν

519 1574 582 1644 δὴ
614 1576 817 1654 πρῶτος
841 1570 1066 1653 Ὀρφεὺς
1111 1569 1384 1647 ἐξήνεγκε,
1418 1568 1567 1649 παρὰ
1606 1570 1837 1630 Μουσῶν
1867 1570 2048 1646 μαθὼν
2069 1616 2084 1644 ,

518 1664 586 1728 ὡς
613 1660 705 1719 καὶ
731 1658 819 1718 ἐπὶ
844 1663 919 1741 τῷ
941 1658 1177 1737 μνήματι
1206 1661 1364 1718 αὐτοῦ
1400 1658 1549 1730 δηλοῖ
1577 1656 1645 1715 τὰ
1674 1656 2084 1739 ἐπιγράμματα,

653 1800 892 1853 Μουσάων
911 1800 1145 1863 πρόπολον
1166 1799 1268 1864 τῇδ’
1291 1801 1463 1863 Ὀρφέα
1480 1802 1657 1863 Θρῇκες
1673 1799 1843 1856 ἔθηκαν
1856 1834 1871 1859 ,

705 1874 757 1921 ὃν
776 1872 942 1921 κτάνεν
961 1873 1202 1935 ὑψιμέδων
1224 1871 1335 1926 Ζεὺς
1352 1870 1568 1933 ψολόεντι
1591 1871 1715 1931 βελει
1730 1904 1744 1928 ,

440 1963 493 2002 30
644 1943 854 2007 Οἰάγρου
872 1943 1003 2003 φίλον
1030 1944 1131 1992 υίὸν
1151 1977 1166 2002 ,
1190 1942 1240 1998 ὃς
1264 1942 1475 2005 Ἢρακλῆ
1496 1940 1747 1997 ἐξεδίδαξεν
1760 1974 1776 1999 ,

706 2015 855 2079 εὑρὼν
878 2014 1137 2077 ἀνθρώποις
1155 2012 1408 2076 γράμματα
1431 2013 1513 2061 καὶ
1534 2011 1721 2075 σοφίην.

518 2139 795 2210 Μουσικὴν
826 2136 883 2197 δὲ
913 2136 1066 2205 Λίνος
1085 2141 1113 2196 ὃ
1134 2136 1471 2209 Καλλιόπης,
1494 2134 1550 2194 ὃν
1570 2134 1639 2196 Ἤ
1648 2136 1842 2213 ρακλῆς
1862 2132 2090 2214 φονεύει,

524 2227 774 2309 ἀριθμούς
806 2250 867 2305 γε
897 2225 1002 2303 μὴν
1040 2226 1312 2292 Μουσαῖος
1334 2228 1364 2283 ὁ
1390 2228 1493 2282 τῶν
1526 2224 1903 2300 Εὐμολπιδῶν,
1933 2222 2090 2295 Ἀθη-

520 2322 695 2395 ναῒος,
718 2320 790 2382 ὣς
811 2315 902 2374 καὶ
930 2313 999 2373 τὰ
1022 2313 1296 2393 ποιήματα
1324 2315 1485 2372 αὐτοῦ
1513 2313 1694 2385 δηλοῖ,

643 2458 795 2521 ὄρθιον
818 2456 1029 2519 ἐξαμερὶς
1046 2454 1246 2518 τετόρων
1264 2456 1345 2503 καὶ
1370 2452 1521 2504 εἰκοσι
1547 2454 1739 2517 μέτρων.
1764 2478 1823 2489 -

645 2533 709 2585 ὡς
734 2528 933 2585 δεκάτην
957 2528 1116 2591 γενεὴν
1140 2526 1308 2576 ἑκατὸν
1334 2524 1561 2589 βιοτεύειν
1584 2524 1769 2588 ἄνδρας.

442 2690 497 2731 aa
527 2667 856 2745 Νομίσματα
892 2664 947 2724 δὲ
987 2667 1047 2724 οὗ
1086 2663 1330 2732 Φοίνικες
1375 2664 1606 2743 ἐξεῦρον,
1646 2662 1960 2742 λογιώτατοι
2004 2661 2093 2720 καὶ

526 2754 808 2815 δεινότατοι
832 2752 975 2821 ὄντες
997 2757 1101 2812 τῶν
1124 2751 1443 2833 βαρὸάρωνς
1468 2752 1519 2820 ἐξ
1542 2750 1833 2831 ὁλοσφύρου
1858 2748 1962 2829 γὰρ
1981 2748 2092 2807 ἴσον

528 2842 786 2925 μερισμὸν
830 2841 1111 2913 διείλοντο,
1142 2838 1341 2921 πρῶτοί
1368 2862 1425 2898 τε
1448 2844 1767 2921 χαρακτῆρα
1804 2837 1996 2897 ἔὸαλον
2026 2840 2095 2903 εἷς

525 2934 613 2993 τὸν
640 2929 871 3007 σταθμὸν
888 2930 949 2987 τὸ
968 2928 1127 2988 πλέον
1156 2928 1247 2988 καὶ
1274 2928 1332 2987 τὸ
1362 2928 1599 2991 ἔλαττον.
1690 2930 1829 3009 Παρ’
1852 2917 1925 2985 ὧν
1951 2917 2094 2991 οὗτος

526 3020 657 3081 ἑλὼν
678 3018 945 3101 σοφίζεται
976 3018 1065 3077 τὸν
1092 3015 1308 3098 ῥυθμόν.
1347 3015 1525 3077 Ὥστε
1548 3020 1703 3076 αὐτοῦ
1727 3022 1898 3075 ταῦτα
1916 3014 2092 3074 πάντα

527 3109 859 3193 πρεσὸύτερα
894 3108 1161 3190 φαίνεται,
1186 3098 1261 3165 ὧν
1301 3098 1446 3173 οὗτος
1476 3109 1841 3185 προσποιεῖται
1880 3102 2095 3185 εὑρετὴς

528 3192 679 3261 εἶναι.
764 3195 953 3277 Μέτρα
998 3194 1053 3254 δὲ
1090 3195 1181 3255 καὶ
1219 3194 1428 3274 σταθμὰ
1458 3194 1665 3274 ἐξεῦρε,
1694 3194 1955 3265 καπήλοις
2000 3191 2092 3250 καὶ

446 3320 500 3359 40
528 3286 793 3367 ἀγοραίοις
817 3282 1107 3365 ἀνθρώποις
1156 3283 1363 3351 ἀπάτας
1410 3284 1501 3342 καὶ
1528 3283 1795 3365 ἐπιορκίας
1817 3328 1833 3355 ,
1874 3279 2094 3346 πεττούς

527 3400 587 3451 γε
619 3374 724 3452 μὴν
756 3378 864 3442 τοῖς
904 3375 1079 3453 ἀργοῖς
1108 3376 1213 3431 τῶν
1246 3374 1450 3453 ἀνδρῶν
1488 3370 1659 3452 ἐριδας
1687 3369 1779 3430 καὶ
1808 3370 2092 3451 λοιδορίας.

530 3466 643 3529 Καὶ
666 3460 859 3530 κύὸους
884 3455 951 3521 αὗ
975 3463 1219 3542 μέγιστον
1243 3459 1404 3520 κακὸν
1426 3458 1717 3531 κατέδειξε,
1742 3466 1848 3526 τοῖς
1880 3456 1976 3536 μὲν
2001 3463 2093 3530 ἡτ-

528 3555 731 3626 τηθεῖσι
760 3550 933 3618 λύπας
960 3549 1051 3609 καὶ
1080 3549 1273 3627 ζημίας
1294 3594 1311 3627 ,
1341 3552 1448 3618 τοῖς
1481 3548 1537 3608 δὲ
1578 3546 1876 3621 νενικηκόσι
1924 3570 2092 3606 κατα-

529 3644 736 3727 γέλωτα
756 3639 847 3701 καὶ
875 3638 1093 3707 ὄνειδος·
1113 3638 1182 3699 τὰ
1210 3638 1311 3717 γὰρ
1350 3637 1457 3697 ἀπὸ
1487 3640 1591 3696 τῶν
1622 3634 1799 3695 κύὸων
1839 3637 2096 3713 γενόμενα

532 3732 757 3803 ἀνόνητα
782 3728 981 3809 γίνεται
997 3772 1014 3801 ,
1040 3725 1107 3786 τὰ
1138 3726 1193 3785 δὲ
1216 3727 1441 3785 πλεῖστα
1461 3726 1906 3786 καταναλίσκεται
1925 3748 2099 3804 παρα·

462 3822 741 3904 δὶῑχρῆμα.
832 3812 1069 3895 Πυρσοὺς
1090 3805 1157 3873 αὗ
1172 3814 1477 3895 ἐσοφίσατο,
1502 3814 1621 3872 ἀλλ’
1649 3814 1738 3873 ἐπὶ
1760 3816 1837 3893 τῷ
1856 3811 2098 3892 ἡμετέρῳ

535 3912 682 3986 κακῷ
698 3952 715 3975 ,
740 3905 774 3964 ἃ
800 3907 1045 3963 διενοεῖτο
1073 3912 1239 3962 ποιεῖν
1258 3947 1274 3980 ,
1300 3903 1543 3983 χρήσιμα
1581 3902 1636 3961 δὲ
1664 3903 1769 3969 τοῖς
1804 3901 2093 3978 πολεμίοις.

540 3991 726 4074 Ἀρετὴ
755 3992 813 4052 δέ
844 3995 985 4053 ἐστιν
1007 3991 1187 4072 ἀνδρὸς
1222 4000 1329 4058 τοῖς
1361 3991 1588 4067 ἡγεμόσι
1622 3990 1897 4072 προσέχειν
1925 3990 2016 4048 καὶ
2038 3989 2098 4047 τὸ

534 4081 993 4163 προσταττόμενον
1016 4090 1185 4139 ποιεῖν
1218 4080 1306 4139 καὶ
1334 4084 1411 4161 τῷ
1432 4078 1618 4150 πλήθει
1648 4078 1886 4157 ἀρέσκειν
1918 4077 2097 4147 παντί,

535 4170 693 4230 αύτόν
721 4193 779 4228 τε
801 4166 1055 4250 παρέχειν
1098 4166 1259 4247 ἄνδρα
1305 4172 1579 4246 πανταχοῦ
1624 4166 1845 4245 ἀγαθόν,
1876 4164 1996 4231 τούς
2043 4188 2097 4223 τε

536 4257 713 4339 φίλους
767 4246 825 4316 εὖ
855 4261 1106 4314 ποιοῦντα
1154 4256 1244 4313 καὶ
1294 4252 1409 4321 τοὺς
1453 4250 1665 4332 ἐχθροὺς
1712 4256 1905 4320 κακῶς.
1989 4240 2098 4311 ἙρΩν

478 4382 503 4421 5
541 4344 795 4404 τάναντία
841 4342 1052 4401 πάντων
1090 4333 1235 4410 οὗτος
1265 4341 1573 4412 ἐπίσταται,
1604 4340 1720 4407 τοὺς
1759 4340 1853 4417 μὲν
1884 4338 2102 4421 ἐχθροὺς

540 4437 795 4515 ὠφελεῖν,
818 4430 936 4498 τοὺς
956 4431 1011 4491 δὲ
1040 4431 1216 4510 φίλους
1245 4434 1423 4497 κακῶς
1446 4433 1635 4490 ποιεῖν.

617 4544 659 4583 c.
705 4521 853 4591 Ἀξιῶ
875 4523 921 4580 δ’
948 4524 1083 4597 ὑμᾶς
1114 4518 1277 4598 ἔγωγε
1314 4522 1461 4597 κοινῇ
1491 4514 1847 4597 σκεψαμένους
1884 4514 2094 4595 βουλεύ-

540 4620 733 4674 σασθαι
776 4610 893 4691 περὶ
929 4614 1087 4669 αὐτοῦ
1118 4607 1210 4667 καὶ
1248 4607 1323 4684 μὴ
1368 4606 1573 4686 ἀφεῖναι
1613 4606 1767 4665 αὐτὸν
1806 4604 2104 4685 ὑποχείριον

539 4700 822 4765 λαὸόντας.
912 4700 981 4759 Ei
1010 4696 1063 4755 δὲ
1089 4694 1501 4766 κατελεήσαντες
1533 4693 1689 4752 αὐτὸν
1712 4692 1799 4751 διὰ
1822 4693 1919 4762 τὴν
1939 4690 2105 4751 δεινό·

542 4814 677 4863 τητα
700 4793 803 4849 τῶν
828 4786 997 4867 λόγων
1024 4787 1279 4865 ἀφήσετε,
1308 4782 1587 4857 θαυμαστὴ
1608 4782 1912 4862 παρανομία
1941 4779 2108 4859 γενή-

544 4900 693 4937 σεται
726 4879 778 4935 ἐν
806 4876 884 4955 τῷ
929 4872 1308 4955 στρατεύματι·
1351 4868 1499 4936 εἰδὼς
1548 4868 1649 4949 γὰρ
1680 4872 1849 4927 αὐτῶν
1888 4868 2107 4934 ἕκαστος

546 4966 626 5023 ὅτι
653 4961 985 5039 Παλαμήδης
1013 4964 1308 5041 περιφανῶς
1335 4963 1563 5018 τοσαῦτα
1594 4956 1919 5037 ἡμαρτηκὼς
1961 4958 2105 5015 οὐδε-

470 5081 522 5121 1⁰
550 5051 675 5128 μίαν
716 5052 867 5122 δίκην
930 5048 1111 5122 ἔδωκε,
1157 5048 1249 5107 καὶ
1302 5046 1449 5106 αὐτοὶ
1498 5045 1837 5126 πειράσονται
1885 5046 2104 5105 ἀδικεῖν.

542 5138 716 5201 Ὥστε
756 5138 847 5199 ἐὰν
900 5142 1019 5197 νοῦν
1068 5138 1253 5216 ἔχητε,
1294 5140 1567 5217 ψηφιεῖσθε
1601 5138 1671 5192 τὰ
1716 5134 1942 5214 βέλτισθ’
1986 5136 2107 5209 ὑμῖν

550 5230 746 5300 αὓτοῖς,
770 5226 860 5285 καὶ
886 5230 989 5285 τῶν
1011 5228 1209 5285 λοιπῶν
1234 5225 1441 5285 οὕνεκεν
1468 5222 1805 5304 παράδειγμα
1830 5221 2110 5297 ποιήσεσθε

549 5322 731 5377 τοῦτον
759 5312 1206 5398 τιμωρησάμενοι.

1593 466 2105 528 ΑΛΚΙΔΑΜΑΝΤ
2106 467 2209 526 ΟΣ
2249 468 2667 529 ΟΔΥΣΣΕΥΣ.

3465 466 3710 549 (τι-τι.)

2171 610 2402 661 militares
2418 608 2572 670 acies,
2597 609 2758 659 literas
2771 644 2786 669 ,
2807 620 3034 658 numeros
3050 645 3066 671 ,
3089 621 3356 665 mensuras,
3369 592 3612 671 pondera,
3627 608 3712 657 cal-

2170 708 2333 769 culos,
2358 706 2509 757 cubos
2525 744 2538 769 ,
2561 706 2826 769 musicam,
2843 708 3087 756 monetam
3115 706 3338 769 facesque
3373 706 3620 768 reperisse3
3641 718 3714 755 nec

2171 816 2310 867 elim,
2327 803 2448 853 dum
2473 816 2502 854 e
2521 803 2724 866 vestigio
2737 800 2976 853 mendacii
2993 814 3160 853 coram
3183 802 3320 851 vohis
3337 801 3510 863 prolati
3538 802 3714 850 convin-

2172 902 2318 963 citur,
2351 900 2517 965 pudet.
2581 900 2772 951 Etenim
2803 900 3003 960 Nestor,
3035 898 3232 961 quinos
3261 910 3434 947 omnes
3476 900 3613 947 aetate
3645 910 3716 947 su-

2173 996 2342 1059 perat,
2375 994 2424 1045 in
2443 994 2644 1045 Pirithoi
2661 996 2846 1059 nuptiis
2867 996 2969 1059 ipse
2993 1007 3190 1058 quoque
3223 993 3462 1057 phalange
3479 996 3528 1043 et
3544 993 3638 1042 acie
3655 994 3714 1043 in·

2174 1092 2360 1141 stmcta
2397 1102 2511 1139 cum
2551 1091 2764 1155 Lapithis
2799 1094 2970 1143 contra
3005 1092 3276 1143 centauros
3315 1091 3605 1155 depugnavit
3633 1106 3646 1139 ι
3671 1103 3716 1139 ac

2175 1186 2481 1236 Menestheus
2499 1186 2678 1238 dicitur
2701 1188 2887 1251 primus
2917 1188 3072 1239 aciem
3089 1188 3418 1251 composuisse
3431 1223 3447 1249 ,
3465 1188 3716 1248 turmasque

2176 1285 2226 1333 et
2245 1284 2505 1347 phalanges
2527 1284 2808 1347 instituisse,
2847 1286 3040 1348 quando
3077 1286 3290 1348 Neptuni
3322 1284 3454 1334 tilius
3483 1283 3716 1345 Eumolpus

2177 1378 2488 1429 Athenienses
2509 1392 2623 1429 cum
2645 1380 2912 1430 Thracibus
2933 1379 3270 1439 adoriebatur3
3289 1379 3517 1442 quocirca
3533 1392 3622 1427 non
3641 1382 3715 1427 l‘a·

2176 1473 2375 1524 lamedis
2392 1474 2515 1539 hoc,
2540 1476 2626 1526 sed
2645 1477 2853 1526 aliorum
2889 1478 3222 1541 antiquiorum
3244 1479 3316 1527 est
3347 1477 3612 1527 inventum.
3669 1476 3717 1524 At

2175 1574 2337 1625 literas
2358 1575 2538 1638 primus
2556 1576 2778 1639 Orpheus
2796 1590 2854 1627 ex
2875 1578 3127 1627 Musamm
3149 1576 3278 1627 dono
3297 1577 3532 1640 protulit,
3569 1589 3714 1638 quem·

2177 1672 2439 1723 admodum
2457 1674 2602 1723 etiam
2623 1674 2672 1725 in
2692 1674 2820 1724 illius
2837 1675 3057 1736 sepulcro
3076 1674 3230 1737 posita
3247 1675 3491 1724 testantur
3511 1674 3713 1731 carmina,

2291 1804 2520 1849 Musarum
2535 1804 2612 1850 hic
2630 1802 2848 1849 ramulum
2871 1809 3122 1861 posuerunt
3139 1804 3318 1861 Orphea
3347 1804 3562 1856 Thraces.

2341 1886 2474 1939 Ignea
2509 1894 2642 1941 quem
2663 1887 2872 1941 poteraut
2893 1885 3084 1941 perdere
3105 1884 3195 1929 tela
3215 1885 3370 1939 Jovis,

2285 1962 2435 2018 ahgi-i
2454 1974 2603 2008 caram
2623 1963 2821 2019 prolem,
2851 1962 3112 2019 Alcidaeque
3141 1964 3440 2018 nagistrum,

2343 2045 2495 2087 Litera
2518 2044 2594 2088 cui
2622 2042 2853 2099 qnondam
2881 2043 3024 2089 multa
3043 2046 3221 2100 reperta
3248 2041 3354 2089 ruit.

2181 2150 2412 2201 musicam
2439 2164 2556 2201 vero
2595 2152 2778 2213 Linus,
2797 2152 3036 2215 calliopes
3067 2152 3222 2215 iilius,
3246 2165 3398 2215 quem
3427 2151 3597 2202 occidit
3623 2152 3716 2199 iler-

2181 2240 2341 2299 cules‚
2375 2240 2562 2289 invenit
2592 2257 2604 2289 ε
2627 2243 2681 2289 ut
2703 2252 2931 2290 numeros
2957 2242 3171 2290 Musaeus
3199 2240 3506 2291 Atheniensis
3531 2237 3714 2299 Eumolpi

2182 2328 2336 2389 tilius,
2361 2328 2490 2391 quod
2519 2328 2666 2379 etiam
2695 2327 2939 2378 declarant
2955 2328 3062 2391 ejus
3085 2334 3338 2392 poemata,

2288 2464 2494 2512 Rectum,
2511 2460 2760 2516 sextuplex,
2772 2460 3196 2516 'mensurarumqne
3219 2463 3386 2517 quater
3401 2472 3495 2507 sex.
3519 2482 3568 2493 —

2287 2545 2362 2587 Sic
2380 2540 2604 2585 decimam
2625 2545 2801 2585 etatem
2821 2544 3119 2587 centenorum
3139 2552 3234 2586 esse
3252 2542 3478 2588 virorum.

2181 2667 2244 2715 at
2263 2666 2504 2715 monetam
2523 2677 2684 2715 nonne
2708 2670 2986 2729 repererunt
3001 2666 3272 2725 Phoenices,
3285 2680 3444 2730 quum
3459 2668 3606 2715 essent
3622 2664 3719 2713 inter

2184 2771 2412 2821 barbaros
2451 2770 2854 2833 ingeniosissimi?
2892 2774 3014 2822 Nam
3054 2772 3116 2821 de
3154 2770 3307 2821 solido
3351 2772 3509 2835 partes
3540 2768 3720 2819 iecerunt

2182 2873 2391 2937 requales
2406 2910 2420 2935 ‚
2441 2886 2499 2924 ac
2521 2874 2658 2937 primi
2687 2876 2851 2923 notam
2873 2888 2958 2936 pro
2985 2875 3170 2925 ratione
3187 2874 3418 2937 ponderis
3439 2874 3716 2923 incusserunt.

2183 2980 2404 3037 Quorum
2429 2978 2507 3028 hic
2535 2978 2730 3028 inventa
2756 2978 2848 3028 sibi
2881 2978 3063 3028 tribuit.
3129 2981 3240 3035 Quo
3267 2976 3322 3026 lit
3349 2980 3408 3028 ut
3431 2990 3485 3026 ea
3503 3012 3516 3037 ,
3545 2987 3718 3038 quorum

2187 3086 2263 3135 hic
2292 3086 2522 3149 originem
2547 3086 2639 3135 sibi
2671 3086 2876 3147 asserit,
2912 3086 3014 3148 ipso
3038 3084 3308 3147 antiquiora
3333 3082 3719 3148 deprehendantur

2184 3192 2363 3242 omnia.
2430 3194 2678 3242 mensuras
2697 3190 2826 3240 enim
2860 3192 3007 3253 atque
3053 3188 3264 3250 pondera
3301 3188 3566 3239 forensibus
3585 3184 3719 3234 homi·

2187 3300 2328 3349 nihus
2351 3306 2400 3349 et
2417 3299 2715 3349 institoribus
2735 3298 2796 3348 ad
2817 3297 3008 3347 fraudes
3029 3302 3078 3347 et
3097 3296 3300 3360 perjuria
3319 3296 3529 3360 reperit,
3547 3308 3624 3343 nec
3645 3303 3719 3341 non

2185 3409 2352 3459 otiosis
2371 3408 2584 3458 calculos
2605 3406 2667 3457 ad
2695 3406 3052 3457 contentionem
3073 3410 3124 3456 et
3151 3406 3514 3457 contumeliam.
3589 3400 3720 3452 cubos

2187 3530 2380 3581 quoque
2411 3518 2590 3568 malum
2621 3518 2890 3567 maximum
2931 3516 3246 3577 monstravit,
3285 3514 3430 3565 victis
3457 3514 3652 3563 dolorem
3677 3512 3716 3557 et

2189 3629 2421 3679 mulctam
2438 3664 2455 3690 ,
2491 3628 2754 3679 victoribus
2773 3626 3040 3677 irrisionem
3075 3629 3126 3677 et
3163 3627 3370 3690 probum
3403 3640 3418 3675 t
3452 3638 3595 3689 neque
3617 3620 3718 3672 enim

2193 3740 2394 3801 prosunt
2411 3740 2648 3789 cuborum
2681 3740 2846 3800 lucra,
2875 3740 2926 3789 et
2947 3739 3176 3803 pleraque
3213 3738 3468 3789 contestim
3495 3736 3721 3787 absumun-

2193 3851 2292 3900 tur.
2359 3854 2510 3901 Faces
2529 3850 2738 3913 denique
2763 3851 3085 3913 excogitavit,
3129 3850 3213 3901 sed
3249 3851 3428 3914 quibus
3461 3850 3518 3901 ad
3539 3849 3719 3899 nostrum

2189 3960 2423 4009 damnum
2469 3960 2782 4022 hostiumque
2821 3958 3132 4009 commodum
3175 3960 3411 4009 uteretur.
3507 3956 3721 4005 Enimvero

2192 4070 2280 4119 viri
2326 4068 2438 4121 boni
2477 4071 2554 4119 est
2595 4070 2908 4131 imperatores
2931 4070 3208 4131 attendere,
3252 4068 3454 4133 exsequi
3483 4068 3618 4129 jussa,
3641 4062 3718 4124 pla·

2191 4196 2300 4233 cere
2319 4182 2572 4245 omnibus,
2607 4182 2786 4245 ubique
2817 4182 3023 4244 probum
3045 4196 3099 4233 sc
3139 4182 3353 4245 praebere
3373 4187 3422 4233 et
3443 4180 3598 4232 amicis
3623 4176 3718 4226 bene

2191 4298 2241 4344 et
2269 4293 2484 4343 hostibus
2511 4292 2640 4343 male
2661 4292 2910 4353 faciendo‚·
2941 4295 3110 4343 contra
3135 4306 3246 4356 quae
3267 4292 3348 4343 hic
3377 4292 3536 4343 omnia
3555 4289 3665 4347 lacit,
3681 4288 3720 4335 et

2195 4409 2297 4455 tum
2321 4404 2482 4455 hostes
2502 4404 2666 4467 juvat,
2691 4404 2797 4455 tum
2823 4404 2990 4453 amicis
3019 4404 3177 4454 nocet.

2257 4524 2303 4569 6.
2339 4521 2410 4568 Ae
2434 4531 2519 4567 vos
2551 4530 2639 4581 ego
2671 4518 2734 4567 de
2770 4517 2862 4567 hoc
2901 4516 3096 4565 homine
3131 4516 3454 4565 communiter
3498 4512 3721 4563 deliberare

2195 4621 2338 4685 cupio
2353 4655 2369 4683 ‚
2389 4632 2548 4682 neque
2571 4632 2682 4669 eum
2709 4619 2758 4667 in
2779 4622 2988 4668 vestram
3017 4616 3266 4667 redactum
3295 4619 3572 4681 potestatem
3591 4614 3722 4663 dimit-

2198 4722 2311 4771 tere.
2333 4720 2418 4771 Sin
2445 4719 2490 4769 ei
2513 4722 2704 4782 propter
2723 4718 2912 4768 dicendi
2951 4718 3300 4769 vehementiam
3331 4716 3545 4767 tribuetis
3573 4712 3724 4765 miseri·

2197 4823 2430 4885 cordiam,
2445 4822 2656 4871 maxima
2669 4822 2716 4869 in
2733 4819 2952 4871 exercitu
2961 4816 3144 4869 orietur
3159 4818 3410 4880 iniquitas5
3425 4816 3591 4869 etenim
3602 4824 3722 4875 quum

2199 4924 2518 4975 intellexerint
2545 4936 2608 4973 ne
2625 4920 2934 4973 Palamedem
2955 4919 3152 4984 quidem
3165 4954 3181 4979 ‚
3215 4919 3300 4982 qui
3322 4922 3506 4970 tantum
3527 4912 3723 4977 flagitium

2200 5026 2364 5089 aperte
2381 5024 2712 5083 commiserat,
2740 5033 2908 5084 poenas
2925 5019 3112 5070 dedisse
3131 5018 3282 5081 ullas,
3309 5019 3402 5081 ipsi
3429 5028 3611 5079 qnoque
3633 5024 3722 5075 pec·

2200 5138 2310 5175 care
2332 5124 2510 5174 volent.
2575 5124 2767 5183 Quare,
2791 5120 2830 5170 si
2858 5118 3083 5183 sapietis,
3123 5131 3233 5183 quae
3263 5117 3359 5168 sint
3381 5116 3518 5167 vobis
3547 5114 3645 5177 ipsis
3659 5124 3708 5170 op

2201 5224 2319 5272 tima
2346 5218 2592 5281 statuetis,
2633 5218 2752 5269 etin
2791 5210 2937 5274 huius
2975 5215 3209 5281 supplicio
3252 5214 3445 5279 reliquis
3486 5208 3719 5271 exemplum

2205 5315 2490 5381 proponetis,
