3825 5834
510 527 617 575 ¹³2

588 618 847 705 too-“lm
886 641 941 701 δὲ
986 642 1062 718 μὴ
1110 644 1399 702 ἀποπλανῶ
1440 647 1575 720 ὑμᾶς
1610 645 1715 703 ἀπὸ
1747 647 1841 714 τῆς
1868 640 2052 702 buoni·

506 754 665 804 σεως,
696 728 1051 809 ἀναγνώσεται
1084 734 1205 805 ὑμῖν
1230 734 1261 788 6
1290 729 1631 808 γραμματεὺς
1658 729 1720 789 τὸ
1742 729 2053 810 ἐπίγραμμα

1418 513 1789 575 ΑΙΣΧΙΝΟΥ
1825 514 1876 574 Ο
1919 513 2128 574 ΚΑΤΑ
2171 515 2744 575 ΚΤΗΣΙΦΩΝΤΟΣ.

3381 515 3690 594 (επ-εει)

2207 647 2309 693 190.
2331 646 2514 694 Verum
2549 657 2612 694 ne
2641 657 2728 694 vos
2754 658 2785 693 a
2815 645 3060 708 proposito
3083 643 3348 707 abducam,
3373 645 3534 694 scriba
3551 645 3699 695 vobis

2140 729 2428 793 epigramma
2443 731 2675 793 recitabit,
2695 731 2826 795 quod
2849 733 2898 782 in
2915 746 2998 783 eos
3013 733 3244 796 scriptum
3261 735 3333 783 est
3351 733 3434 796 qui
3453 732 3698 798 populum

504 817 534 876 8
570 817 947 899 ἐπιγέγραπται
980 817 1085 884 τοῖς
1126 816 1231 876 ἀπὸ
1270 819 1455 888 Φυλῆς
1484 817 1575 876 τὸν
1615 819 1780 894 δῆμον
1820 838 2054 893 καταγα-
2141 831 2172 866 a
2195 817 2344 880 Phyla
2374 816 2684 869 reduxerunt.

402 921 413 932 ‘
504 928 701 983 γουσιν.

1078 1024 1485 1072 EutrPAuMA.

634 1149 805 1200 Τούσδ·
828 1149 989 1212 ἀρετῆς
1006 1149 1142 1198 ἕνεκα
1158 1147 1397 1212 στεφάνοις
1414 1149 1613 1213 ἐγέραιρε
1630 1149 1901 1212 παλαίχθων

691 1221 835 1282 δῆμος
853 1217 1117 1277 Ἀθηναίων,
1138 1219 1185 1267 o!
1202 1235 1314 1268 ποτε
1331 1219 1437 1274 τοὺς
1452 1219 1625 1275 ἀδίκοις

432 1297 483 1336 lb
632 1291 817 1350 θεσμοῖς
836 1289 1057 1350 ἄρξαντας
1072 1293 1248 1350 πρῶτοι
1266 1287 1443 1342 πόλεως
1464 1289 1750 1338 καταπαύειν

690 1359 849 1422 ἦρξαν,
868 1358 1077 1407 κίνδυνον
1094 1358 1311 1419 σώμασιν
1328 1357 1565 1421 ἀράμενοι.

591 1509 683 1549 191.
724 1487 853 1550 Ὅτι
875 1485 991 1554 τοὺς
1014 1485 1159 1567 παρὰ
1180 1484 1296 1554 τοὺς
1325 1485 1509 1564 νόμους
1551 1485 1804 1569 ἄρξαντας
1837 1485 2053 1545 κατέλυ·

511 1601 629 1650 σαν,
676 1573 762 1634 διὰ
804 1571 943 1631 τοῦτ’
984 1570 1167 1639 αύτούς
1211 1595 1367 1654 φησιν
1413 1577 1441 1632 6
1482 1572 1700 1645 ποιητὴς
1750 1577 2054 1650 τιμηθῆναι.

509 1661 773 1724 Ἔναυλον
800 1659 901 1738 γὰρ
923 1649 986 1732 ἦν
1014 1657 1091 1718 ἔτι
1116 1657 1231 1718 τότε
1255 1669 1413 1718 πᾶσιν
1436 1658 1515 1720 ὅτι
1537 1664 1821 1732 τηνικαῦτα
1842 1663 1870 1718 6
1896 1661 2059 1736 δῆμος

510 1750 803 1823 κατελύθη,
840 1745 1019 1818 ἐπειδή
1057 1769 1188 1814 τινες
1228 1745 1320 1813 τὰς
1360 1747 1561 1828 γραφὰς
1594 1750 1697 1806 τῶν
1736 1745 2058 1826 παρανόμων

429 1857 485 1896 20
513 1839 732 1896 ἀνεῖλον.
780 1831 889 1895 Καὶ
914 1831 1018 1913 γάρ
1037 1855 1143 1904 τοι,
1166 1835 1235 1900 ὡς
1258 1833 1360 1912 ἐγὼ
1385 1840 1473 1892 τοῦ
1502 1834 1697 1914 πατρὸς
1716 1839 1807 1892 τοῦ
1833 1836 2060 1909 ἐμαυτοῦ

512 1919 891 1997 ἐπυνθανόμην,
919 1917 971 1988 ὃς
1007 1917 1097 1990 ἔτη
1128 1917 1267 1998 βιοὺς
1306 1919 1607 1990 ἐνενήκοντα
1644 1919 1735 1979 καὶ
1762 1919 1915 1979 πέντε
1951 1923 2060 1979 ἐτε-

511 2010 779 2080 λεύτησεν,
803 2005 1049 2064 ἁπάντων
1074 2005 1354 2085 μετασχὼν
1382 2009 1485 2064 τῶν
1512 2006 1682 2065 πόνων
1706 2011 1770 2085 τῇ
1798 2005 1976 2080 πόλει,
2008 2006 2062 2074 ὃς

508 2096 763 2163 πολλάκις
796 2093 925 2174 πρὸς
965 2093 1059 2170 ἐμὲ
1089 2092 1275 2172 διεξῄει
1316 2093 1403 2151 ἐπὶ
1430 2095 1653 2174 σχολῆς·
1682 2093 1781 2170 ἔφη
1816 2092 1947 2174 γάρ,
1975 2093 2058 2153 ὅτε

512 2184 700 2266 ἀρτίως
721 2181 1061 2256 κατεληλύθει
1084 2183 1111 2238 6
1134 2181 1323 2255 δῆμος,
1346 2181 1393 2238 εἴ
1416 2203 1493 2247 τις
1530 2181 1677 2240 εἰσίοι
1706 2179 1908 2260 γραφὴν
1950 2205 2060 2240 πα-

512 2270 752 2351 ρανόμων
779 2271 849 2334 εἰς
876 2265 1223 2346 δικαστήριον,
1248 2259 1376 2325 εἶναι
1404 2265 1579 2344 ὅμοιον
1608 2269 1667 2327 τὸ
1697 2267 1859 2345 ὄνομα
1888 2266 1978 2327 καὶ
2003 2267 2062 2326 τὸ

508 2357 675 2436 ἔργον.
755 2355 825 2416 Τί
862 2354 963 2433 γάρ
1006 2355 1145 2412 ἐστιν
1191 2351 1530 2434 ἀνοσιώτερον
1561 2353 1742 2433 ἀνδρὸς
1778 2354 2061 2432 παράνομα

510 2445 745 2519 λέγοντος
772 2443 861 2500 καὶ
894 2439 1237 2519 πράττοντος;
1268 2439 1381 2518 (192)
1416 2439 1523 2499 Καὶ
1562 2439 1655 2510 τὴν
1693 2441 1958 2520 ἀκρόασιν,
1995 2444 2062 2507 ὣς

428 2550 483 2588 25
510 2532 698 2597 ἐκεῖνος
739 2527 1088 2605 ἀπήγγελλεν,
1132 2531 1190 2585 οὐ
1226 2526 1313 2584 τὸν
1356 2526 1509 2585 αὐτὸν
1554 2527 1745 2606 τρόπον
1796 2529 2062 2587 ἐποιοῦντο

509 2616 688 2696 ὥσπερ
713 2620 802 2674 νῦν
837 2613 1067 2692 γίνεται,
1112 2615 1231 2672 ἀλλ’
1272 2605 1411 2686 ἦσαν
1454 2613 1587 2673 πολὺ
1622 2613 1977 2694 χαλεπώτεροι
2015 2617 2062 2674 οἱ

511 2702 753 2763 δικασταὶ
775 2709 882 2769 τοῖς
910 2699 979 2760 τὰ
1016 2699 1300 2782 παράνομα
1338 2703 1618 2781 γράφουσιν
1655 2703 1814 2759 αὐτοῦ
1838 2707 1929 2759 τοῦ
1960 2724 2062 2760 κα-

510 2786 1488 2953 fflfffissssiffiiffssssfisffiffssffl
1512 2787 2064 2957 ἷξᾘραῗΐῖῗὲζῖὶ

538 2901 571 2938 κ
1648 2901 1703 2942 υς
2033 2910 2063 2922 -

508 2987 709 3046 φισμα,
755 2963 844 3022 καὶ
896 2961 1169 3034 ἡλίσκοντο
1220 2964 1267 3020 οἱ
1318 2961 1602 3043 παράνομα
1643 2963 1924 3042 γράφοντες
1969 2963 2064 3021 οὔκ

511 3057 556 3111 εἰ
595 3051 796 3118 πάντας
834 3048 1271 3130 παραπηδήσαιεν
1313 3046 1429 3115 τοὺς
1466 3048 1679 3125 νόμους,
1709 3050 1824 3108 ἀλλ’
1854 3051 1899 3108 εἰ
1939 3048 2063 3127 μίαν

512 3137 666 3215 μόνον
702 3133 967 3209 συλλαὸᾒν
992 3134 1401 3215 παραλλάξαιεν.
1484 3135 1563 3196 Τὸ
1584 3136 1637 3194 δὲ
1662 3135 1769 3195 νυνὶ
1797 3136 2062 3216 γινόμενον

428 3237 485 3276 ³0
510 3235 729 3306 πρᾶγμα
755 3223 1277 3305 ὕπερκαταγέλαστόν
1314 3224 1469 3281 ἐστιν·
1501 3226 1529 3281 6
1558 3223 1651 3299 μὲν
1687 3222 1787 3304 γὰρ
1813 3247 2062 3304 γραμμα-

509 3311 625 3380 τεὺς
646 3311 988 3389 ἀναγινώσκει
1022 3310 1083 3370 τὸ
1118 3310 1438 3392 παράνομον,
1460 3313 1509 3368 οἳ
1532 3309 1587 3370 δὲ
1620 3310 1863 3369 δικασταὶ
1886 3309 2064 3389 ὥσπερ

510 3400 716 3480 ἐπῳδὴν
769 3397 805 3470 ἢ
858 3398 1125 3480 ἀλλότριόν
1174 3421 1227 3458 τι
1280 3407 1503 3478 πρᾶγμα
1561 3397 1879 3477 ἀκροώμενοι
1940 3398 2066 3478 πρὸς

510 3486 673 3568 ἑτέρῳ
705 3487 805 3547 τινὶ
824 3485 921 3558 τὴν
960 3485 1173 3564 γνώμην
1200 3484 1424 3565 ἔχουσιν.
1462 3487 1575 3564 (193)
1613 3483 1758 3558 Ἤδη
1795 3487 1839 3544 δ’
1880 3489 1940 3544 ἐκ
1961 3490 2064 3544 τῶν

509 3578 707 3655 τεχνῶν
742 3577 846 3634 τῶν
876 3572 1235 3652 Δημοσθένους
1268 3571 1480 3652 ἀἰσχρὸν
1522 3571 1631 3639 ἔθος
1676 3575 1730 3630 ἐν
1759 3574 1863 3639 τοῖς
1896 3575 2060 3632 δικα-

388 3751 395 3759 ·
508 3662 733 3809 3⁹⁶2?
755 3663 1132 3742 ’χ
1217 3657 1936 3828 ”zzzsssffiizgssff‘
1952 3658 2066 3804 2³22

568 3775 638 3817 ως
720 3774 787 3808 κα
813 3774 875 3808 α·
969 3774 1008 3824 μ
1240 3774 1273 3808 κ
1907 3790 1923 3818 ,

508 3836 711 3951 φεύγων
749 3834 845 3907 τὴν
882 3834 1087 3916 γραφὴν
1122 3772 1437 3916 κοΐτηγορεῑ,
1466 3837 1513 3892 οἱ
1538 3834 1593 3894 δὲ
1624 3835 1864 3894 δικασταὶ
1902 3834 2063 3894 ἐνίοτε

430 3941 484 3978 ³⁵
510 3948 584 3984 ων
610 3924 703 4000 μέν
728 3925 827 3981 εἰσι
864 3922 1036 4002 κριταὶ
1077 3923 1529 3995 ἐπιλανθάνονται,
1560 3914 1633 3981 ὧν
1655 3922 1700 3980 δ’
1732 3924 1822 3981 οὐκ
1859 3921 1959 3980 εἰσὶ
1988 3923 2063 3979 δι·

510 4009 731 4083 κασταί,
762 4009 882 4088 περὶ
914 4009 1107 4069 τούτων
1140 4011 1518 4088 ἀναγκάζονται
1541 4009 1635 4082 τὴν
1665 4014 1836 4090 ψῆφον
1868 4008 2059 4090 φέρειν.

511 4097 668 4175 Λέγει
711 4095 765 4154 δὲ
802 4100 830 4154 6
865 4095 1086 4176 φεύγων,
1130 4095 1193 4155 ἃν
1230 4097 1332 4176 ἄρα
1370 4103 1484 4158 ποθ’
1518 4097 1717 4176 ἅψηται
1768 4101 1860 4154 τοῦ
1918 4097 2065 4175 πρά-

510 4207 741 4264 γματος,
784 4185 882 4263 οὐχ
917 4189 991 4249 ὡς
1010 4183 1207 4262 ἔννομα
1246 4185 1520 4268 γέγραφεν,
1541 4187 1655 4244 ἀλλ’
1685 4189 1755 4250 ὡς
1790 4183 1893 4255 ἤδη
1939 4183 2063 4243 ποτὲ

510 4273 603 4334 καὶ
649 4271 896 4350 πρότερον
936 4271 1107 4351 ἔτερος
1142 4278 1357 4332 τοιαῦτα
1395 4275 1602 4355 γράψας
1645 4270 1907 4350 ἀπέφυγεν
1927 4294 1940 4308 ·
1982 4273 2062 4350 ἐφ’

511 4352 663 4442 ᾧκαὶ
682 4357 793 4418 νυνὶ
804 4359 943 4438 μέγα
958 4361 1156 4442 φρονεῖν
1170 4360 1343 4420 ἀκούω
1364 4365 1733 4441 Κτησιφῶντα.
1745 4360 1859 4434 (m)
1876 4357 2060 4418 Ἔτόλ·

508 4474 590 4527 μα
644 4446 688 4508 δ’
734 4449 787 4506 ἐν
831 4451 953 4524 ὑμῖν
1009 4471 1137 4508 ποτε
1191 4448 1531 4526 σεμνύνεσθαι
1582 4449 1895 4528 Ἀριστοφῶν
1931 4447 2062 4504 ἐκεῖ·

427 4551 482 4591 ω
509 4559 591 4602 νος
611 4539 638 4594 ὁ
665 4535 919 4608 Ἀζηνιεὺς
946 4533 1109 4616 λέγων
1133 4537 1211 4594 δτι
1240 4534 1442 4615 γραφὰς
1466 4532 1785 4613 παρανόμων
1808 4534 2062 4612 πέφευγεν

504 4623 867 4700 ’ἑὸδομήκοντα
891 4623 982 4682 καὶ
1005 4623 1157 4682 πέντε
1175 4647 1187 4661 ·
1211 4623 1327 4682 ἀλλ’
1348 4621 1464 4700 οὐχὶ
1486 4626 1514 4680 6
1542 4620 1779 4702 Κέφαλος
1797 4621 1825 4677 6
1844 4617 2063 4686 παλαιὸς

509 4711 727 4788 ἐκεῖνος,
752 4715 780 4769 6
812 4713 975 4770 δοκῶν
1003 4708 1420 4786 δημοτικώτατος
1441 4705 1730 4786 γεγονέναι,
1756 4707 1855 4786 οὐχ
1876 4703 2060 4778 οὕτως,

510 4801 626 4856 ἀλλ’
646 4798 733 4856 ἐπὶ
752 4801 853 4865 τοῖς
876 4801 1119 4863 ἐναντίοις
1144 4795 1514 4876 ἐφιλοτιμεῖτο,
1544 4792 1709 4872 λέγων
1732 4789 1810 4850 ὅτι
1839 4795 2060 4852 πλεῖστα

508 4883 715 4942 πάντων
744 4884 1013 4966 γεγραφὼς
1051 4882 1367 4964 ψηφίσματα
1410 4880 1657 4954 οὐδεμίαν
1680 4879 1889 4937 πώποτε
1933 4903 2062 4958 γρα-

510 4971 611 5052 φὴν
632 4969 857 5050 πίφευγε
890 4969 1228 5050 παρανόμων,
1265 4969 1439 5032 καλῶς
1468 4967 1485 5043 (
1516 4957 1708 5044 οἶμαι)
1738 4965 2060 5042 σεμνυνόμε-

451 5049 460 5058 '
508 5081 605 5124 νος.
684 5057 1014 5138 Ἐγράφοντο
1052 5055 1154 5134 γὰρ
1187 5053 1443 5124 ἀλλήλους
1470 5053 1787 5131 παρανόμων
1824 5055 1881 5111 οὗ
1906 5053 2062 5130 μόνον

514 5148 561 5202 oi
593 5145 1103 5212 διαπολιτευόμενοι,
1128 5140 1264 5199 ἀλλὰ
1289 5141 1377 5198 καὶ
1404 5143 1452 5198 οἱ
1479 5141 1619 5220 φίλοι
1641 5137 1756 5206 τοὺς
1782 5139 1959 5220 φίλους
1974 5186 1989 5213 ,
2013 5141 2063 5200 εἴ

420 5245 493 5298 82
512 5255 560 5290 τι
612 5229 1011 5313 ἐξαμαρτάνοιεν
1052 5231 1127 5296 εἰς
1168 5228 1264 5298 τὴν
1314 5227 1481 5286 πόλιν.
1566 5227 1681 5307 (iss)
1728 5227 1959 5288 Ἐκεῖθεν
2005 5229 2060 5287 δὲ

2735 1031 3130 1075 triousion.

2249 1155 2394 1198 nosce
2409 1163 2680 1200 coronarum
2693 1165 2804 1210 gem
2819 1157 3002 1213 antiqua
3019 1158 3166 1202 Attica
3181 1157 3350 1214 pulcre

2299 1232 2476 1278 virtutis
2487 1243 2616 1278 mma
2639 1235 2768 1288 luat
2787 1235 2958 1280 honore
2981 1235 3090 1286 coli,

2246 1311 2322 1366 qul
2334 1310 2560 1366 qnondam
2584 1313 2774 1368 injustos
2789 1315 3000 1359 arcebant
3011 1315 3124 1359 urbe
3137 1317 3367 1368 επειιυοε.

2299 1389 2493 1444 obiicere
2509 1390 2626 1436 band
2639 1392 2770 1438 ver-iu
2779 1403 2970 1448 corpora
2985 1403 3070 1450 pro
3085 1394 3243 1450 patria.

2212 1495 2319 1542 191.
2349 1494 2602 1554 Propterea
2631 1493 2760 1556 quod
2791 1507 2875 1544 eos
2891 1497 2974 1559 qui
2995 1498 3160 1545 contra
3183 1494 3311 1558 leges
3329 1494 3566 1544 dominati
3585 1499 3708 1546 sunt

2143 1578 2428 1639 everterint,
2451 1577 2632 1628 bonore
2659 1579 2860 1628 at't'ectos
2875 1593 2980 1629 esse
3009 1579 3126 1628 dicit
3147 1583 3306 1643 poeta.
3371 1581 3542 1631 Adbuc
3567 1583 3706 1632 enirn

2145 1665 2360 1714 omnium
2395 1677 2536 1716 aures
2561 1679 2654 1714 vox
2697 1677 2755 1715 ea
2789 1666 3099 1728 personabat,
3121 1667 3352 1730 populum
3375 1668 3460 1717 iilo
3485 1670 3710 1719 maxime

2145 1755 2360 1816 tempore
2371 1767 2592 1803 eversum
2613 1753 2754 1803 tuisse
2767 1789 2782 1816 ,
2807 1757 3061 1816 postquam
3079 1753 3260 1816 judicia
3275 1755 3338 1804 de
3357 1755 3568 1806 decretis
3586 1771 3709 1807 cou-

2145 1843 2221 1890 tra
2243 1842 2368 1903 leges
2393 1841 2530 1890 tactis
2550 1841 2768 1890 nonnulli
2803 1841 3126 1892 sustulissent.
3161 1842 3394 1903 Equidem
3435 1845 3492 1892 ut
3526 1856 3624 1906 ego
3647 1844 3710 1894 de

2148 1930 2282 1990 patre
2307 1940 2414 1976 meo
2435 1928 2690 1977 audiebam
2703 1965 2718 1990 ,
2745 1928 2830 1989 qui
2855 1941 2982 1977 anno
2999 1929 3156 1978 etatis
3171 1941 3274 1979 suoe
3291 1932 3463 1992 quinto
3479 1933 3528 1980 et
3547 1945 3710 1981 nona·

2146 2015 2323 2076 gesimo
2339 2014 2466 2064 diem
2481 2015 2618 2074 obiit,
2642 2027 2792 2077 quum
2811 2015 3028 2064 omnium
3053 2015 3173 2078 reip.
3199 2029 3525 2067 erumnarum
3547 2019 3710 2080 parti-

2147 2116 2259 2164 ceps
2282 2102 2478 2163 fuisset,
2503 2115 2624 2164 quas
2651 2115 2780 2165 saepe
2801 2115 2994 2152 mecum
3021 2105 3280 2165 perotium
3303 2105 3584 2154 conterebat
3601 2135 3666 2148 -
3694 2128 3708 2156 ε

2150 2191 2192 2238 is
2209 2224 2224 2249 ,
2241 2189 2463 2250 inquam,
2493 2189 2710 2250 dicebat,
2729 2189 2894 2251 primis
2913 2189 3004 2239 illis
3025 2191 3320 2252 temporibus
3341 2191 3518 2253 quibus
3541 2205 3709 2256 popu-

2151 2279 2223 2326 lus
2245 2277 2468 2326 reductus
2493 2277 2674 2338 metat,
2697 2277 2736 2326 si
2755 2290 2852 2340 qua
2874 2275 2936 2326 de
2955 2277 3157 2326 decretis
3175 2281 3344 2328 contra
3361 2278 3487 2340 leges
3509 2281 3710 2342 scriptis

2149 2365 2274 2413 actio
2291 2364 2338 2412 in
2361 2363 2593 2424 judicium
2612 2363 2821 2422 venerit,
2839 2363 3010 2413 similia
3031 2363 3172 2426 plane
3197 2364 3343 2414 misse
3367 2368 3418 2414 et
3439 2379 3626 2417 nomen
3660 2371 3712 2416 et

2155 2451 2349 2501 sactum.
2374 2449 2500 2507 Quid
2525 2449 2652 2499 enim
2677 2451 2750 2500 est
2773 2450 3051 2500 sceleratius
3077 2450 3272 2500 homine
3296 2451 3382 2513 qui
3413 2464 3488 2502 res
3517 2453 3712 2515 legibus

2150 2537 2374 2587 adversas
2391 2535 2508 2586 dicit
2528 2538 2612 2586 aut
2629 2536 2774 2586 facit?
2837 2537 2966 2599 (192)
2985 2539 3150 2599 Neque
3166 2550 3304 2598 vero,
3315 2537 3528 2599 iudices,
3551 2543 3612 2589 ut
3629 2541 3710 2589 ille

2151 2625 2384 2675 reterebat
2399 2661 2413 2686 ,
2439 2623 2604 2674 eadem
2625 2625 2834 2686 ratione,
2857 2635 2956 2686 qua
2971 2637 3129 2685 nunc,
3151 2623 3214 2674 de
3231 2637 3380 2674 rausa
3405 2631 3707 2688 coguut-unu

2151 2713 2288 2762 erant
2319 2713 2446 2760 enim
2469 2711 2520 2759 in
2555 2722 2640 2761 eos
2664 2711 2748 2773 qui
2784 2711 2978 2760 decreta
3011 2711 3200 2773 legibus
3231 2710 3432 2760 adversa
3465 2713 3708 2773 tulerant,

2151 2799 2306 2848 multo
2317 2798 2581 2848 infestiores
2593 2811 2738 2860 quam
2753 2798 2851 2860 ipse
2867 2798 3012 2848 etiarn
3023 2799 3289 2859 accusator,
3305 2797 3354 2846 et
3367 2811 3706 2860 sepenumero

2152 2886 2359 2936 scribam
2379 2885 2694 2948 revocabant,
2714 2884 3044 2947 jubebantque
3060 2884 3185 2947 leges
3199 2888 3249 2935 et
3263 2885 3510 2936 decretum
3529 2887 3706 2936 iterum

2153 2975 2352 3023 recitare
2365 3009 2379 3034 ,
2406 2973 2759 3022 damnabantur
2775 2971 2984 3034 denique
2999 2971 3034 3022 ii
3059 2972 3144 3036 qui
3162 2974 3329 3022 contra
3351 2973 3481 3035 leges
3497 2975 3706 3038 scripse·

2153 3063 2276 3122 rant,
2293 3073 2388 3110 non
2405 3061 2445 3109 si
2464 3059 2708 3109 universas
2727 3059 2852 3122 leges
2869 3059 3144 3120 transgresd
3161 3059 3378 3122 tuissent,
3395 3059 3482 3110 sed
3499 3061 3542 3110 si
3561 3074 3708 3110 unam

2151 3147 2384 3197 duntaxat
2399 3147 2629 3209 syllabam
2647 3147 2998 3196 immutassent.
3039 3146 3102 3196 At
3119 3145 3460 3208 perridicuium
3477 3151 3554 3198 est
3571 3149 3706 3212 quod

2152 3248 2280 3283 nuuc
2291 3234 2392 3284 tieri
2401 3234 2536 3284 solet.
2551 3235 2716 3285 Scriba
2725 3233 2974 3284 decretum
2987 3233 3158 3283 recitat
3165 3235 3334 3284 contra
3347 3235 3478 3297 leges
3493 3235 3706 3296 tactumg

2148 3321 2352 3383 jndices,
2367 3321 2500 3384 quasi
2517 3320 2802 3371 cantilenam
2813 3323 2899 3370 aut
2907 3334 3008 3371 rem
3019 3334 3046 3371 a
3053 3319 3238 3382 iudicio
3245 3321 3448 3372 alienam
3461 3323 3705 3382 audirent,

2152 3406 2214 3457 ad
2241 3407 2373 3456 aliud
2399 3407 2595 3470 aliquod
2619 3407 2832 3458 animum
2870 3408 3144 3459 advertunt.
3215 3409 3344 3470 (19³)
3365 3412 3476 3460 Jam
3495 3421 3617 3458 vero
3645 3424 3704 3459 ex

2155 3495 2484 3545 Demosthenis
2505 3495 2691 3546 artibus
2706 3496 2896 3560 turpem
2919 3497 3312 3547 consuetudinem
3329 3495 3574 3558 iniudicia
3587 3498 3704 3546 irre-
3791 3533 3793 3546 .

2157 3595 2270 3644 pere
2286 3581 2455 3630 sinitis.
2479 3584 2670 3632 inversa
2687 3584 2814 3633 enim
2833 3583 2972 3634 nobis
2991 3587 3104 3634 suut
3117 3584 3226 3647 iura
3243 3585 3449 3634 civitatis
3468 3595 3482 3626 =
3503 3597 3704 3634 accusa·

2154 3670 2233 3719 tor
2253 3668 2449 3731 quidem
2466 3668 2703 3732 defendit,
2724 3683 2833 3721 reus
2849 3674 3040 3723 accusat
3053 3688 3069 3733 ς
3083 3671 3295 3733 iudices,
3313 3684 3522 3734 quarum
3543 3685 3702 3722 rei-mn
3787 3715 3789 3718 Α

2155 3757 2494 3821 disceptatores
2511 3757 2734 3820 sedeant,
2753 3757 2992 3809 interdum
3014 3759 3388 3820 obliviscuntur3
3419 3759 3482 3808 de
3509 3759 3573 3809 iis
3591 3773 3706 3809 rem

2152 3846 2309 3907 rebus,
2324 3857 2530 3907 quarum
2541 3844 2726 3906 jndices
2741 3859 2840 3896 non
2857 3847 2988 3908 sunt,
3005 3846 3290 3897 senteutiam
3302 3845 3426 3895 serre
3445 3851 3705 3908 coguntur.
3783 3873 3785 3878 -

2153 3935 2304 3994 Reus,
2328 3933 2367 3982 si
2387 3932 2582 3996 ‹1uando
2601 3947 2702 3983 rem
2725 3933 2878 3997 ipsam
2901 3934 3137 3996 attigerit,
3161 3947 3258 3982 non
3279 3945 3332 3982 se
3353 3931 3470 3982 dicit
3491 3933 3705 3995 legitima

2151 4020 2407 4083 scripsisse,
2421 4021 2504 4071 sed
2517 4021 2666 4071 alium
2681 4021 2822 4070 etiam
2839 4023 2977 4070 antea
2993 4033 3144 4083 quum
3161 4019 3276 4069 talia
3289 4019 3554 4082 scripsisset
3571 4019 3704 4069 abso·

2151 4107 2310 4157 lutum
2328 4121 2430 4158 esse
2453 4121 2584 4171 :quo
2609 4107 2802 4170 quidem
2826 4110 3108 4170 argumento
3138 4119 3422 4169 magnopere
3437 4105 3542 4167 §am
3575 4119 3704 4155 nunc

2151 4203 2330 4252 elatum
2349 4215 2449 4251 esse
2467 4201 2610 4252 audio
2633 4201 3008 4264 ctesiphontem.
3037 4201 3166 4262 (10⁴)
3187 4205 3344 4250 Ausus
3357 4201 3429 4249 est
3444 4199 3704 4262 aliquando
3777 4187 3779 4190 ⁴

2151 4295 2279 4359 apud
2299 4310 2384 4346 vos
2402 4297 2594 4359 gloriari
2614 4297 2902 4360 Aristoplion
2921 4296 3001 4346 ille
3018 4295 3313 4356 AzeniensiS,
3329 4307 3381 4344 se
3399 4295 3702 4357 septuaginta

2150 4391 2361 4456 quinque
2382 4391 2650 4441 actionibus
2666 4390 2728 4441 de
2751 4391 2956 4441 decretis
2975 4394 3139 4440 contra
3173 4390 3297 4452 leges
3317 4389 3457 4438 sactis
3487 4388 3704 4452 postula·

2151 4489 2255 4536 tum
2279 4487 2438 4536 tuisse.
2503 4489 2568 4536 At
2585 4499 2681 4534 non
2704 4485 2772 4535 ita
2793 4486 2978 4548 priscus
2998 4484 3079 4534 ille
3097 4483 3359 4547 Cephalus,
3379 4483 3462 4546 qui
3484 4484 3702 4532 omnium

2151 4581 2360 4630 maxime
2376 4579 2618 4644 popularis
2638 4582 2710 4630 est
2735 4577 2946 4638 habitus,
2965 4577 3165 4639 nonita,
3189 4577 3386 4639 inquam
3410 4594 3424 4624 ε
3447 4573 3532 4625 sed
3561 4575 3704 4638 plane

2151 4673 2398 4724 contrariis
2414 4673 2706 4737 gloriabatur
2719 4673 2870 4734 factis,
2881 4672 3010 4735 quod
3029 4684 3214 4734 neiupe.
3224 4683 3374 4733 quum
3387 4671 3530 4732 plura
3551 4682 3698 4732 quam

2149 4767 2258 4830 quis
2280 4767 2401 4816 alius
2426 4765 2674 4829 plebiscita
2693 4764 2976 4828 scripsisset,
2995 4775 3244 4826 nunquam
3269 4764 3430 4812 tamen
3447 4761 3510 4812 de
3535 4761 3702 4811 decre·

2150 4861 2214 4912 tis
2252 4863 2418 4910 contra
2453 4861 2580 4922 leges
2613 4859 2800 4922 scriptis
2835 4871 2946 4908 reus
2976 4858 3130 4906 sactus
3161 4858 3309 4915 esset,
3333 4855 3566 4918 ptaeclara
3593 4865 3701 4904 mea

2149 4955 2344 5020 quidem
2377 4955 2610 5005 sententia
2645 4953 2884 5016 gloriatio.
2947 4955 3070 5002 Nam
3105 4949 3168 5000 de
3210 4947 3418 4998 decretis
3448 4947 3700 4998 adversum

2151 5051 2276 5112 leges
2291 5049 2426 5099 tactis
2441 5047 2524 5098 alii
2543 5049 2662 5098 alios
2677 5045 3001 5110 postulabant,
3019 5055 3118 5093 non
3135 5041 3170 5092 ii
3195 5043 3386 5092 mmm
3403 5041 3488 5103 qui
3511 5039 3562 5090 in
3579 5040 3698 5101 reip.

2148 5142 2364 5208 partibus
2399 5141 2706 5202 dissiderent,
2745 5152 2914 5188 verum
2935 5137 3080 5188 etlam
3109 5135 3251 5186 amici
3271 5133 3474 5195 amicos,
3507 5132 3549 5182 ai
3581 5130 3694 5195 quid
3748 5125 3761 5221 Ἰ

2149 5238 2197 5287 in
2255 5237 2598 5299 rempublicam
2647 5233 3007 5284 commisissent.
3087 5229 3218 5292 (195)
3271 5227 3326 5277 ld
3371 5229 3537 5276 autem
3589 5223 3696 5274 inde
3757 5238 3759 5328 γ
