3825 5834
494 475 605 525 322

487 602 616 645 sunt
650 592 708 645 in
745 585 1102 643 orationibus
1129 602 1268 658 quas
1307 602 1412 639 nos
1440 582 1710 639 babemus
1755 580 2024 638 inveniri.

487 677 741 750 Denique
793 674 1036 731 Rutilius
1083 674 1273 746 Lupus
1323 690 1356 726 a
1407 670 1441 745 S
1499 688 1564 743 ¹9
1611 669 1730 725 duo
1777 670 2033 743 exempla

487 764 780 838 aetiologiae
825 762 1048 836 posuit,
1105 777 1352 834 quorum
1397 758 1554 832 prius
1572 800 1588 825 ‚
1639 774 1771 813 eum
1823 774 2035 811 nomen

488 851 728 906 oratoris
769 848 1100 915 excidisset,
1135 846 1388 901 homines
1421 844 1578 901 docti
1617 862 1736 899 non
1767 841 2037 898 viderunt

485 956 556 994 ex
589 937 844 995 Isocratis
873 952 960 991 or.
1012 932 1049 988 8
1086 933 1136 1007 S.
1186 950 1256 987 ιο
1283 932 1520 1005 petitum
1563 948 1696 987 esse.
1733 932 1862 985 Jam
1905 946 2035 982 cum

483 1026 782 1101 posteriori
813 1022 1068 1096 exemplo
1095 1021 1212 1075 haec
1233 1020 1644 1094 praemittantur
1680 1036 1693 1071 :
1723 1020 1862 1073 Item
1891 1020 2037 1085 ejus·

484 1118 612 1173 dem
636 1156 652 1183 ‚
671 1114 802 1186 jure
828 1112 1027 1185 aliquis
1045 1121 1288 1166 statuere
1309 1110 1420 1165 sibi
1447 1108 1630 1163 videri
1651 1107 1844 1181 possit,
1863 1105 2035 1159 etiam

485 1204 723 1260 alterum
747 1200 1064 1274 exemplum
1089 1197 1328 1255 Isocrati
1351 1194 1716 1252 tribuendum
1743 1211 1877 1249 esse.
1913 1194 2031 1249 Ru-

487 1292 638 1345 tilius
655 1288 831 1345 verba
850 1304 1029 1361 graeea
1045 1285 1302 1340 siclatina
1317 1284 1450 1338 fecit
1467 1302 1480 1337 ι
1496 1286 1601 1337 etsi
1612 1282 1868 1335 acerbum
1879 1278 2039 1335 vobis

486 1378 637 1455 quod
667 1377 909 1429 dicturus
937 1391 1058 1427 sum
1099 1372 1394 1440 videbitur,
1435 1382 1622 1425 tamen
1648 1387 1812 1440 oequo
1845 1374 2036 1423 animo

487 1464 824 1521 audiendum
849 1473 947 1517 est.
980 1462 1132 1516 Nam
1155 1457 1292 1530 sere
1320 1476 1500 1513 verum
1535 1459 1818 1512 cumdium
1835 1496 1850 1523 ,
1891 1456 2043 1530 quod

491 1556 650 1605 initio
671 1550 864 1605 auditu
888 1566 1062 1620 grave
1083 1559 1164 1602 est
1168 1588 1184 1615 ,
1223 1552 1280 1601 in
1295 1558 1580 1619 posterum
1619 1548 1846 1618 cognita
1881 1546 2037 1599 utili-

489 1652 602 1695 tate
637 1639 710 1710 fit
742 1638 1044 1709 jucundieaes
1087 1635 1104 1705 (
1119 1634 1203 1693 Cs.
1253 1634 1532 1707 Anonymi
1561 1650 1750 1687 versus
1775 1631 1848 1687 de
1885 1632 2039 1688 sche-

488 1720 650 1775 matis
705 1716 778 1773 25
827 1735 914 1789 sq.
947 1719 990 1787 ).
1045 1712 1196 1772 Nihil
1251 1712 1410 1785 quod
1459 1712 1809 1767 meminerim
1859 1711 2037 1766 simile

489 1806 640 1879 apud
693 1805 998 1860 Isocratem
1045 1820 1197 1859 nunc
1248 1801 1464 1874 legitur,
1521 1800 1622 1855 sed
1661 1800 1800 1855 mihi
1834 1798 2039 1855 videor

490 1910 614 1949 eam
663 1892 994 1947 sententiam
1046 1888 1201 1963 apud
1253 1888 1686 1943 Demosthenem
1729 1888 1999 1960 reperisse
2015 1926 2033 1955 ,

493 1996 814 2052 quanquam
837 1978 1027 2031 locum
1056 1994 1208 2031 nunc
1237 1975 1487 2031 indicare
1523 1994 1642 2031 non
1671 1994 1915 2050 possum.
1950 1979 2035 2031 An

488 2066 551 2119 in
582 2064 818 2119 vocibus
843 2068 971 2117 item
1008 2067 1130 2133 ejus
1169 2064 1320 2131 (nam
1353 2062 1430 2116 sic
1474 2071 1556 2117 est
1587 2064 1648 2117 in
1681 2062 1859 2131 libris,
1905 2066 2035 2117 item

489 2150 733 2221 ejusdem
761 2146 1032 2203 Pithoeus
1051 2144 1366 2223 substituit)
1390 2146 1526 2204 latet
1549 2149 1904 2203 Demetrius?
1932 2174 1955 2198 ι.

571 2258 594 2284 οι
638 2237 870 2292 Restant
912 2232 1388 2309 apophthegmata
1411 2274 1428 2303 ,
1477 2252 1722 2307 quorum
1773 2254 2039 2291 numerus

489 2323 618 2377 satis
633 2338 871 2396 magnus
893 2329 1074 2375 exstat
1087 2336 1274 2392 neque
1297 2332 1514 2377 exstare
1533 2323 1594 2377 in
1621 2331 1772 2379 tanta
1794 2324 2039 2379 nominis

488 2412 746 2468 isocratei
769 2412 1020 2467 claritate
1044 2419 1101 2465 et
1123 2408 1330 2483 studii,
1367 2428 1483 2483 quo
1513 2412 1694 2467 Graeei
1719 2412 1852 2468 inde
1881 2429 1914 2467 a
1936 2430 2031 2486 pe·

487 2498 914 2571 ripateticorum
944 2495 1245 2570 disciplina
1275 2496 1409 2553 talia
1449 2498 1812 2571 colligerent,
1848 2500 2039 2555 alacri-

486 2594 602 2641 tate
627 2586 834 2641 mirum
854 2595 959 2643 est.
981 2586 1204 2641 Horum
1225 2584 1764 2663 apophthegmatum
1781 2587 2038 2662 exempla

487 2673 605 2729 haec
625 2684 791 2729 sunto
822 2690 837 2732 ε

573 2762 728 2819 Theo
767 2772 810 2821 t.
853 2762 882 2817 1
907 2780 966 2836 p.
995 2777 1110 2836 ²⁰9
1152 2760 1334 2820 welz.
1375 2778 1391 2818 ε
1421 2756 1578 2819 Κατὰ
1612 2758 1927 2839 ἆμφιόολίαν
1951 2759 2036 2835 δέ,

487 2836 594 2907 οἷον
622 2844 927 2925 Ἰσοκράτης
954 2850 984 2906 δ
1028 2847 1200 2927 ῥήτωρ
1237 2846 1608 2924 συνισταμένου
1649 2850 1792 2929 αὐτῷ
1830 2849 2039 2909 παιδίου

489 2933 584 2993 καὶ
606 2935 900 3014 ἱρωπῖντος
925 2938 1016 2991 τοῦ
1044 2932 1402 3007 συνιστάντος,
1433 2933 1568 3002 τίνος
1585 2936 1730 3015 αὐτῷ
1751 2938 1858 3010 δεῖ,
1887 2928 1999 2996 εἶπε
2017 2980 2036 3011 ,

488 3020 782 3081 πινακιδίου
807 3021 898 3079 καὶ
916 3026 1004 3081 νοῦ
1018 3064 1036 3095 ,
1063 3018 1152 3079 καὶ
1178 3020 1476 3099 γραφειδίου
1495 3021 1585 3081 καὶ
1611 3026 1700 3081 νοῦ
1724 3043 1740 3059 ·
1769 3024 2038 3103 ἀμφιὸαλ-

488 3110 704 3188 λόμενον
725 3107 860 3191 γάρ,
881 3106 1096 3188 πότερον
1119 3112 1209 3167 νοῦ
1235 3108 1328 3167 καὶ
1348 3110 1638 3169 πινακιδίου
1673 3111 1810 3191 λέγει
1827 3112 1864 3184 ἢ
1887 3134 2040 3171 πινα-

490 3198 630 3265 κίδος
650 3200 833 3268 καινῆς
862 3194 955 3254 καὶ
996 3200 1178 3255 καινοῦ
1204 3196 1524 3277 γραφειδίου.
1559 3200 1684 3259 Hoc
1721 3204 2041 3261 Antistheni

491 3288 690 3345 tribuit
707 3288 988 3361 Diogenes
1005 3288 1263 3343 Laertius
1287 3286 1348 3361 6,
1368 3287 1402 3362 S
1429 3286 1485 3346 3.

571 3374 903 3432 Aristoteles
935 3373 1104 3431 Rbet.
1133 3370 1214 3444 11,
1246 3392 1316 3449 ¹9
1343 3391 1357 3433 :
1391 3372 1495 3433 Καὶ
1529 3374 1574 3432 εἷ
1605 3374 1710 3442 τοῖς
1731 3374 1931 3455 χείροσι
1951 3377 2040 3435 καὶ

491 3460 676 3533 ἥττοσι
703 3458 794 3520 καὶ
823 3458 1214 3541 ἆφρονεστίροις
1257 3461 1492 3538 δυνατόν,
1533 3461 1624 3521 καὶ
1655 3466 1760 3531 τοῖς
1795 3464 2040 3531 ἕναντίοις

497 3550 730 3625 μᾶλλον·
759 3546 939 3625 ὥσπερ
979 3546 1069 3605 καὶ
1101 3546 1406 3627 Ἰσοκράτης
1431 3546 1560 3630 ἔφη,
1589 3550 1750 3609 δεινὸν
1785 3542 1919 3612 εἶναι
1946 3556 1991 3612 εἰ
2013 3556 2043 3611 ὁ

491 3634 587 3715 μὲν
609 3634 836 3701 Εὔθυνος
864 3633 1073 3709 ἔμαθεν,
1097 3633 1249 3701 αὗτὸς
1269 3634 1324 3693 δὲ
1353 3634 1428 3713 μὴ
1453 3636 1731 3708 δυνήσεται
1756 3641 1942 3719 εὑρεῖν.

569 3727 682 3785 Vit.
712 3726 770 3781 X
815 3734 986 3781 oratt.
1032 3743 1094 3799 p.
1128 3722 1279 3796 838,
1316 3726 1362 3782 F·
1393 3744 1410 3781 z
1442 3722 1790 3801 Ἑστιώμενος
1829 3728 1886 3786 δέ
1913 3750 2039 3787 ποτε

489 3811 637 3892 παρὰ
661 3810 1001 3890 Νικοκρέοντι
1031 3811 1106 3890 (l.
1153 3810 1434 3887 Νικοκλεῖ)
1463 3814 1538 3892 τῷ
1566 3812 1780 3893 Κύπρου
1807 3816 2043 3897 τυράννῳ

490 3896 921 3978 προτρεπομένων
952 3896 1106 3956 αὐτὸν
1127 3900 1230 3956 τῶν
1257 3898 1526 3979 παρόντων
1557 3899 1893 3979 διαλεχθῆναι
1913 3902 2042 3985 ἔφη·

497 3976 570 4051 οἷς
603 3984 697 4061 μὲν
722 3984 825 4062 ἐγὼ
851 3984 1037 4055 δεινός,
1061 3986 1159 4065 οὐχ
1181 3988 1210 4045 ὁ
1237 3992 1326 4044 νῦν
1361 3988 1567 4065 καιρός·
1597 3978 1670 4056 οἷς
1694 3990 1738 4047 δ’
1761 3993 1790 4049 ὃ
1811 3996 1898 4048 νῦν
1918 4016 2043 4051 και-

495 4072 580 4149 ρός
596 4114 612 4142 ,
651 4073 744 4131 οὐκ
770 4070 874 4146 ἐγὼ
911 4070 1092 4138 δεινός.
1141 4075 1226 4132 Cf.
1275 4076 1608 4132 Plutarchus
1647 4080 1758 4149 Qu.
1789 4096 2041 4154 sympos.

490 4177 550 4233 Ρ.
593 4158 732 4235 9ι3.
777 4164 862 4229 A;
895 4160 1158 4221 Macrob.
1195 4164 1304 4235 Qu.
1339 4160 1567 4224 Saturn.
1609 4184 1664 4235 7,
1707 4184 1770 4236 13
1799 4168 2045 4223 loannes

491 4244 656 4303 Sicel.
691 4258 734 4305 t.
767 4247 868 4317 Vl,
892 4265 950 4322 p.
987 4254 1122 4321 449,
1152 4256 1250 4318 alst
1275 4250 1550 4307 Maximus
1573 4252 1854 4309 Planudes
1889 4264 1935 4309 t.
1977 4258 2042 4328 V,

489 4352 551 4407 p.
586 4330 720 4403 5433
749 4333 1066 4389 Alexander
1087 4343 1132 4391 t.
1153 4332 1289 4407 vn,
1313 4352 1374 4410 p.
1408 4335 1524 4403 480
1561 4338 1780 4414 Walz.;
1814 4341 2043 4415 Anony-

491 4438 616 4477 mus
641 4420 716 4478 de
735 4420 1034 4479 schematis
1055 4441 1112 4481 v.
1143 4440 1233 4493 17.

2002 454 2169 514 1818!

2204 578 2585 653 Hermogenes
2614 588 2657 634 t.
2682 576 2728 649 1,
2746 596 2805 653 p.
2837 596 2911 635 αα
2930 578 3115 639 Walz.
3146 574 3499 658 ιἸσσκράτης
3520 576 3663 656 ἔφησε

2123 664 2217 732 τῆς
2243 662 2483 730 παιδείας
2506 662 2603 734 τὴν
2634 660 2727 739 μὲν
2758 662 2903 744 ῥίζαν
2930 652 3064 722 εἶναι
3084 664 3300 744 πικράν,
3336 663 3429 722 τὸν
3464 664 3519 723 δὲ
3546 688 3663 745 καρ-

2124 749 2223 809 πὸν
2247 750 2459 826 γλυκύν.
2487 753 2571 811 Cf.
2604 752 2965 826 Aphthonius
2983 763 3027 810 t.
3056 750 3114 824 Ι,
3148 771 3207 828 p.
3233 753 3310 809 63
3330 794 3349 824 ,
3384 760 3473 821 14,
3506 757 3597 813 W.

2203 840 2360 896 Theo
2388 850 2429 897 t.
2473 835 2523 912 Ι,
2547 859 2612 914 Ρ.
2660 839 2772 895 203
2810 857 2828 898 t
2860 836 3171 913 Ἰσοκράτης
3210 842 3241 897 ὁ
3280 838 3535 917 σοφιστὴς
3570 837 3668 906 τοὺς

2126 927 2325 1006 εὐφυεῖς
2357 927 2463 983 τῶν
2484 927 2732 997 μαθητῶν
2756 928 2885 983 θεῶν
2904 925 3096 991 παῖδας
3113 924 3287 1002 ἔλεγεν
3306 914 3468 985 εἶναι.
3492 928 3574 984 Cf.
3597 930 3664 985 ib.

2124 1032 2187 1089 Ρ.
2214 1033 2327 1070 210
2352 1032 2441 1086 sq.
2470 1024 2529 1068 et
2547 1010 2685 1087 215,
2708 1031 2767 1071 α.

2204 1102 2360 1157 Theo
2402 1112 2445 1159 t.
2481 1096 2525 1167 1,
2566 1118 2629 1174 Ρ.
2664 1118 2775 1171 ²⁰7
2820 1097 3169 1177 ιἸσοκράτης
3196 1102 3226 1158 ὅ
3256 1097 3439 1180 ῥήτωρ
3464 1100 3667 1177 παρῄνει

2126 1190 2230 1253 τοῖς
2250 1184 2527 1265 γνωρίμοις
2546 1194 2807 1267 προτιμᾷν
2830 1190 2933 1245 τῶν
2957 1185 3151 1263 γονέων
3178 1184 3297 1253 τοὺς
3320 1188 3667 1259 διδασκάλους,

2124 1272 2206 1333 ὅτι
2232 1276 2279 1332 οἱ
2324 1275 2417 1347 μὲν
2444 1276 2535 1331 τοῦ
2564 1274 2657 1352 ζῇν
2694 1274 2878 1351 μόνον,
2914 1278 2965 1333 οἱ
3006 1274 3061 1333 δὲ
3098 1274 3412 1335 διδάσκαλοι
3462 1276 3551 1333 καὶ
3590 1282 3668 1335 τοῦ

2124 1364 2295 1428 καλῶς
2319 1365 2411 1443 ζῇν
2444 1361 2601 1423 αἴτιοι
2620 1363 2912 1442 γεγόνασιν.
2940 1366 3021 1422 Cf.
3042 1366 3129 1424 ib.
3154 1386 3216 1441 p.
3242 1367 3361 1423 213
3380 1405 3399 1435 ,
3430 1373 3491 1433 4.

2204 1451 2461 1509 Stobaeus
2499 1455 2657 1512 Flor.
2682 1451 2741 1523 I,
2774 1457 2851 1521 45
2880 1471 2895 1511 Ξ
2931 1450 3235 1530 Ἰσοκράτης
3276 1444 3452 1526 εἶπεν,
3494 1450 3573 1509 ὅτι
3596 1452 3667 1509 τὸν

2124 1538 2351 1619 χρηστὸν
2378 1538 2469 1598 καὶ
2492 1538 2687 1615 ἀγαθὸν
2719 1538 2887 1617 ἄνδρα
2915 1540 2993 1599 δεῖ
3016 1544 3120 1599 τῶν
3164 1539 3261 1617 μὲν
3291 1538 3669 1619 προγεγενημί·

2124 1650 2225 1685 νων
2248 1632 2543 1705 μεμνῆσθαι
2560 1673 2578 1702 ,
2608 1626 2676 1687 τὰ
2704 1626 2759 1687 δὲ
2782 1630 3040 1687 ἐνεστῶτα
3062 1628 3331 1707 πράττειν,
3352 1626 3481 1706 περὶ
3506 1627 3560 1687 δὲ
3578 1632 3668 1687 τῶν

2124 1714 2419 1793 μελλόντων
2440 1715 2809 1797 φυλάττεσθαι.

2202 1808 2235 1861 J
2238 1824 2451 1862 oannes
2495 1810 2870 1863 Dasnascenus
2904 1824 2997 1881 ap.
3050 1806 3205 1864 Flor.
3252 1802 3475 1862 Stobaei
3510 1804 3631 1863 XV!
3650 1846 3665 1873 ‚

2132 1900 2239 1961 104
2286 1912 2301 1951 τ
2350 1892 2656 1970 Ἰσοκράτης
2712 1900 2819 1958 τοῖς
2868 1891 3125 1967 μαθηταῖς
3178 1888 3565 1971 παρεκελεύετο
3604 1891 3667 1964 μὴ

2122 1980 2414 2059 πράγματα
2438 1982 2624 2059 λέγειν,
2646 1978 2784 2039 ἀλλὰ
2806 1982 3097 2060 πράγματα
3122 1978 3380 2059 παρέχειν
3404 1985 3515 2045 τοῖς
3536 1982 3666 2058 ἄκρο-

2123 2068 2362 2145 ωμὲνοις.

2204 2157 2512 2233 Georgides
2540 2156 2803 2216 Gnomol.
2829 2158 2889 2212 in
2922 2156 3271 2213 Boissonadii
3288 2153 3519 2213 Anecd.
3556 2165 3596 2212 t.
3618 2172 3664 2226 ο,

2124 2262 2183 2319 p.
2224 2244 2299 2318 93
2346 2266 2361 2300 z
2406 2242 2753 2322 Ἰσοκράτους·
2778 2240 2962 2323 ‘'Yet->p
2992 2240 3199 2322 θολερὸν
3236 2240 3329 2299 καὶ
3370 2239 3669 2299 ἀπαίδευτον

2124 2329 2298 2411 ψυχὴν
2322 2331 2382 2389 οὗ
2412 2330 2491 2389 δεῖ
2516 2330 2809 2408 ταράττειν.

2204 2420 2493 2493 Anonymi
2538 2418 2738 2477 Floril.
2777 2420 2840 2473 in
2878 2415 3055 2476 codd.
3096 2419 3329 2475 Baroec.
3379 2414 3495 2481 143
3512 2457 3529 2483 ‚
3584 2416 3667 2470 fol.

2127 2504 2195 2559 61
2235 2501 2464 2563 εΟίδασι
2486 2501 2587 2583 γὰρ
2614 2500 2675 2559 τὸ
2700 2500 2778 2580 ἄρ’
2800 2496 3025 2581 ἑκάτερα
3050 2500 3271 2581 τρεπτὸν
3299 2499 3393 2558 καὶ
3434 2497 3671 2557 ἆ6ἐ6αιον

2124 2593 2227 2649 τῶν
2252 2589 2589 2670 ἀνθρωπίνων
2615 2588 2964 2669 πραγμάτων.

2204 2682 2483 2737 Antonius
2510 2680 2715 2737 Meliss.
2752 2698 2812 2753 p.
2852 2697 2925 2735 10
2956 2679 3119 2737 Gesn.
3154 2696 3171 2732 ι
3202 2668 3281 2736 Εὖ
3312 2696 3397 2733 σοι
3439 2672 3509 2733 τὸ
3546 2672 3663 2749 μέλ·

2126 2767 2217 2824 λον
2244 2765 2377 2843 ἕξει,
2398 2764 2461 2825 ἂν
2482 2764 2542 2825 τὸ
2561 2764 2727 2845 παρὸν
2748 2756 2807 2824 εὖ
2824 2769 2987 2845 τιθῇς.
3006 2764 3347 2843 Ἰσοκράτους.
3376 2788 3403 2818 ε
3426 2767 3672 2821 Fortasse

2126 2857 2373 2911 senarius
2392 2866 2477 2911 est
2510 2874 2525 2909 ε
2556 2842 2615 2911 εῧ
2642 2875 2725 2913 σοι
2754 2851 2817 2911 τὸ
2846 2852 3034 2929 μέλλον
3062 2851 3166 2920 ἔξει
3190 2894 3208 2923 ,
3240 2852 3301 2911 τὸ
3326 2849 3505 2931 παρὸν
3522 2840 3581 2909 εὖ
3602 2872 3671 2907 τι·

2126 2939 2279 3007 θείς.)
2306 2942 2603 3001 δευηισε.

2208 3026 2367 3085 Idem
2384 3046 2443 3101 p.
2468 3026 2542 3083 53
2574 3045 2589 3082 τ
2621 3027 2695 3085 Οἱ
2722 3023 2985 3104 ἅνθρωποι
3022 3023 3139 3083 τότε
3158 3022 3391 3100 γίνονται
3420 3020 3668 3099 βελτίους,

2128 3112 2250 3173 ὅταν
2280 3116 2381 3192 θεῷ
2401 3112 2824 3193 προσέρχωνται·
2852 3111 3028 3187 ὅμοιον
3046 3110 3102 3169 δὲ
3128 3110 3307 3189 ἔχουσι
3334 3112 3435 3190 θεῷ
3464 3109 3531 3167 τὸ
3552 3112 3671 3187 εὔερ-

2125 3204 2292 3278 γετεῒν
2319 3199 2411 3258 καὶ
2438 3200 2731 3271 ἀληθεύειν.
2755 3197 3106 3277 Ἰσοκράτους.

2210 3287 2367 3346 Idem
2402 3307 2461 3364 p,
2503 3287 2578 3344 65
2610 3306 2627 3346 ε
2668 3284 2799 3346 Ἐὰν
2832 3284 2993 3344 καλὸν
3032 3284 3158 3364 ἔχῃς
3194 3287 3352 3359 σῶμα
3386 3282 3479 3343 καὶ
3506 3280 3667 3363 ψυχὴν

2128 3376 2316 3448 κακήν,
2336 3372 2506 3444 καλὴν
2533 3372 2669 3453 ἔχεις
2700 3378 2829 3433 ναῦν
2855 3372 2945 3431 καὶ
2970 3372 3133 3431 κακὸν
3161 3371 3507 3450 κυὸερνῆτην.
3538 3370 3669 3430 Ἰσο-

2128 3462 2367 3543 κράτους.
2400 3462 2422 3541 (
2448 3461 2561 3520 Sed
2596 3466 2641 3519 si
2680 3466 2967 3539 scripseris
2988 3458 3311 3539 κυὸερνήτην
3350 3459 3535 3531 κακόν,
3557 3472 3671 3514 sunt

2130 3551 2247 3607 duo
2281 3552 2501 3607 senarii.
2524 3546 2851 3627 Smrrms.)

2218 3637 2379 3695 Idem
2400 3658 2459 3714 p.
2494 3658 2561 3710 71
2600 3658 2614 3693 :
2672 3636 2779 3696 Τὸν
2802 3634 3050 3716 λογισμὸν
3078 3633 3255 3714 ὥσπερ
3288 3632 3467 3712 ἰατρὸν
3492 3630 3671 3709 ἀγαθὸν

2131 3726 2490 3785 ἐπικαλεῖσθαι
2527 3726 2604 3782 δεῖ
2628 3727 2682 3781 ἐν
2702 3724 2889 3805 ἀτυχία
2921 3722 3126 3803 βοηθόν.
3152 3720 3501 3801 Ἰσοκράτους.

2209 3815 2371 3873 Idem
2408 3832 2465 3888 p.
2504 3814 2611 3871 133
2646 3834 2661 3870 t
2710 3813 3015 3893 Πεφύκασιν
3038 3814 3095 3869 αῖ
3117 3808 3343 3887 πονηραὶ
3381 3808 3556 3888 φύσεις
3587 3805 3669 3865 καὶ

2132 3899 2407 3980 φιλόνεικοι
2437 3899 2511 3975 μὴ
2550 3899 2797 3979 πρότερον
2818 3898 2993 3975 λήγειν
3024 3902 3115 3969 τῆς
3150 3895 3421 3974 διαμάχης
3456 3894 3544 3952 καὶ
3568 3894 3668 3971 lpa-

2132 3987 2238 4054 δος,
2266 3984 2389 4063 πρὶν
2430 3982 2465 4055 ἢ
2494 3984 2701 4065 καιρίαν
2729 3984 2971 4052 δέξασθαι
2996 3984 3094 4056 τὴν
3128 3981 3338 4059 πληγὴν
3378 3980 3473 4039 καὶ
3498 3982 3667 4037 ἀνεπι-

2132 4072 2327 4142 λήστου
2346 4072 2599 4151 τιμωρίας
2616 4080 2801 4153 πεῖραν
2815 4072 3017 4133 λαθεῖν.
3036 4070 3386 4149 Ἰσοκράτους.
3412 4094 3439 4120 α
3458 4072 3665 4125 Horum

2134 4162 2422 4217 dictorum
2450 4163 2559 4217 alia
2588 4164 2901 4236 Hermippo
2930 4160 3157 4233 deberi,
3184 4160 3292 4214 alia
3320 4176 3389 4213 ex
3416 4156 3663 4212 adhorta·

2134 4254 2351 4309 tionum
2376 4254 2857 4329 demonicearum‚
2881 4272 3005 4327 quae
3024 4250 3465 4308 celebratissima
3491 4258 3543 4303 et
3562 4245 3665 4301 ad-

2134 4341 2370 4396 modum
2420 4343 2763 4416 pervulgatae
2806 4350 2994 4410 erant,
3040 4338 3406 4395 similitudine
3452 4334 3665 4392 Isocrati
3757 4330 3759 4343 ²

2140 4430 2281 4485 falso
2308 4430 2517 4486 tributa
2540 4447 2653 4487 esse
2674 4439 2877 4487 statuo.
2902 4452 2927 4479 n
2945 4425 3241 4483 Sam-rius.

1710 4830 2039 4923 XXVI.
2099 4830 2477 4923 ISAEUS.

573 5010 687 5067 vit.
727 5012 784 5067 X
809 5022 976 5066 oratt.
999 5031 1060 5086 p.
1087 5012 1202 5087 839
1223 5054 1239 5082 ,
1273 5015 1339 5088 F,
1365 5014 1436 5069 de
1463 5011 1598 5069 lsaeo
1634 5033 1646 5067 :
1681 5011 2045 5074 Καταλέλοιπε

498 5096 552 5153 δὲ
573 5092 756 5170 λόγους
774 5092 844 5162 ξδ’
856 5140 872 5172 ,
903 5086 976 5153 ὧν
1006 5100 1104 5155 εἰσι
1131 5096 1331 5173 γνήσιοι
1355 5098 1425 5173 ν’,
1461 5096 1549 5156 καὶ
1573 5097 1704 5165 ἰδίας
1721 5095 1926 5177 τέχνας.

576 5182 808 5239 Photius
832 5183 977 5241 Bibl.
1001 5202 1063 5258 p.
1099 5193 1212 5261 490
1253 5204 1286 5242 a
1323 5204 1390 5243 ια
1419 5186 1594 5242 Bekk.
1632 5204 1648 5246 z
1686 5175 1848 5245 Οὗτοι
1880 5184 1935 5246 δὲ
1963 5190 2051 5260 (οἱ

2134 5014 2328 5077 Ἰσαίου
2345 5016 2508 5095 λόγοι)
2527 5016 2707 5083 ἁπλῶς
2725 5017 2887 5075 εἰπεῖν
2908 5016 2977 5081 εἷς
2999 5013 3042 5073 δ’
3061 5013 3151 5073 καὶ
3166 5011 3205 5082 ξ’
3226 5013 3663 5092 συναριθμοῦνται·
3757 5032 3759 5095 3

2136 5100 2333 5207 τούτων
2362 5100 2415 5159 δὲ
2440 5104 2487 5160 οἱ
2509 5101 2567 5161 τὸ
2589 5100 2798 5183 γνήσιον
2828 5096 3243 5181 μαρτυρηθέντες
3260 5096 3305 5158 ν’
3344 5092 3663 5157 καταλείπον-
3757 5110 3759 5119 ·

2140 5211 2231 5246 ται
2258 5211 2421 5266 μονοι.
