3825 5834
521 451 633 505 124

1434 381 1805 494 alzxiNor
1847 432 1897 492 Ο
1943 432 2150 504 ΚΑΤΑ
2197 429 2777 490 ΚΤΗΣΙΦΩΝΤΟΣ.

3435 429 3730 510 (ων-ιιι)

516 578 713 633 σασθαι
750 569 845 641 τὴν
890 566 1099 650 εἰρήνην
1140 564 1232 624 καὶ
1272 563 1553 645 πρεσὸείας
1586 562 1922 622 ἀποστέλλειν
1959 561 2084 638 μέλ-
2121 578 2134 598 ·
2171 581 2282 618 cere
2303 568 2475 629 vellet,
2513 569 2788 630 legatosque
2819 566 3054 616 missurus
3092 567 3245 627 esset3
3273 581 3430 630 quum
3457 570 3732 618 nicbarum

520 663 726 735 λοντος,
752 657 844 716 καὶ
867 660 970 714 τῶν
1000 653 1264 734 ἀρχόντων
1291 654 1395 711 τῶν
1430 653 1481 710 ἐν
1511 650 1720 721 Θήὸαις
1749 649 2082 731 φοὸουμένων

518 747 609 806 τὸν
632 744 843 804 ἐπιόντα
872 743 1103 800 κίνδυνον
1136 738 1391 811 (εἰκότως
1421 740 1479 797 οὐ
1521 737 1621 816 γὰρ
1668 737 1841 817 ῥήτωρ
1883 736 2082 814 ἀστρά-

518 857 698 902 τευτος
732 833 823 892 καὶ
850 827 1019 888 λιπὼν
1053 830 1148 900 τὴν
1184 827 1329 894 τάξιν
1372 824 1553 893 αὐτοὺς
1592 825 1940 898 ἐνουθέτησεν,
1968 824 2085 882 ἀλλ’

516 927 545 981 ὁ
577 919 821 986 Φωκικὸς
844 918 1070 993 πόλεμος
1096 913 1339 984 δεκαετὴς
1365 911 1587 993 γεγονὼς
1618 910 1930 986 ἀείμνηστον
1961 933 2085 968 παι-

522 1007 661 1066 δείαν
683 1006 865 1072 αὖτοὺς
884 1003 1211 1081 ἐπαίδευσε),
1235 1003 1348 1082 (1⁴⁹)
1379 999 1573 1060 τούτων
1599 997 1653 1058 δὲ
1680 999 1904 1078 ἐχόντων
1928 997 2088 1065 οὕτως

524 1093 825 1171 αἰσθόμενος
864 1091 1233 1168 Δημοσθένης,
1278 1089 1368 1146 καὶ
1412 1085 1529 1153 τοὺς
1571 1086 1911 1167 Βοιωτάρχας
1959 1089 2087 1144 ὓπο-

436 1209 491 1249 ⁴0
522 1181 751 1248 πτεύσας
797 1179 1005 1257 μέλλειν
1036 1178 1244 1258 εἰρήνην
1284 1177 1388 1256 ἰδία
1428 1179 1689 1234 ποιεῖσθαι
1722 1175 1937 1255 χρυσίον
1966 1175 2088 1234 ἄνευ

522 1273 680 1328 αὑτοῦ
708 1267 855 1348 παρὰ
882 1265 1159 1326 Φιλίππου
1188 1263 1474 1335 λα6όντας,
1510 1263 1735 1322 ἀὸίωτον
1764 1262 2091 1340 ἡγησάμενος

516 1348 649 1414 εἶναι
675 1355 725 1413 εί
748 1379 885 1420 τινος
912 1351 1349 1434 ἀπολειφθήσεται
1372 1349 1709 1430 δωροδοκίας,
1740 1349 2088 1421 ἀναπηδήσας

520 1446 573 1502 ἐν
596 1446 662 1521 τῇ
684 1441 964 1520 ἐκκλησίᾳ,
984 1439 1184 1506 οὐδενὸς
1210 1435 1494 1516 ἀνθρώπων
1522 1437 1757 1515 λε’γοντος
1784 1436 1891 1494 οὔθ’
1919 1439 1991 1503 ὡς
2013 1438 2090 1494 δεῖ

519 1529 780 1588 ποιεῖσθαι
804 1527 931 1608 πρὸς
958 1525 1230 1585 Φίλιππον
1243 1522 1449 1605 εἰρήνην
1465 1522 1579 1582 οὔθ’
1592 1527 1662 1590 ὧς
1676 1525 1735 1582 οὐ
1752 1525 1859 1596 δεῖ,
1888 1525 2091 1589 ἀλλ’ὡς

520 1615 679 1695 ᾤετο,
694 1619 847 1673 τοῦτο
870 1611 1119 1692 κήρυγμά
1140 1635 1189 1669 τι
1210 1615 1315 1677 τοῖς
1339 1611 1698 1690 Βοιωτάρχαις
1715 1609 2090 1692 προκηρύττων

524 1701 798 1784 ἀναφέρειν
819 1704 962 1779 αὑτῷ
984 1696 1051 1756 τὰ
1072 1698 1205 1777 με’ρη
1223 1701 1328 1756 τῶν
1352 1697 1667 1773 λημμάτων,
1694 1698 1814 1774 (ιεο)
1831 1696 2090 1774 διώμνυτο

416 1807 489 1860 75
522 1789 617 1861 τὴν
644 1789 859 1860 Ἀθηνᾶν
892 1787 993 1862 (ἥν,
1016 1790 1085 1852 ὡς
1114 1785 1281 1863 ἔοικε,
1311 1785 1532 1852 Φειδίας
1586 1783 1942 1862 ἐνεργολαὸεῖν
1985 1787 2089 1867 εἰρ-

520 1877 723 1954 γάσατο
747 1873 836 1933 καὶ
866 1875 1182 1953 ἐνεπιορκεῖν
1225 1870 1577 1950 Δημοσθήνει)
1609 1863 1644 1942 ἦ
1674 1870 1777 1947 μὴν
1806 1869 1957 1938 εἴτις
1985 1873 2092 1951 ἐρεῖ

521 1967 591 2031 ὡς
618 1961 723 2042 χρὴ
763 1961 889 2040 πρὸς
935 1961 1206 2022 Φίλιππον
1241 1959 1448 2038 εῑρήνην
1490 1957 1838 2030 ποιήσασθαι,
1869 1957 2088 2026 ἀπάξειν

521 2053 595 2118 εἰς
622 2050 679 2108 τὸ
708 2047 1063 2128 δεσμωτήριον
1098 2045 1473 2122 ἐπιλαὸόμενος
1504 2049 1608 2102 τῶν
1636 2047 1854 2124 τριχῶν,
1886 2047 2087 2122 ἀπομι-

522 2136 776 2213 μούμενος
809 2134 905 2207 τὴν
938 2136 1276 2214 Κλεοφῶντος
1313 2132 1601 2204 πολιτείαν,
1631 2131 1685 2198 ὃς
1713 2132 1798 2189 ἐπὶ
1827 2137 1920 2190 τοῦ
1961 2134 2090 2212 πρὸς

522 2222 966 2300 Λακεδαιμονίους
992 2220 1254 2298 πολέμου,
1276 2224 1347 2287 ὡς
1366 2221 1607 2297 λέγεται,
1631 2219 1727 2292 τὴν
1758 2219 1909 2279 πόλιν
1943 2221 2089 2279 ἀπώ-

468 2334 495 2375 ι
520 2313 689 2372 λεσεν.
733 2310 832 2377 Ὡς
854 2312 900 2369 δ’
928 2312 987 2369 οὔ
1014 2318 1293 2388 προσεῖχον
1316 2309 1461 2389 αὐτῷ
1484 2312 1531 2367 οἱ
1558 2309 1804 2389 ἄρχοντες
1826 2311 1873 2368 οἱ
1898 2310 1951 2366 ἐν
1975 2311 2090 2375 ταῖς

523 2399 759 2470 Θήὸαις,
806 2397 945 2457 ἀλλὰ
982 2398 1073 2456 καὶ
1116 2396 1234 2463 τοὺς
1284 2397 1606 2476 στρατιώτας
1652 2394 1769 2460 τοὺς
1814 2396 2092 2475 ὑμετέρους

524 2488 685 2545 πάλιν
712 2484 1035 2565 ἀνέστρεψαν
1062 2482 1459 2559 ἐξεληλυθότας,
1478 2481 1566 2539 ἵνα
1596 2481 1943 2559 βουλεύσησθε
1971 2479 2091 2562 περὶ

524 2577 617 2644 τῆς
664 2573 870 2650 εἰρήνης
888 2615 903 2644 ,
947 2574 1169 2630 ἐνταῦθα
1224 2569 1559 2628 παντάπασιν
1603 2567 1803 2648 ἔκφρων
1854 2567 2088 2643 ἐγένετο,

524 2663 545 2738 ζ
556 2663 647 2738 ιιι)
678 2659 771 2718 καὶ
798 2657 1069 2739 παρελθὼν
1099 2657 1182 2715 ἐπὶ
1215 2657 1275 2716 τὸ
1306 2661 1453 2736 βῆμα
1485 2655 1739 2735 προδότας
1765 2659 1868 2712 τῶν
1894 2654 2092 2726 Ἑλλή-

526 2771 630 2804 νων
674 2745 791 2812 ‘robe
838 2746 1176 2824 Βοιωτάρχας
1224 2743 1548 2819 ἀπεκάλεσε,
1594 2743 1684 2800 καὶ
1725 2741 1940 2823 γράψειν
1992 2741 2089 2824 ἔφη

526 2832 773 2911 ψήφισμα
803 2836 831 2890 ὁ
858 2841 965 2901 τοῖς
988 2830 1253 2906 πολεμίοις
1271 2829 1505 2889 οὐδέποτ’
1531 2828 1843 2910 ἀντιὸλέψας
1866 2827 2093 2905 πέμπειν

530 2925 665 2995 ὑμᾶς
694 2917 941 2997 πρέσὸεις
968 2922 1039 2985 εἷς
1070 2918 1258 2988 Θήὸας
1289 2917 1599 2988 αἰτήσοντας
1630 2915 1901 2988 Θηὸαίους
1926 2916 2088 2975 δίοδον

452 3035 503 3072 10
531 3005 618 3064 ἐπὶ
666 3007 961 3066 Φίλιππον.
1047 3004 1575 3084 Ὑπεραισχυνθὲντες
1618 3002 1672 3061 δὲ
1696 3007 1745 3062 οἱ
1786 3007 1841 3062 ἐν
1880 3003 2092 3076 Θήὸαις

531 3093 777 3172 ἄρχοντες
807 3093 882 3168 μὴ
924 3091 1134 3160 δόξωσιν
1176 3095 1246 3158 ὡς
1286 3094 1491 3162 ἀληθῶς
1530 3082 1663 3149 εἶναι
1698 3091 1948 3170 προδόται
1987 3096 2090 3150 τῶν

530 3178 823 3252 Ἑλλήνων,
843 3179 947 3238 ἀπὸ
968 3180 1062 3256 μὲν
1082 3185 1174 3250 τῆς
1192 3179 1396 3260 εἰρήνης
1415 3177 1761 3258 ἀπετρέποντο
1776 3222 1792 3250 ,
1815 3180 1903 3238 ἐπὶ
1923 3179 1976 3238 δὲ
1997 3179 2090 3250 τὴν

530 3266 821 3348 παράταξιν
849 3267 1124 3346 ὥρμησαν.

617 3376 709 3416 iss.
752 3354 919 3414 Ἔνθα
942 3355 1007 3426 δὴ
1037 3354 1128 3412 καὶ
1156 3357 1258 3412 τῶν
1289 3355 1495 3431 ἀγαθῶν
1534 3355 1735 3432 ἀνδρῶν
1775 3353 1915 3422 ἄξιόν
1953 3355 2092 3412 ἐστιν

533 3445 943 3518 ἐπιμνησθῆναι,
988 3441 1077 3508 οὓς
1134 3433 1278 3508 οὗτος
1322 3442 1521 3499 ἀθύτων
1565 3440 1653 3499 καὶ
1699 3440 2090 3518 ἀκαλλιερήτων

531 3529 693 3590 ὄντων
715 3534 818 3589 τῶν
843 3533 993 3610 ἱερῶν
1025 3531 1296 3610 ἐκπέμψας
1327 3529 1415 3588 ἐπὶ
1441 3527 1529 3588 τὸν
1569 3529 1828 3608 πρόδηλον
1860 3529 2092 3588 κίνδυνον

532 3617 788 3692 ἐτόλμησε
812 3627 915 3684 τοῖς
941 3617 1220 3698 δραπέταις
1248 3615 1370 3676 ποσὶ
1402 3615 1493 3675 καὶ
1519 3617 1786 3675 λελοιπόσι
1814 3616 1908 3688 τὴν
1949 3616 2092 3686 τάξιν

531 3705 727 3772 ἀναὸὰς
748 3704 833 3765 ἐπὶ
856 3705 941 3764 τὸν
960 3704 1123 3786 τάφον
1145 3709 1248 3763 τῶν
1284 3703 1726 3776 τετελευτηκότων
1750 3705 2092 3783 ἐγκωμιάζειν

450 3819 504 3858 tr»
530 3791 624 3863 τὴν
655 3793 862 3852 ἐκείνων
908 3791 1117 3874 ἀρετήν.
1202 3783 1285 3851 Ὦ
1326 3791 1453 3872 πρὸς
1497 3791 1590 3867 μὲν
1638 3791 1705 3851 τὰ
1754 3793 1961 3870 μεγάλα
2003 3792 2094 3852 καὶ

532 3881 789 3938 σπουδαῖα
812 3879 1022 3938 πάντων
1047 3879 1331 3959 ἀνθρώπων
1360 3877 1745 3958 ἀχρηστότατε,
1770 3879 1896 3961 πρὸς
1920 3881 1974 3940 δὲ
1997 3881 2092 3952 τὴν

531 3968 582 4023 ἐν
605 3972 711 4032 τοῖς
729 3965 896 4044 λόγοις
918 3965 1117 4041 τόλμαν
1142 3965 1540 4042 θαυμασιώτατε
1558 4009 1575 4042 ,
1606 3966 1957 4046 ἐπιχειρήσεις
1999 3970 2092 4025 αὖ·

532 4051 653 4110 τίκα
688 4052 865 4128 μάλα,
909 4054 1113 4132 βλέπων
1156 4055 1227 4118 εἷς
1266 4051 1331 4109 τὰ
1375 4049 1569 4110 τούτων
1613 4053 1897 4134 πρόσωπα,
1925 4055 2093 4131 λέγειν

533 4139 603 4204 ὡς
624 4139 702 4196 δεῖ
727 4160 784 4196 σε
806 4138 893 4196 ἐπὶ
912 4139 1025 4205 ταῖς
1044 4141 1134 4208 τῆς
1155 4138 1354 4203 πόλεως
1378 4147 1665 4218 συμφοραῖς
1689 4144 2093 4219 στεφανοῦσθαις

533 4223 623 4282 ἐὰν
658 4225 703 4282 δ’
746 4216 891 4292 οὗτος
926 4223 1080 4304 λέγῃ,
1112 4225 1258 4301 ὑμεῖς
1281 4227 1623 4302 ,ὖπομενεῖτῆ
1662 4226 1753 4285 καὶ
1796 4234 2092 4288 συναποθα-

536 4318 700 4369 νεῖται
738 4319 845 4378 τοῖς
893 4311 1282 4385 τελευτήσασιν,
1325 4315 1395 4378 ὡς
1438 4312 1602 4389 ἔοικε,
1648 4313 1738 4372 καὶ
1786 4317 1818 4384 ἡ
1866 4314 2092 4395 ὑμετέρα

454 4421 509 4460 20
534 4395 745 4474 μνήμης
774 4398 893 4475 (153)
908 4396 1123 4458 Γένεσθε
1148 4398 1211 4468 δή
1233 4421 1321 4473 μοι
1340 4399 1522 4478 μικρὸν
1540 4399 1725 4478 χρόνον
1744 4399 1837 4471 τὴν
1862 4399 2091 4460 διάνοιαν

534 4485 608 4561 μὴ
638 4488 691 4543 ἐν
718 4489 793 4566 τῷ
821 4485 1138 4566 δικαστηρίῳ
1167 4485 1281 4544 ἀλλ’
1310 4489 1361 4544 ἕν
1384 4490 1459 4564 τῷ
1482 4487 1709 4568 θεάτρῳ,
1731 4487 1821 4547 καὶ
1854 4488 2094 4565 νομίσαθ’

530 4575 655 4650 δρᾶν
676 4561 918 4652 προϊόντα
946 4572 1032 4631 τὸν
1061 4572 1265 4653 κήρυκα
1305 4573 1396 4632 καὶ
1422 4573 1517 4645 τὴν
1552 4577 1611 4633 ἐκ
1638 4581 1731 4634 τοῦ
1759 4576 2094 4656 ψηφίσματος

533 4654 818 4739 ἀνάρρησιν
848 4659 1140 4738 μέλλουσαν
1176 4661 1409 4739 γίνεσθαι
1428 4705 1446 4737 ,
1475 4661 1565 4719 καὶ
1598 4662 1875 4739 λογίσασθε
1913 4663 2091 4744 πότερ’

532 4744 695 4805 οἴεσθε
724 4745 840 4813 τοὺς
869 4750 1085 4814 οἰκείους
1111 4753 1215 4807 τῶν
1246 4747 1665 4818 τελευτησάντων
1692 4747 1859 4807 πλείω
1890 4749 2092 4830 δάκρυα

534 4833 749 4910 ἀφήσειν
781 4834 869 4893 ἐπὶ
895 4843 1009 4901 ταῖς
1043 4835 1357 4916 τραγῳδίαις
1388 4835 1479 4893 καὶ
1504 4843 1607 4902 τοῖς
1634 4840 1877 4914 ἡρωικοῖς
1902 4839 2093 4896 πάθεσι

531 4922 635 4986 τοῖς
662 4921 797 4996 μετὰ
821 4923 969 4980 ταῦτ’
987 4927 1301 4982 ἐπεισιοῦσιν
1329 4921 1363 4993 ἢ
1389 4921 1475 4980 ἐπὶ
1494 4927 1560 5000 τῇ
1580 4927 1671 4992 τῆς
1692 4922 1892 4992 πόλεως
1916 4927 2092 5004 ἀγνω-

457 5027 511 5066 as
536 5007 757 5086 μοσύνη.
844 5009 960 5088 (ιω)
998 5011 1093 5076 Τίς
1118 5010 1219 5089 γὰρ
1262 5011 1357 5068 οὔκ
1407 5009 1469 5068 ἂν
1514 5010 1787 5088 ἀλγήσειεν
1828 5013 2094 5094 ἄνθρωπος

530 5091 732 5165 Ἕλλην
764 5095 854 5152 καὶ
880 5097 1171 5165 παιδευθεὶς
1200 5095 1503 5176 ἐλευθέρως,
1542 5099 1889 5175 ἀναμνησθεὶς
1925 5105 1978 5161 ἓν
2017 5107 2094 5184 τῷ

533 5179 728 5262 θεάτρῳ
752 5183 915 5241 ἐκεῖνό
943 5205 1033 5260 γε,
1065 5187 1109 5242 εἰ
1144 5185 1305 5261 μηδὲν
1336 5185 1527 5266 ἕτερον,
1557 5184 1637 5245 ὅτι
1664 5186 1831 5268 ταύτῃ
1858 5189 1985 5248 ποτὲ
2023 5195 2089 5270 τῇ

2174 662 2414 725 principes
2435 662 2690 711 imminens
2701 661 2802 724 jam
2821 661 3090 724 periculum
3129 662 3501 712 reformidarent
3551 665 3737 725 (neque

2173 755 2349 817 iniuria
2368 774 2380 806 :
2401 768 2498 804 non
2511 755 2640 804 enim
2655 768 2739 805 eos
2754 757 2920 804 orator
2937 754 3124 804 militioe
3141 754 3271 806 rudis
3290 755 3572 819 ordinisque
3589 757 3736 806 deser·

2174 852 2251 900 tor
2281 851 2562 911 monuerat,
2581 847 2666 898 sed
2700 849 2943 899 Phocense
2959 848 3077 898 illud
3107 847 3368 900 decennale
3390 849 3582 899 bellum
3601 853 3735 898 aeter·

2175 955 2295 992 num
2308 943 2480 992 animis
2491 942 2836 992 documentum
2846 941 3122 1004 infixerat),
3159 943 3288 1004 (149)
3299 956 3450 1006 quum
3485 943 3594 992 haec
3603 943 3738 1005 igitur

2173 1037 2242 1086 ita
2263 1049 2314 1086 se
2332 1035 2564 1086 haberent
2575 1072 2591 1096 ,
2609 1049 2861 1098 quumque
2877 1035 3282 1086 animadverteret
3301 1051 3360 1086 ea
3375 1037 3734 1098 Demosthenes,

2175 1143 2234 1180 ac
2247 1131 2570 1193 suspicaretur
2585 1131 2866 1180 Boeotorum
2896 1130 3132 1193 principes
3153 1143 3324 1194 pacem
3343 1131 3576 1194 privatim
3598 1131 3735 1180 coitu·

2179 1237 2286 1286 ros,
2306 1237 2428 1274 auro
2452 1224 2556 1274 sine
2584 1236 2636 1273 se
2659 1237 2689 1272 a
2715 1223 2936 1286 Philippo
2975 1226 3176 1286 accepto
3189 1259 3209 1284 ‚⁴
3237 1238 3334 1273 non
3355 1225 3444 1274 sibi
3483 1225 3738 1275 vivendum

2177 1317 2457 1376 arbitratus,
2477 1317 2516 1365 si
2531 1331 2628 1380 qua
2643 1317 2906 1380 largitionis
2922 1317 3152 1368 societate
3170 1317 3534 1380 excluderetur,
3555 1322 3740 1382 repente

2177 1412 2226 1460 in
2251 1411 2486 1462 concione
2520 1411 2732 1475 prosiliit
2745 1447 2763 1475 ,
2795 1414 2846 1461 et
2867 1425 3035 1475 neque.
3053 1412 3246 1462 dicerite
3281 1425 3536 1476 quoquam
3573 1415 3740 1462 morta·

2181 1506 2300 1555 lium
2313 1542 2328 1566 ,
2347 1517 2515 1568 pacem
2533 1517 2648 1554 cum
2676 1505 2898 1568 Philippo
2913 1506 3069 1556 tacere
3083 1507 3324 1568 oportere,
3339 1518 3506 1569 neque
3527 1509 3737 1568 negante,

2178 1597 2263 1648 sed
2281 1599 2396 1660 quia
2411 1599 2628 1648 censeret
2647 1611 2700 1648 se
2717 1598 2812 1648 boc
2826 1599 2978 1649 veluti
3001 1598 3242 1662 praeconio
3260 1601 3546 1650 Booten-um
3561 1599 3740 1662 princi-

2176 1693 2320 1756 pibus
2333 1691 2728 1742 denuntiatorum
2761 1703 2882 1752 esse,
2903 1694 2961 1741 ut
2971 1705 3138 1742 secum
3157 1695 3468 1756 acceptorum
3489 1705 3736 1743 munerum

2177 1789 2364 1851 partem
2381 1786 2796 1836 communicarent
2811 1800 2825 1834 x
2849 1785 2978 1848 (150)
2991 1799 3078 1849 per
3089 1787 3350 1837 Minervam
3361 1787 3566 1848 iurabat
3585 1787 3736 1850 (qnam

2178 1881 2435 1930 sciliceteo
2469 1879 2730 1930 fabricatus
2763 1879 2838 1928 est
2859 1877 3053 1928 Phidias
3085 1880 3143 1928 ut
3163 1876 3276 1928 inde.
3297 1881 3546 1940 quaestum
3573 1879 3738 1928 taceret

2179 1977 2228 2025 et
2245 1977 2479 2038 pejeraret
2499 1973 2889 2034 Demosthenes),
2909 1973 2948 2022 si
2969 1972 3077 2036 quis
3092 1984 3259 2036 pacem
3277 1985 3381 2023 esse
3398 1986 3516 2022 cum
3535 1971 3736 2036 Philippo

2180 2068 2446 2119 taciendam
2477 2068 2660 2119 diceret
2674 2103 2689 2128 ,
2721 2081 2774 2118 se
2805 2081 2918 2117 eum
2943 2067 3128 2130 capillis
3162 2069 3410 2130 arreptum
3431 2067 3485 2117 in
3503 2079 3734 2118 carcerem

2177 2162 2522 2224 abducturum,
2553 2151 2864 2225 Cleopliontis
2900 2161 3118 2211 imitatus
3147 2159 3198 2210 in
3222 2161 3608 2212 administranda
3641 2175 3734 2224 rep.

2179 2255 2436 2316 rationem,
2458 2255 2542 2318 qui
2577 2255 2704 2304 bello
2727 2253 3088 2304 Lacednmonio
3109 2253 3353 2304 civitatem
3377 2253 3560 2305 dicitur
3585 2253 3736 2318 perdi.

2180 2347 2318 2398 disse.
2344 2347 2436 2398 Sed
2460 2361 2613 2411 quum
2630 2347 2968 2398 Thebanorum
2989 2347 3228 2411 principes
3245 2348 3288 2398 ei
3304 2361 3402 2398 non
3423 2349 3734 2408 attenderent,

2181 2441 2452 2504 militesque
2474 2444 2660 2492 vestros
2680 2441 2782 2502 iam
2801 2453 3012 2503 egressos
3043 2440 3348 2502 remisissent,
3365 2444 3420 2492 ut
3441 2455 3530 2493 vos
3553 2441 3616 2492 de
3633 2455 3738 2504 pace

2181 2533 2540 2594 consultaretis,
2563 2533 2628 2583 ibi
2647 2547 2764 2584 vero
2787 2534 2986 2584 omnino
3003 2547 3172 2584 amens
3189 2535 3362 2596 evasit,
3397 2535 3533 2598 (151)
3557 2539 3606 2586 et
3635 2549 3732 2584 con·

2180 2638 2346 2675 secuso
2381 2629 2604 2688 suggestu
2639 2628 2919 2676 Boeotorum
2959 2627 3199 2690 principes
3232 2628 3432 2678 Graeciae
3482 2629 3734 2692 proditores

2181 2718 2460 2780 appellavit,
2489 2719 2765 2781 scitumque
2795 2731 2847 2769 se
2873 2718 3114 2769 facturum
3144 2719 3268 2770 dixit
3301 2721 3342 2770 is
3373 2721 3460 2784 qui
3501 2733 3732 2783 nunquam

2183 2811 2372 2862 bostem
2409 2811 2558 2862 rectis
2589 2811 2745 2862 oculis
2775 2812 2982 2864 intuitus
3011 2817 3112 2872 est.
3138 2818 3198 2865 ut
3220 2827 3310 2864 vos
3341 2815 3530 2877 legatos
3565 2814 3734 2866 'rbehu

2186 2903 2466 2964 mitteretis,
2505 2904 2590 2966 qui
2628 2917 2657 2952 a
2677 2905 2920 2956 Thebanis
2950 2907 3208 2958 transitum
3247 2907 3552 2969 postularent
3583 2907 3734 2956 contra

2185 2996 2474 3058 Philippum.
2539 2999 2742 3046 Summo
2787 2997 2932 3060 igitur
2975 2998 3160 3060 pudore
3207 2999 3368 3048 affecti
3409 2999 3733 3050 Thetnnornm

2181 3087 2436 3150 principes,
2469 3101 2527 3136 ac
2567 3089 2708 3138 veriti
2739 3101 2802 3138 ne
2832 3101 3000 3140 revera
3031 3093 3318 3140 Graecorum
3353 3091 3624 3153 proditores
3645 3101 3734 3140 esse

2183 3177 2478 3238 viderentur,
2507 3191 2538 3230 a
2562 3193 2680 3242 pace
2713 3179 3035 3242 divertebant,
3061 3183 3207 3243 atque
3229 3179 3290 3231 ad
3319 3179 3474 3229 aciem
3509 3181 3734 3229 instruen-

2181 3269 2292 3320 dam
2315 3271 2656 3335 properabant.

2251 3369 2358 3414 152.
2391 3367 2497 3414 Hoc
2543 3365 2650 3414 loco
2681 3366 2976 3427 optimorum
3001 3366 3216 3416 virorum
3245 3367 3523 3416 meminisse
3555 3366 3732 3428 dignum

2184 3463 2277 3521 est,
2302 3475 2424 3524 quos
2456 3462 2546 3511 iste
2573 3476 2725 3525 quum
2739 3463 2888 3514 sacris
2905 3477 3002 3513 non
3021 3463 3187 3525 litatis,
3216 3478 3312 3514 non
3331 3465 3670 3522 annuentibus,
3691 3461 3730 3508 in

2182 3558 2403 3618 apertum
2423 3557 2690 3618 periculum
2712 3557 2975 3619 ablegasset
2991 3595 3006 3619 ,
3027 3572 3173 3607 ausus
3191 3562 3262 3608 est
3278 3596 3293 3620 ,
3321 3560 3574 3621 i'ugacibus
3601 3561 3644 3608 et
3664 3571 3732 3606 or-
3777 3543 3779 3552 ¹

2181 3653 2307 3703 dinis
2324 3653 2648 3704 desertoribus
2673 3652 2876 3716 pedibus
2899 3654 2947 3702 in
2977 3655 3218 3704 tumulum
3239 3659 3548 3705 mortuorum
3579 3667 3730 3704 asceu-

2183 3749 2315 3811 dere,
2344 3763 2610 3812 eorumque
2629 3751 2956 3801 tortitudinem
2975 3751 3321 3800 collaudare.0
3353 3751 3414 3801 ad
3447 3765 3525 3803 τω
3555 3762 3732 3832 magnas
3775 3809 3777 3814 .

2181 3849 2422 3911 seriesque
2436 3849 2641 3912 agendas
2654 3847 2902 3898 hominum
2915 3847 3132 3898 omnium
3149 3848 3440 3912 nantissime,
3453 3851 3514 3900 ad
3527 3847 3734 3900 orationis

2184 3945 2520 3996 confidentiam
2558 3947 2776 3994 omnium
2822 3942 3343 3994 accommodathsime!
3396 3945 3598 3996 hoccine
3631 3955 3732 3992 mox

2183 4055 2323 4106 agere
2340 4041 2623 4102 contendes,
2647 4041 2697 4090 in
2715 4054 2798 4091 ora
2819 4041 3020 4092 istorum
3040 4042 3234 4092 intuens
3247 4077 3262 4102 ,
3283 4041 3463 4092 debere
3485 4045 3536 4092 te
3555 4044 3732 4104 propter
3773 4033 3775 4075 Ι

2181 4139 2387 4190 civitatis
2413 4137 2709 4187 calamitates
2741 4151 2920 4188 corona
2955 4139 3227 4188 honestari?
3259 4151 3378 4200 ves,
3415 4139 3457 4188 si
3485 4140 3529 4189 is
3549 4135 3730 4188 dixerit.
3771 4134 3773 4162 ¹

2183 4235 2458 4299 patiemini,
2483 4249 2678 4297 unaque
2695 4247 2806 4283 cum
2825 4235 2884 4284 iis
2907 4235 2989 4297 qui
3007 4235 3220 4284 defuncti
3241 4238 3356 4286 sunt
3379 4239 3541 4286 vestra
3557 4245 3732 4300 qnoque

2180 4333 2528 4383 commorietur
2541 4323 2804 4382 meinoria?
2818 4331 2951 4393 (15³)
2974 4331 3146 4381 Adeste
3163 4331 3280 4381 mihi
3300 4331 3544 4396 paulisper
3557 4329 3728 4386 animis,

2183 4431 2520 4492 Athenienses,
2539 4427 2749 4490 neniam
2773 4428 2822 4477 in
2837 4427 3020 4489 jndicio
3033 4465 3046 4490 ,
3067 4427 3151 4478 sed
3169 4429 3219 4477 in
3234 4429 3452 4491 theatro;
3477 4429 3633 4493 ponite
3651 4439 3724 4474 το-
3769 4462 3771 4476 .

2182 4528 2256 4578 bis
2282 4530 2396 4577 ante
2429 4527 2596 4576 oculos
2631 4538 2902 4588 proeconem
2925 4525 3240 4588 prodeuntem
3263 4526 3726 4589 praedicationemque
3769 4483 3771 4549 ¹

2181 4647 2244 4682 ex
2281 4633 2527 4696 plebiscito
2561 4632 2798 4681 facturum
2812 4668 2827 4693 ,
2851 4645 2911 4681 ac
2942 4631 3190 4682 vobiswm
3227 4631 3548 4694 considerate,
3579 4633 3722 4679 utrum
3767 4659 3769 4684 :

2183 4730 2358 4794 putetis
2381 4733 2682 4780 mortuorum
2709 4729 3002 4792 propinquos
3030 4729 3193 4792 plures
3225 4729 3448 4779 lacrimas
3469 4729 3724 4792 pronisuroe
3767 4689 3769 4785 ί

2181 4827 2246 4876 ob
2261 4826 2601 4888 tragoediarum
2631 4825 2907 4888 spectacula
2927 4827 2978 4886 et
2994 4825 3194 4875 acerbos
3229 4824 3432 4875 heroum
3467 4837 3628 4884 cam,
3649 4819 3720 4883 qui
3765 4859 3767 4862 ι

2182 4935 2294 4971 mox
2317 4921 2364 4972 in
2391 4933 2583 4970 scenam
2609 4919 2952 4983 producentur,
2973 4933 3036 4969 an
3057 4919 3122 4970 ob
3144 4919 3354 4969 civitatis
3375 4919 3665 4984 iniqnitatem
3681 4917 3720 4962 et

2181 5013 2486 5063 dementiam.
2555 5013 2685 5074 (154)
2727 5011 2846 5071 Quis
2873 5012 3028 5074 enim,
3065 5011 3139 5060 vir
3165 5015 3366 5062 Graecus
3412 5014 3462 5061 et
3487 5008 3719 5061 liberaliter

2181 5107 2456 5166 institutus,
2501 5118 2598 5154 non
2639 5105 2945 5166 ingemiscat,
2983 5105 3022 5154 si
3065 5105 3182 5154 nihil
3213 5103 3369 5165 aliud,
3412 5102 3530 5152 illud
3569 5101 3715 5150 saltem
3763 5157 3765 5172 Σ

2181 5199 2230 5248 iu
2249 5199 2440 5248 theatro
2461 5197 2761 5260 recordatus,
2787 5199 2878 5248 boc
2893 5198 3136 5261 quondam
3152 5197 3228 5247 die
3250 5197 3489 5258 tragoetlis,
3515 5197 3568 5244 ut
3589 5201 3712 5248 nunc,
3763 5180 3765 5258 1

3642 5717 3650 5722 -
3745 5553 3762 5783 l
