3825 5834
172 489 405 568 (au-eu)

167 621 362 695 δόμενος.
442 617 557 694 (2¹0)
584 613 873 694 Ἀπηνέχθη
900 613 1001 695 γὰρ
1027 619 1061 686 ἡ
1090 615 1227 674 κατὰ
1252 617 1399 676 τοῦδε
1440 621 1531 676 τοῦ
1566 621 1670 698 ψη-

164 707 382 788 φίσματος
404 703 607 784 γραφή,
636 702 703 774 ἢν
730 705 831 781 οὐχ
864 699 995 779 ὑπὲρ
1032 705 1125 772 τῆς
1164 702 1363 769 πόλεως
1398 700 1513 760 ἀλλ’
1542 702 1669 783 ὑπὲρ

167 799 243 864 τῆς
266 797 327 858 εἰς
345 791 667 868 Ἀλέξανδρον
692 787 947 856 ἐνδείξεώς
989 810 1052 863 με
1103 787 1202 868 φὴς
1239 791 1555 864 ἀπενεγκεῖν,
1592 789 1669 848 ἐτι

162 880 391 940 Φιλίππου
434 881 617 946 ζῶντος
632 919 651 948 ,
692 874 815 956 πρὶν
870 873 1201 955 Ἀλέξανδρον
1243 877 1315 940 εἷς
1358 875 1453 947 τὴν
1500 875 1666 955 ἀρχὴν

160 969 471 1040 καταστῆναι,
510 962 658 1022 οὔπω
696 968 787 1022 σοῦ
824 963 883 1020 τὸ
924 961 1043 1040 περὶ
1088 959 1395 1022 Παυσανίαν
1431 961 1665 1022 ἐνύπνιον

160 1055 407 1133 ἑωρακότος
418 1051 531 1110 οὐδὲ
551 1050 678 1128 πρὸς
702 1048 797 1120 τὴν
817 1047 1032 1120 Ἀθηνᾶν
1050 1048 1143 1106 καὶ
1161 1045 1253 1119 τὴν
1272 1046 1347 1108 Ἥ
1355 1071 1448 1127 ραν
1466 1048 1667 1129 νύκτωρ

107 1164 143 1201 ιε
160 1140 491 1217 διειλεγμένου.
559 1141 687 1204 Πῶς
715 1137 779 1194 ἂν
803 1129 891 1196 οὖν
912 1135 1015 1212 ἐγὼ
1036 1135 1497 1215 προενεδεικνύμην
1528 1135 1664 1198 Ἀλε·

160 1230 352 1308 ξάνδρῳ,
378 1227 427 1284 εἴ
442 1249 501 1304 γε
532 1225 607 1300 μὴ
637 1224 799 1282 ταύτὸ
826 1223 1058 1282 ἐνύπνιον
1084 1221 1189 1302 ἐγὼ
1214 1223 1305 1280 καὶ
1332 1222 1667 1299 Δημοσθένης

158 1317 349 1392 εἴδομενς
374 1316 491 1392 (220)
522 1313 807 1391 Ἐπιτιμᾷς
846 1309 901 1369 δέ
937 1334 1025 1380 μοι
1066 1312 1111 1368 εἰ
1150 1310 1227 1386 μὴ
1264 1313 1492 1389 συνεχῶς
1528 1310 1666 1368 ἀλλὰ

158 1403 398 1461 διαλείπων
424 1400 551 1480 πρὸς
570 1401 661 1458 τὸν
684 1401 848 1475 δῆμον
876 1397 1267 1479 προσέρχομαι,
1290 1398 1380 1456 καὶ
1403 1397 1497 1469 τὴν
1516 1397 1664 1467 ἀξίω-

156 1514 219 1548 σιν
241 1488 415 1561 ταύτην
446 1488 542 1547 οἴει
558 1487 831 1546 λανθάνειν
856 1485 1159 1566 μεταφέρων
1188 1487 1281 1544 οὔκ
1308 1487 1368 1543 ἐκ
1397 1486 1664 1564 δημοκρα-

155 1576 243 1642 τίας
262 1575 365 1634 ἀλλ’
389 1575 441 1643 ἐξ
466 1573 651 1654 ἐτέρας
674 1573 955 1638 πολιτείας.
1041 1571 1135 1632 Ἔν
1162 1570 1256 1648 μὲν
1284 1570 1385 1649 γὰρ
1417 1580 1528 1638 ταῖς
1557 1573 1659 1630 ὀλι-

154 1661 354 1742 γαρχίαις
374 1667 469 1742 οὐχ
490 1667 519 1720 ὁ
548 1661 857 1741 βουλόμενος
880 1661 997 1716 ἀλλ’
1025 1661 1053 1716 δ
1076 1659 1399 1718 δυναστεύων
1426 1681 1662 1738 κατηγο-

96 1767 135 1804 m
154 1751 233 1827 ρεῖ,
248 1754 295 1808 ἐν
310 1749 361 1808 δὲ
374 1759 481 1815 ταῖς
500 1747 875 1827 δημοκρατίαις
893 1748 921 1803 ὁ
938 1743 1243 1824 βουλόμενος
1262 1743 1353 1804 καὶ
1372 1743 1495 1804 ὅταν
1520 1748 1663 1825 αύτῷ

152 1837 271 1909 δοκῆ.
338 1837 437 1898 Καὶ
458 1836 518 1894 τὸ
542 1835 641 1912 μὲν
669 1833 754 1894 διὰ
778 1832 967 1912 χρόνου
989 1831 1159 1910 λέγειν
1182 1832 1395 1907 σημεῖόν
1419 1835 1556 1891 ἐστιν
1574 1833 1661 1891 ἐπὶ

148 1903 238 1978 τῶν·
252 1927 427 2003 καιρῶν
449 1923 653 1981 καὶτοῦ
674 1919 1019 2000 συμφέροντος
1040 1917 1221 1997 ἀνδρὸς
1238 1918 1658 1996 πολιτευομένου,

148 2008 196 2066 τὸ
214 2009 259 2067 δὲ
292 2010 541 2088 μηδεμίαν
578 2007 924 2087 παραλείπειν
952 2005 1155 2086 ἡμέραν
1197 2005 1541 2085 ἐργαζομένου
1569 2007 1661 2064 καὶ

148 2102 521 2176 μισθαρνοῦντος.
613 2095 729 2173 (221)
760 2093 927 2173 Ὑπὲρ
950 2093 1005 2152 δὲ
1026 2098 1115 2151 τοῦ
1147 2093 1367 2168 μηδέπω
1392 2092 1661 2173 κεκρίσθαι

149 2185 220 2239 ὑπ’
242 2187 353 2259 ἐμοῦ
394 2184 525 2260 μηδὲ
556 2186 667 2241 τῶν
709 2181 1049 2258 ἀδικημάτων
1088 2179 1343 2259 τιμωρίαν
1392 2182 1658 2259 ὑποσχεῖν,

150 2267 249 2327 ὅταν
282 2269 599 2352 καταφεύγῃς
639 2269 729 2328 ἐπὶ
762 2269 880 2336 τοὺς
918 2267 1173 2334 τοιούτους
1214 2265 1396 2344 λόγους
1426 2311 1443 2339 ,
1462 2266 1498 2338 ἣ
1541 2266 1659 2334 τοὺς

154 2357 387 2425 ἇκούωτας
404 2358 763 2434 ἐπιλήσμονας
790 2353 1177 2432 ὖπολαμὸάνεις
1203 2351 1241 2424 ἢ
1268 2354 1457 2412 σαυτὸν
1484 2376 1658 2434 παρα-

90 2459 129 2498 25
148 2445 307 2523 λογίζῃ.
328 2445 412 2505 Τὰ
444 2444 539 2522 μὲν
567 2443 677 2524 γὰρ
707 2442 827 2522 περὶ
865 2441 981 2508 τοὺς
1010 2439 1321 2520 Ἀμφισσέας
1352 2439 1657 2518 ἠσεὸημένα

146 2553 211 2588 σοι
235 2531 312 2589 καὶ
333 2531 395 2590 τὰ
432 2533 551 2612 περὶ
578 2530 681 2600 τὴν
712 2528 939 2590 Εὔὸοιαν
980 2526 1423 2608 δωροδοκηθέντα,
1456 2528 1657 2608 χρόνων

145 2619 508 2696 ἐγγεγενημένων
533 2621 589 2677 ἐν
610 2609 688 2683 οἷς
711 2617 802 2675 ὑπ’
826 2619 951 2694 ἐμοῦ
976 2619 1206 2696 φανερῶς
1220 2613 1517 2693 ἐξηλέγχου,
1533 2614 1657 2682 ἴσως

150 2705 329 2772 ἐλπίζεις
351 2706 433 2764 τὸν
461 2709 631 2782 δῆμον
678 2706 1027 2781 ἀμνημονεῖν·
1070 2702 1189 2782 (222)
1220 2701 1288 2759 τὰ
1318 2701 1373 2760 δὲ
1408 2703 1528 2783 περὶ
1562 2703 1656 2770 τὰς

146 2791 327 2869 τριήρεις
348 2793 433 2851 καὶ
458 2792 579 2860 τοὺς
604 2792 955 2872 τριηράρχους
982 2789 1309 2869 ἁρπάγματα
1335 2789 1413 2855 τίς
1434 2789 1495 2848 ἂν
1522 2795 1656 2849 ἀπο-

144 2877 302 2954 κρύψαι
324 2880 499 2959 χρόνος
533 2879 733 2938 δύναιτ’
764 2877 847 2950 ἂν,
876 2877 961 2936 ὅτε
998 2875 1353 2952 νομοθετήσας
1392 2877 1513 2955 περὶ
1552 2881 1654 2936 τῶν

144 2965 425 3043 τριακοσίων,
468 2967 561 3024 καὶ
596 2963 793 3024 σαυτὸν
830 2963 1017 3030 πείσας
1052 2961 1347 3034 Ἀθηναίους
1375 2962 1654 3036 ἐπιστάτην

142 3047 263 3113 τᾶξαι
284 3057 364 3110 τοῦ
384 3057 629 3110 ναυτικοῦ
647 3049 999 3130 ,ἐξηλέγχθης
1026 3052 1115 3106 ὑπ’
1142 3051 1269 3126 ἐμοῦ
1292 3049 1541 3120 ἑξήκοντα
1562 3050 1655 3108 καὶ

88 3147 125 3184 ευ
144 3133 267 3192 πέντε
300 3143 419 3196 νειῗιν
456 3141 899 3220 ταχυναυτουσῶν
922 3135 1269 3217 τριηράρχους
1296 3135 1653 3218 ὑφῃρημένος,

143 3222 269 3280 πλέον
290 3229 375 3297 τῆς
398 3227 597 3295 πόλεως
633 3225 898 3306 ἀφανίζων
929 3224 1169 3283 ναυτικὸν
1198 3221 1234 3294 ἢ
1272 3221 1357 3282 ὅτε
1396 3223 1652 3295 Ἀθηναῖοι

142 3306 217 3376 τὴν
240 3313 285 3367 ἐν
322 3313 473 3382 Νάξω
508 3311 818 3392 ναυμαχίαν
859 3309 1298 3388 Λακεδαιμονίους
1334 3310 1425 3368 καὶ
1458 3312 1652 3370 Πόλλιν

141 3394 367 3472 ἓνίκησανς
383 3374 501 3480 (22.3)
519 3401 685 3460 Οὕτω
700 3399 755 3458 δὲ
774 3401 887 3466 ταῖς
908 3397 1095 3464 αἰτίαις
1114 3396 1389 3510 ἐνέφραξας
1405 3397 1498 3463 τὰς
1516 3398 1652 3456 κατὰ

142 3491 295 3542 σαυτοῦ
331 3487 603 3568 τιμωρίας,
639 3485 775 3544 ὥστε
809 3485 897 3543 τὸν
934 3485 1167 3543 κίνδυνον
1196 3507 1333 3542 ειναι
1358 3482 1433 3560 μὴ
1462 3485 1541 3543 σοὶ
1576 3489 1651 3564 τῷ

142 3569 425 3647 ἅδικῆσαντι,
453 3575 592 3633 ἀλλὰ
618 3575 727 3640 τοῖς
754 3571 1034 3644 ἐπεξιοῦσι,
1062 3570 1227 3630 πολὺν
1257 3568 1351 3647 μὲν
1390 3570 1479 3630 τὸν
1508 3572 1651 3631 Ἀλέ-

144 3651 315 3733 ξανδρον
335 3661 419 3719 καὶ
444 3662 721 3722 Φίλιππον
749 3664 801 3718 ἐν
828 3661 941 3727 ταῖς
968 3658 1235 3724 διαὸολαῖς
1259 3657 1445 3739 φέρων,
1465 3659 1649 3718 αἰτιώ-

90 3761 127 3800 25
146 3766 264 3817 μενος
284 3746 333 3805 δέ
354 3772 490 3817 τινας
519 3747 813 3824 ἐμποδίζειν
837 3747 952 3814 τοὺς
972 3750 1065 3817 τῆς
1088 3745 1288 3810 πόλεως
1310 3746 1544 3825 καιροὺς,
1570 3749 1651 3806 ἀεὶ

142 3831 188 3887 τὸ
203 3835 343 3912 παρὸν
366 3837 769 3913 λυμαινόμενος,
790 3835 849 3894 τὸ
872 3834 925 3892 δὲ
952 3833 1142 3912 μέλλον
1162 3835 1647 3911 κατεπαγγελλόμε·

144 3939 227 3984 νος.
296 3925 370 3982 Οὔ
395 3924 453 3982 τὸ
487 3927 786 3982 τελευταῖον
833 3921 1259 4000 εἰσαγγέλλεσθαι
1308 3919 1513 3996 μέλλων
1563 3925 1648 3980 ὁπ’

144 4005 265 4080 ἕμόῦ,
280 4008 363 4079 τὴν
384 4009 644 4080 Ἀναξίνου
670 4009 921 4090 σύλληψιν
945 4014 1035 4068 τοῦ
1058 4008 1298 4089 Ὠρείτου
1320 4009 1651 4067 κατασκευά-

142 4112 239 4164 ⁶²3,
275 4101 357 4154 τοῦ
398 4098 461 4156 τὰ
513 4099 865 4178 ἀγοράσματα
910 4095 1234 4172 Ὀλυμπιάδι
1280 4093 1642 4173 ἀγοράζοντος,

141 4179 235 4252 (nl)
262 4185 341 4240 καὶ
375 4185 460 4243 τὸν
499 4185 657 4244 αὐτὸν
694 4186 855 4264 ἄνδρα
894 4183 971 4250 δὶς
1011 4181 1431 4261 στρεόλώσαςπῇ
1456 4188 1649 4240 σαυτοῦ

140 4266 247 4344 χειρὶ
274 4268 491 4351 ἔγραψας
522 4272 681 4331 αὖτὀν
714 4271 921 4352 θανάτῳ
948 4275 1243 4344 <nuti-'iustu
1272 4269 1363 4327 καὶ
1390 4268 1537 4349 παρὰ
1574 4273 1649 4350 τῷ

144 4353 252 4432 αὐτῷ
278 4359 325 4413 ἓν
347 4357 513 4439 Ὠρεῷ
547 4359 808 4436 κατήγου,
842 4359 932 4416 καὶ
960 4359 1064 4416 ἀπὸ
1094 4361 1185 4427 τῆς
1214 4359 1371 4428 αὐτῆς
1394 4355 1648 4437 τραπέζης

92 4452 129 4488 ⁴⁴³
146 4436 293 4517 ἔξαγες
312 4445 397 4503 καὶ
415 4445 557 4512 ἔπιες
576 4447 667 4504 καὶ
690 4445 961 4522 ἔσπεισας,
990 4446 1079 4504 καὶ
1103 4443 1198 4515 τὴν
1220 4444 1390 4512 δεξιὰν
1412 4443 1649 4512 ἐνέὸαλες

146 4526 271 4604 ἄνδρα
296 4531 431 4610 φίλον
454 4535 548 4591 καὶ
582 4533 721 4601 ξένον
760 4534 1083 4609 ποιούμενος.
1165 4531 1276 4592 Καὶ
1302 4536 1481 4590 τοῦτον
1513 4531 1641 4589 ἀπέ-

146 4633 330 4688 ῑῗῐῑνας,
364 4621 453 4677 καὶ
490 4619 615 4699 περὶ
650 4620 846 4679 τούτων
884 4625 937 4679 ἐν
974 4619 1168 4678 ἅπασιν
1212 4617 1495 4690 Ἀθηναίοις
1534 4617 1646 4686 ἐξε-

144 4697 329 4780 λεγχθεὶς
346 4706 429 4764 ὑπ’
452 4708 579 4783 ἐμοῦ
600 4707 688 4765 καὶ
708 4708 910 4778 κληθεὶς
934 4705 1219 4774 ξενοκτόνος
1238 4707 1297 4763 οὗ
1316 4704 1377 4762 τὸ
1398 4703 1645 4778 ᾶσέὸημα

143 4787 340 4862 ἧρνῆσω,
365 4793 478 4852 ἀλλ’
516 4795 793 4873 ἀπεκρίνω
824 4793 905 4872 ἐφ’
931 4785 975 4873 ᾧ
1007 4791 1288 4863 σἰνεὸόησεν
1316 4795 1345 4849 ὃ
1367 4793 1529 4866 δῆμος
1555 4791 1645 4849 καὶ

142 4871 229 4930 ὅσοι
246 4873 360 4942 ξένοι
378 4879 722 4959 περιέστασαν
740 4879 837 4952 τὴν
857 4878 1137 4950 ἐκκλησίαν
1149 4901 1163 4918 ·
1185 4878 1383 4958 ἔφησθα
1401 4877 1504 4957 γὰρ
1532 4878 1645 4945 τοὺς

142 4963 213 5027 τῆς
234 4963 412 5032 πόλεως
434 4967 565 5034 ἅλας
584 4967 701 5046 περὶ
722 4967 957 5033 πλείονος
982 4965 1301 5038 ποιήσασθαι
1326 4969 1419 5036 τῆς
1448 4964 1645 5037 ξενικῆς

88 5049 137 5099 ⁸⁰
150 5050 385 5122 τραπέζης.
414 5053 541 5131 (ns)
567 5053 885 5122 Ἐπιστολὰς
907 5053 961 5112 δὲ
986 5058 1117 5130 σιγῶ
1137 5053 1340 5131 ψευδεῖς
1360 5053 1449 5110 καὶ
1478 5075 1641 5110 κατα-

146 5131 317 5192 αᾶπων
344 5139 619 5219 συλλήψεις
650 5140 741 5198 καὶ
766 5139 1019 5219 βασάνους
1038 5142 1123 5198 ἐπ’
1151 5138 1339 5206 αἰτίαις
1354 5139 1639 5218 ἀγενήτοις,

145 5219 200 5282 ὥς
220 5222 331 5295 ἐμοῦ
354 5227 481 5300 μετά
508 5251 661 5285 τινων
694 5229 747 5286 ἐν
770 5231 835 5308 τῇ
860 5228 1007 5287 πόλει
1038 5227 1353 5298 νεωτερίζειν
1384 5225 1635 5306 βουλομέ-

1043 485 1425 548 AEscfllle
1466 488 1591 550 OB.
1636 491 1715 551 ΙΝ
1740 491 2364 556 ‘cTEslpfloNTEM.

3191 506 3298 559 13⁷

1758 631 1980 693 guentur.
2046 632 2176 696 (219)
2211 636 2430 696 Namque
2453 633 2503 684 in
2518 633 2749 695 iudicium
2779 635 2986 687 deducta
3019 638 3091 688 est
3114 637 3218 689 liaec
3249 637 3312 688 dc

1757 717 1877 767 scito
1892 717 2210 782 Ctesiphontis
2225 720 2368 782 actio,
2387 733 2534 784 quam
2548 723 2604 771 tu
2623 735 2700 772 me
2717 723 2973 774 intendisse
2990 723 3198 786 dictitas,
3211 739 3310 775 uon

1758 817 1857 866 quo
1876 807 2150 868 reipublice
2171 807 2445 871 studerem,
2464 807 2546 858 sed
2569 823 2668 872 quo
2687 823 2766 860 me
2794 811 3062 861 Alexandro
3087 813 3309 864 vendita-

1760 904 1890 954 rem,
1910 893 2130 956 Philippo
2163 895 2308 944 etiam
2341 897 2448 945 tum
2466 897 2684 958 vivente,
2724 899 3001 962 priusquam
3041 901 3310 951 Alexander

1755 991 1956 1040 regnum
1977 981 2239 1044 obtineret,
2259 995 2411 1045 quum
2437 985 2491 1033 tu
2516 984 2732 1034 nondum
2754 985 2872 1034 illud
2897 984 2960 1036 de
2985 987 3214 1037 mannia
3234 1000 3308 1036 so·

1758 1065 1946 1116 mnium
1959 1067 2147 1118 videras
2157 1106 2172 1130 ,
2191 1069 2406 1119 nondum
2419 1083 2530 1120 cum
2549 1073 2761 1121 Minerva
2777 1075 2826 1122 et
2839 1075 2868 1122 J
2871 1086 3030 1123 unone
3045 1077 3192 1124 noctu
3207 1075 3310 1124 col·

1754 1153 1946 1204 locutus
1961 1167 2103 1204 esses.
2169 1157 2424 1215 Quomodo
2439 1158 2580 1220 igitur
2600 1171 2677 1209 me
2700 1160 2970 1210 Alexandro
2985 1163 3098 1210 ante
3119 1165 3310 1225 tempus

1754 1239 2054 1292 venditat-em
2068 1280 2082 1304 ‚
2104 1243 2196 1292 nisi
2213 1257 2330 1294 vero
2353 1244 2480 1294 idem
2502 1245 2742 1296 somnium
2774 1259 2863 1308 ego
2879 1249 2930 1297 et
2965 1249 3310 1300 Demosthenes

1752 1327 2044 1379 viderimus?
2057 1329 2186 1392 (220)
2201 1333 2260 1382 Δί
2277 1331 2326 1380 in
2343 1345 2402 1381 eo
2419 1345 2498 1381 me
2511 1333 2930 1396 criminariffiquod
2941 1347 3036 1385 non
3055 1337 3307 1387 continen-

1750 1421 1827 1466 ter
1844 1416 1926 1465 sed
1946 1417 2198 1479 interjecto
2223 1422 2440 1481 tempore
2465 1419 2525 1470 ad
2542 1422 2772 1484 populum
2787 1423 3013 1473 accedam
3025 1461 3042 1486 ,
3065 1423 3210 1488 idque
3221 1438 3310 1476 nos

1750 1503 1900 1554 intem
1919 1505 2162 1554 arbitraris
2180 1543 2195 1568 ,
2219 1507 2356 1556 istam
2379 1509 2428 1556 te
2445 1507 2729 1557 sententiam
2767 1520 2864 1558 non
2886 1522 2946 1558 ex
2966 1509 3180 1572 populari
3213 1510 3308 1558 im-

1751 1591 2004 1654 perio,sed
2021 1593 2112 1642 alia
2123 1593 2328 1656 quadam
2349 1593 2622 1656 reipublicae
2635 1593 2788 1644 lorma
2809 1596 3092 1647 traduxisse.
3157 1589 3306 1648 Nam·

1748 1689 1847 1738 que
1868 1676 1954 1727 ubi
1968 1678 2154 1729 obtinet
2181 1693 2446 1742 paucorum
2469 1681 2769 1743 dominatus,
2791 1696 2890 1732 nou
2909 1684 2948 1732 is
2970 1684 3054 1746 qul
3079 1685 3208 1747 vult,
3221 1684 3304 1734 sed

1748 1765 1831 1826 qui
1848 1764 2142 1824 dominatur,
2163 1769 2382 1829 accusat3
2405 1769 2734 1820 incivitatibus
2751 1783 2867 1820 vero
2881 1771 3043 1821 liberis
3055 1807 3070 1831 ,
3091 1773 3306 1834 quivult

1750 1853 1799 1901 et
1815 1852 2202 1916 quandocunque
2223 1855 2266 1903 ei
2293 1855 2502 1905 videtur.
2537 1859 2600 1906 Et
2622 1870 2738 1906 vero
2769 1871 2882 1906 cum
2901 1858 3063 1921 aliqua
3079 1861 3310 1926 temporis

1748 1939 2100 1990 intermissione
2117 1941 2275 1990 dicere
2297 1943 2456 1992 virum
2475 1943 2680 2006 indicat,
2706 1945 2789 2008 qui
2810 1959 2964 2008 quum
2983 1949 3198 2010 tempora
3221 1961 3305 2011 po·

1748 2027 1930 2077 stuiant
1947 2029 1997 2078 et
2015 2029 2196 2079 utilitas
2212 2033 2508 2092 communis,
2533 2031 2593 2080 ad
2615 2033 2958 2096 rempublicam
2980 2034 3192 2096 accedit3
3213 2049 3303 2085 nec

1746 2125 1903 2162 uuum
1920 2127 2034 2163 vero
2047 2115 2176 2166 diem
2188 2116 2507 2179 interponere,
2517 2118 2724 2179 operarii
2746 2119 2820 2167 est
2838 2121 2888 2168 ct
2897 2121 3136 2182 quoestum
3151 2133 3306 2170 aucu-

1746 2198 1918 2260 pantis.
1986 2201 2114 2261 (221)
2139 2201 2282 2258 Quod
2306 2204 2468 2251 autem
2481 2201 2698 2251 nondum
2719 2216 2749 2251 a
2779 2215 2860 2252 me
2876 2203 2926 2252 in
2941 2203 3179 2265 iudicium
3200 2205 3304 2256 tue-

1745 2281 1811 2332 ris
1834 2282 2102 2345 adductus,
2129 2285 2343 2334 nondum
2365 2287 2564 2334 tuorum
2593 2285 2858 2335 facinorum
2899 2300 3068 2350 poenas
3098 2288 3304 2353 dederis,

1744 2367 1806 2416 ad
1842 2369 1930 2418 bas
1957 2371 2164 2421 rationes
2180 2384 2331 2434 quum
2351 2371 2638 2434 confugeris,
2673 2372 2752 2420 vel
2771 2371 3011 2423 auditores
3045 2373 3306 2425 obliviosos

1744 2467 1845 2505 esse
1866 2455 2112 2505 existimas
2131 2457 2207 2506 vel
2245 2457 2344 2519 ipse
2363 2457 2448 2506 tibi
2485 2455 2662 2506 illudis.
2689 2461 2812 2515 Quae
2843 2459 2974 2508 enlm
3005 2459 3056 2508 in
3076 2461 3301 2522 Amphis-

1744 2539 1865 2588 sensi
1884 2539 2076 2602 negotio
2091 2540 2236 2602 impie
2253 2539 2558 2600 commisisti,
2579 2552 2690 2602 quat
2705 2539 2754 2589 in
2773 2540 2918 2590 rebus
2936 2541 3158 2591 Euboicis
3171 2557 3304 2606 ηοω-

1742 2623 1847 2672 stus
1858 2633 2004 2672 causa
2029 2621 2180 2672 iecisti
2191 2659 2206 2684 ‚
2225 2622 2452 2684 quoniam
2467 2624 2680 2685 tempora
2701 2623 2800 2684 iam
2821 2623 3110 2675 effluxerunt
3127 2627 3304 2689 quibus

1743 2719 1773 2755 a
1796 2719 1875 2756 me
1892 2705 2144 2756 manifesto
2165 2707 2416 2756 convictus
2427 2719 2505 2766 es,
2525 2719 2696 2756 eorum
2709 2719 2838 2755 nunc
2857 2707 3052 2756 sortasse
3066 2711 3300 2771 populum

1742 2793 1945 2843 oblitum
1969 2805 2070 2842 esse
2087 2805 2250 2855 speras
2284 2811 2298 2842 ι
2325 2793 2454 2854 (222)
2476 2793 2662 2855 rapinas
2677 2805 2796 2842 vero
2825 2795 2938 2842 tuas
2959 2795 3008 2842 in
3036 2794 3303 2846 triremium

1742 2883 1789 2928 et
1810 2879 2182 2928 trierarcborum
2201 2879 2390 2940 negotio
2403 2915 2416 2938 ,
2437 2877 2570 2940 quod
2587 2891 2801 2940 unquam
2827 2880 3016 2942 tempus
3045 2879 3304 2932 obscurare

1742 2965 1913 3026 queat,
1937 2967 2154 3026 quumtu
2171 2963 2344 3026 legede
2369 2963 2595 3014 trec-,entis
2611 2964 2814 3014 navibus
2833 2965 2956 3025 lata,
2983 2968 3304 3029 perpulsoque

1740 3049 1920 3110 populo
1943 3053 1998 3100 ut
2017 3055 2062 3100 ie
2085 3049 2152 3098 rei
2174 3049 2380 3100 nauticae
2397 3051 2668 3100 curatorem
2683 3050 2968 3112 praeficeret,
2991 3063 3020 3099 a
3043 3064 3121 3100 me
3133 3065 3300 3102 coram

1742 3133 1992 3183 convictus
2009 3147 2062 3183 es
2079 3135 2324 3196 sexaginta
2345 3133 2560 3196 quinque
2591 3146 2738 3183 naves
2769 3134 3008 3183 actuarias
3029 3135 3300 3188 trierarchis

1740 3217 1971 3266 ademisse
1981 3253 1997 3279 ,
2020 3230 2120 3280 quo
2139 3217 2266 3267 facto
2281 3218 2514 3278 maiorem
2533 3217 2718 3267 civitati
2741 3219 2920 3267 nostrae
2937 3220 3138 3269 classem
3155 3222 3288 3272 subri

1750 3303 1893 3365 puisti
1912 3339 1928 3363 ,
1961 3316 2110 3367 quam
2145 3319 2267 3368 quoe
2297 3307 2592 3367 suppeteret
2621 3317 2772 3368 quum
2797 3305 3104 3356 Athenienses
3139 3309 3300 3359 navali

1739 3387 1867 3446 apud
1884 3389 2074 3437 Naxum
2099 3389 2267 3450 proelio
2290 3389 2674 3439 Lacedaemonios
2699 3389 2968 3451 Pollimque
2983 3390 3300 3443 devicerunt?

1741 3469 1869 3530 (223)
1890 3471 1964 3518 lta
1981 3483 2094 3520 vero
2113 3470 2522 3522 criminationibus
2533 3483 2698 3533 poenas
2715 3471 2802 3520 tibi
2821 3471 3006 3522 debitas
3019 3475 3268 3537 obsepsisti
3281 3514 3296 3538 ,

1740 3553 1793 3599 ut
1820 3552 2088 3612 periculum
2120 3553 2181 3602 sit
2204 3566 2300 3602 non
2324 3551 2410 3603 tibi
2428 3553 2512 3614 qui
2537 3553 2715 3614 iniusta
2739 3553 2931 3616 seceris,
2956 3555 3040 3604 sed
3061 3555 3116 3603 iis
3137 3557 3222 3618 qui
3249 3561 3299 3610 te

1734 3636 1918 3697 judicio
1938 3638 2312 3700 persequuntur,
2349 3636 2466 3685 dum
2502 3638 2556 3686 tu
2593 3637 2920 3686 Alexandrum
2955 3641 3006 3688 et
3025 3640 3296 3704 Philippum

1740 3719 1866 3769 inter
1890 3719 2282 3768 calumniandum
2309 3717 2497 3767 assidue
2519 3718 2570 3766 in
2593 3731 2676 3767 ore
2699 3717 2873 3780 habes,
2893 3719 3011 3770 dum
3035 3723 3192 3770 certos
3211 3722 3297 3772 bo-

1739 3801 1895 3850 mines
1919 3800 2194 3863 reipublicae
2219 3800 2605 3862 opportunitates
2627 3800 2856 3862 impedire
2879 3800 3154 3864 insimulas,
3175 3803 3296 3854 dum

1738 3897 1815 3933 res
1839 3883 2034 3946 quidem
2080 3884 2334 3945 praesentes
2377 3895 2563 3944 semper
2603 3881 2887 3944 labefactas,
2924 3884 3080 3946 deque
3121 3885 3297 3936 futuris

1738 3967 1944 4018 mirifice
1974 3968 2226 4030 polliceris.
2266 3971 2372 4018 Non
2395 3967 2629 4030 denique,
2649 3981 2800 4030 quum
2825 3967 2951 4018 diem
2979 3983 3066 4032 ego
3083 3969 3184 4031 jam
3207 3971 3294 4022 tibi

1738 4051 1956 4101 dicturus
1981 4065 2158 4113 essem,
2187 4051 2389 4101 subdole
2419 4051 2618 4101 effecisti
2645 4053 2702 4100 ut
2726 4052 2968 4101 Anaxilaus
3003 4052 3138 4102 Orita
3159 4069 3293 4104 com-

1736 4139 2123 4204 prehenderetur,
2140 4139 2223 4202 qui
2243 4137 2509 4202 olympiadi
2527 4151 2710 4188 merces
2723 4139 2989 4200 coemebat,
3003 4141 3133 4201 (224)
3147 4143 3294 4202 atquo

1736 4223 1889 4285 ipsum
1932 4222 2068 4271 illum
2109 4222 2268 4270 virum
2301 4221 2374 4271 bis
2405 4221 2672 4270 cruciatum
2713 4219 2908 4270 decreto
2939 4221 3106 4282 tuapte
3145 4235 3291 4270 manu

1735 4305 2004 4367 conscripto
2035 4303 2202 4366 capitis
2223 4302 2493 4352 damnasti?
2515 4301 2643 4364 apud
2671 4315 2814 4365 quem
2847 4302 2896 4350 in
2929 4305 3056 4350 Oreo
3076 4301 3290 4351 diversa-

1734 4387 1875 4448 bare,
1896 4399 2110 4449 quocum
2130 4399 2191 4434 ex
2215 4385 2380 4435 eadem
2407 4397 2570 4434 mensa
2588 4383 2754 4434 ederas
2769 4419 2784 4443 ,
2801 4383 3014 4445 biberas,
3033 4383 3290 4444 libaveras,

1734 4469 1873 4531 cujus
1888 4469 2076 4518 dextrae
2103 4469 2326 4517 dextram
2357 4466 2588 4526 junxeras
2604 4502 2619 4527 ,
2653 4479 2764 4516 cum
2787 4479 2888 4528 quo
2913 4465 3174 4516 amicitiam
3201 4465 3290 4515 ho·

1732 4555 2026 4618 spitiumque
2045 4553 2266 4603 iniret-as.
2302 4555 2442 4602 Hunc
2459 4589 2473 4614 ,
2499 4555 2746 4616 inquam,
2773 4550 3018 4610 occidisti,
3045 4551 3112 4612 et,
3137 4563 3287 4611 quum

1732 4653 1761 4688 a
1780 4653 1859 4690 me
1880 4653 2044 4689 coram
2069 4639 2291 4687 universo
2313 4637 2488 4699 populo
2505 4637 2694 4686 sceleris
2723 4635 2868 4696 hujus
2887 4633 3141 4682 convictus
3160 4645 3288 4683 esses

1730 4730 1883 4787 atque
1900 4723 2100 4785 hospitis
2134 4721 2316 4771 occisor
2343 4721 2644 4780 nominatus,
2669 4719 2868 4781 impium
2883 4717 3068 4766 facinus
3079 4729 3178 4765 non
3195 4729 3284 4765 ne·

1730 4809 1868 4872 gasti,
1886 4809 1970 4859 sed
1989 4807 2106 4857 illud
2131 4807 2445 4869 respondisti,
2464 4804 2528 4854 ad
2549 4803 2680 4866 quod
2701 4805 2748 4852 et
2765 4802 2998 4865 populus,
3017 4802 3066 4851 et
3085 4800 3286 4864 quicun-

1730 4911 1825 4960 que
1846 4897 2046 4946 advenae
2067 4894 2345 4944 concionem
2381 4890 2820 4948 circumsistebant,
2837 4889 3095 4937 clamorem
3119 4890 3281 4938 sustu-

1730 4981 1891 5030 lerunt
1908 4999 1923 5029 =
1947 4979 2108 5030 dixisti
2121 4978 2324 5040 quippe,
2343 4979 2396 5026 te
2407 4974 2682 5037 reipublicae
2702 4973 2850 5022 salem
2874 4971 3090 5034 hospitali
3106 4985 3284 5022 mensa·

1728 5066 2010 5129 praetulisse.
2040 5065 2168 5126 (225)
2209 5066 2320 5112 Jam
2345 5061 2486 5109 salsas
2507 5058 2728 5121 epistolas
2753 5057 3092 5120 proetermitto,
3108 5069 3284 5117 specu·

1728 5153 1938 5202 latorum
1973 5147 2450 5212 comprehensiones,
2487 5144 2725 5193 tormenta
2751 5141 2964 5192 adhibita
2995 5141 3060 5192 ob
3081 5139 3284 5190 crimina

1728 5247 1978 5297 nunquam
2001 5231 2208 5282 admissa
2221 5267 2236 5292 ,
2267 5229 2404 5292 quasi
2431 5241 2516 5291 ego
2550 5239 2662 5278 cum
2687 5224 2974 5291 quibusdam
3007 5221 3284 5274 bominibus
