3825 5834
546 478 654 530 156

1408 473 1837 532 ΔΙΞΙΝΑΡΧΟΥ
1880 475 1930 532 Ο
1977 473 2178 533 ΚΑΤΑ
2223 475 2812 538 ΔΗΜΟΣΘΕΝΟΥΣ.

3121 479 3202 558 (p.
3235 495 3372 539 ε-ιο
3403 487 3486 540 ed.
3519 489 3694 560 καίει.)

455 611 511 650 80
540 601 671 672 μιῶν
690 641 705 670 ,
750 597 798 654 εἴ
836 622 911 664 τις
956 597 1135 673 μέλλει
1170 603 1235 677 τῇ
1273 601 1483 680 πατρίδι
1526 600 1687 684 [ἀπ’]
1734 604 1890 674 αὐτῆς
1937 604 2078 661 αἰτία
2171 614 2314 664 ullius
2337 616 2506 665 contra
2527 629 2578 665 se
2598 615 2804 678 jaciendi
2831 618 3069 666 maledicti
3097 619 3226 668 metu
3248 620 3418 680 patriae
3440 633 3540 670 suae
3565 621 3697 670 ullum

536 684 776 762 μοχθηρὰ
814 685 902 742 καὶ
935 686 1161 748 κίνδυνος
1190 687 1415 747 ἔσεσθαι.
1504 692 1565 766 (ο)
1598 689 1838 766 Τούτων,
1868 692 1940 754 ὡς
1967 689 2078 747 ἐδό-

535 794 616 830 κει
642 775 717 849 τῷ
750 771 934 851 δήμῳ,
970 776 1142 839 καλῶς
1170 774 1261 832 καὶ
1298 774 1660 853 συμφερόντως
1700 773 2078 854 πεπραγμένων

535 855 699 916 αἰτίαι
722 863 811 916 νῦν
840 858 929 918 καὶ
964 860 1279 938 προκλήσεις
1306 861 1396 919 καὶ
1432 861 1769 941 συκοφαντίαι
1794 861 1940 940 παρὰ
1964 866 2078 930 Δη-

534 945 811 1020 μοσθένους
838 945 1079 1024 ἥκουσιν,
1114 946 1293 1018 ἐπειδὴ
1334 939 1480 1014 οὗτος
1516 947 1879 1028 ἀποπέφανται
1915 947 2080 1006 εἴκοσι

530 1033 763 1092 τάλαντα
794 1034 931 1113 ἔχων
952 1034 1197 1113 χρυσίου·
1230 1034 1319 1093 καὶ
1349 1039 1382 1107 ἡ
1410 1037 1513 1093 τῶν
1554 1039 1613 1094 ἔκ
1637 1036 1875 1112 προνοίας
1914 1037 2081 1115 φόνων

536 1119 831 1188 ἀξιόπιστος
866 1111 997 1180 οὖσα
1040 1121 1200 1199 βουλὴ
1237 1121 1295 1180 τὸ
1328 1121 1522 1180 δίκαιον
1558 1123 1647 1182 καὶ
1676 1121 1857 1192 ἀληθὲς
1891 1127 2077 1202 εὑρεῖν,

534 1206 623 1265 καὶ
646 1206 803 1286 κυρία
833 1208 1047 1267 δικάσαι
1072 1231 1129 1266 τε
1155 1210 1273 1288 περὶ
1298 1215 1385 1267 τοῦ
1414 1207 1653 1283 σώματος
1681 1208 1770 1266 καὶ
1795 1213 1888 1278 τῆς
1909 1211 2082 1288 ψυχῆς

445 1301 505 1351 91
540 1293 759 1353 ἑκάστου
804 1298 906 1352 τῶν
949 1297 1197 1366 πολιτῶν,
1247 1295 1337 1354 καὶ
1382 1303 1487 1361 τοῖς
1529 1295 1623 1372 μὲν
1674 1295 1827 1373 βιαίῳ
1872 1295 2080 1372 θανάτῳ

534 1381 923 1453 τετελευτηκόσι
949 1385 1202 1458 βοηθῆσαι
1220 1425 1238 1457 ,
1268 1380 1381 1446 τοὺς
1408 1379 1463 1439 δὲ
1496 1379 1797 1458 παράνομόν
1824 1404 1875 1439 τι
1897 1383 2000 1439 τῶν
2027 1383 2080 1438 ἐν

536 1473 599 1546 τῇ
624 1469 772 1528 πόλει
804 1467 1283 1547 διαπεπραγμένους
1314 1467 1552 1526 ἐκὸαλεῖν
1584 1468 1617 1538 ἢ
1646 1467 1855 1549 θανάτῳ
1881 1470 2076 1543 ζημιῶ-

538 1579 627 1613 σαι
644 1599 665 1632 ,
696 1559 786 1612 νῦν
822 1555 911 1612 ἐπὶ
937 1559 1043 1622 τοῖς
1071 1553 1208 1612 κατὰ
1234 1553 1595 1631 Δημοσθένους
1624 1553 2079 1634 ἀποπεφασμένοις

536 1641 805 1722 χρήμασιν
836 1641 1023 1722 ἄκυρος
1046 1642 1192 1702 ἔσται
1218 1649 1308 1702 τοῦ
1338 1643 1533 1702 δικαίου
1548 1667 1567 1715 ;

614 1750 661 1790 7.
708 1731 845 1788 Ναί·
884 1729 1230 1808 κατέψευσται
1270 1729 1370 1808 γὰρ
1408 1733 1443 1800 ἡ
1494 1728 1653 1807 βουλὴ
1694 1729 2074 1805 Δημοσθένους.

530 1816 693 1876 Τουτὶ
716 1817 816 1895 γάρ
846 1817 983 1874 ἐστιν
1010 1815 1272 1894 ὓπερόολὴ
1296 1821 1386 1874 τοῦ
1410 1816 1729 1896 πράγματος.
1792 1817 1898 1874 Σοῦ
1922 1813 2078 1872 κατέ-

478 1919 504 1957 ε
532 1905 750 1983 ψευσται
795 1903 884 1961 καὶ
912 1902 1189 1978 Δημάδου;
1222 1902 1337 1961 καθ’
1362 1893 1433 1960 ὧν
1472 1901 1587 1960 οὐδὲ
1628 1901 1848 1972 τάληθὲς
1890 1903 2074 1973 εἰπεῖν,

451 2537 500 2574 10

445 3751 499 3790 20

448 5051 499 5088 ³⁰

532 1995 600 2055 ὡς
638 1988 827 2065 ἔοικεν,
877 1989 1104 2070 ἀσφαλές
1149 1993 1286 2049 ἐστιν
1309 2011 1325 2061 ;
1374 1987 1424 2047 οἳ
1468 1987 1638 2049 πολλὰ
1684 1988 1931 2067 πρότερον
1972 1990 2073 2046 τῶν

530 2080 714 2135 κοινῶν
738 2077 905 2155 ἐκείνῃ
933 2079 1101 2148 ζητεῖν
1130 2075 1479 2156 προσετάξατε
1508 2074 1597 2136 καὶ
1637 2074 1722 2134 διὰ
1748 2074 1841 2140 τὰς
1868 2073 2078 2153 γενομέ-

530 2185 621 2228 νας
638 2164 878 2234 ζητήσεις
908 2161 1225 2241 έπῃνίσατι;
1258 2161 1343 2230 οὓς
1366 2162 1410 2220 δ’
1435 2169 1469 2236 ἡ
1498 2162 1648 2228 πόλις
1680 2161 1863 2219 ἅπασα
1896 2164 1955 2220 οὗ
1983 2159 2078 2219 δύ-

531 2272 681 2307 ναται
722 2249 1017 2324 ἀναγκάσαι
1052 2246 1118 2307 τὰ
1163 2248 1337 2308 δίκαια
1388 2257 1573 2322 ποιεῖν,
1618 2248 1759 2308 κατὰ
1800 2249 1997 2308 τούτων
2041 2255 2075 2320 ἡ

536 2335 695 2414 βουλὴ
724 2338 928 2417 ψευδεῖς
956 2337 1241 2416 ἀποφάσεις
1266 2337 1581 2409 πεποίηται;
1609 2327 1652 2395 ὦ
1682 2335 1978 2416 Ἡράκλεις.
2006 2336 2074 2416 (ε)

529 2425 629 2484 Διὰ
652 2425 705 2483 τί
722 2417 809 2484 οὗν
832 2427 883 2483 ἰν
908 2428 982 2502 τῷ
1012 2424 1165 2506 δήμῳ
1188 2424 1523 2504 συνεχώρεις,
1553 2415 1595 2482 ὖ
1612 2425 1960 2502 Δημόσθενες,
1988 2425 2079 2481 ἐὰν

531 2511 773 2591 ἀποφήνῃ
803 2533 895 2570 σου
934 2515 969 2581 ἡ
1016 2510 1215 2590 βουλή,
1246 2511 1463 2570 θάνατον
1510 2514 1679 2590 ἑαυτῷ
1716 2509 1809 2582 τὴν
1852 2510 2074 2586 ζημίαν;

530 2600 619 2656 καὶ
648 2597 733 2656 διὰ
762 2598 813 2656 τί
842 2597 1060 2664 πολλοὺς
1084 2599 1348 2678 ἀνῄρηκας
1376 2598 1439 2656 σὺ
1466 2607 1579 2664 ταῖς
1604 2603 1696 2668 τῆς
1720 2599 1905 2676 βουλῆς
1929 2601 2077 2676 ἰσχυ-

532 2686 791 2762 ριζόμενος
820 2685 1174 2764 ἀποφάσεσιν;
1203 2683 1238 2755 ἢ
1260 2692 1348 2743 ποῖ
1375 2690 1463 2744 νῦν
1490 2683 1651 2744 ἐλθὼν
1680 2689 1708 2741 ὁ
1736 2687 1895 2760 δῆμος
1913 2684 1948 2750 ἢ
1975 2685 2078 2744 τίσι

530 2772 820 2850 προστάξας
848 2774 1019 2842 ζητεῖν
1050 2770 1171 2850 περὶ
1197 2775 1298 2829 τῶν
1328 2773 1533 2850 ἀφανῶν
1570 2770 1659 2829 καὶ
1689 2769 1932 2847 μεγάλων
1965 2773 2076 2828 ἀδι-

528 2855 779 2934 κημάτων
810 2858 933 2939 εὕρῃ
953 2857 1048 2928 τὴν
1078 2857 1353 2930 ἀλήθειαν;
1382 2858 1449 2936 (⁹)
1472 2858 1551 2918 Τὸ
1574 2857 1667 2932 μὲν
1689 2857 1789 2936 γὰρ
1818 2857 2075 2937 συνέδριον

527 2947 585 3005 τὸ
616 2945 859 3025 πρότερον
890 2947 1071 3005 δοκοῦν
1100 2934 1232 3003 εἶναι
1261 2945 1443 3004 πιστὸν
1474 2945 1535 3004 σὺ
1566 2944 1837 3012 καταλύεις
1858 2947 1887 3002 ὁ
1913 2947 2076 3019 δημο-

527 3033 666 3099 τικὸς
705 3023 835 3092 εἶναι
873 3033 1113 3113 φάσκων,
1150 3025 1195 3112 ᾧ
1220 3033 1314 3103 τὴν
1344 3037 1449 3092 τῶν
1478 3034 1733 3109 σωμάτων
1777 3031 2014 3112 φυλακὴν
2049 3037 2077 3092 ὁ

538 3122 699 3194 δῆμος
722 3121 1168 3198 παρακαταθήκην
1197 3119 1403 3192 ἔδωκεν,
1420 3111 1569 3200 ᾧτὴν
1592 3120 1853 3179 πολιτείαν
1882 3117 1972 3177 καὶ
1989 3121 2080 3191 δη-

532 3206 823 3287 μοκρατίαν
854 3206 1103 3274 πολλάκις
1148 3207 1511 3287 ἐγκεχείρικεν,
1553 3205 1581 3264 ὃ
1628 3206 1981 3287 διαπεφύλαχι
2017 3209 2076 3266 τὸ

526 3293 615 3352 σὸν
644 3296 799 3370 σῶμα
827 3299 914 3351 τοῦ
956 3296 1285 3373 βλασφημεῖν
1310 3293 1430 3373 περὶ
1462 3293 1619 3352 αὐτοῦ
1642 3293 1919 3367 μέλλοντος
1941 3295 2074 3352 πολ-

525 3381 673 3446 λάκις
704 3380 805 3460 (ὡς
823 3380 885 3440 σὺ
916 3381 1042 3461 φῄς)
1068 3379 1450 3456 ἐπιδουλευθέν,
1474 3379 1503 3439 δ
1530 3381 1775 3461 φυλάττει
1798 3379 1888 3446 τὰς
1910 3384 2074 3462 ἀπορ·

530 3469 713 3546 ρῆτους
762 3467 1012 3539 διαθήκας
1034 3513 1052 3543 ,
1102 3469 1154 3526 ἐν
1202 3457 1283 3535 αἶς
1330 3467 1397 3526 τὰ
1441 3471 1535 3538 τῆς
1584 3467 1785 3534 πόλεως
1843 3467 2074 3546 σωτήρια

527 3578 714 3616 κειται.

606 3663 673 3704 ιο.
714 3641 907 3704 Δίκαια
949 3641 1047 3719 μὲν
1074 3633 1187 3716 οὖν,
1218 3643 1395 3701 δίκαια
1424 3641 1613 3724 τρόπον
1637 3642 1699 3722 γε’
1734 3665 1852 3702 τινα
1876 3641 2070 3721 πάσχει

527 3731 583 3790 τὸ
618 3729 902 3808 συνέδριον·
936 3730 1197 3808 εἰρήσεται
1241 3730 1343 3808 γὰρ
1386 3729 1421 3788 ἃ
1446 3729 1704 3810 γινώσκω.
1786 3731 1940 3789 Δυοῗν
1975 3730 2074 3810 γὰρ

524 3816 733 3895 θάτερον
764 3819 922 3895 ἐχρῆν
952 3815 1155 3894 αὐτούς,
1181 3815 1213 3887 ἢ
1238 3819 1326 3876 καὶ
1345 3816 1440 3888 τὴν
1465 3816 1720 3896 προτέραν
1748 3815 1961 3888 ζήτησιν
1981 3815 2074 3887 τὴν

524 3901 653 3980 ὑπὲρ
680 3905 783 3960 τῶν
809 3901 1116 3980 τριακοσίων
1146 3901 1415 3962 ταλάντων
1442 3907 1541 3961 τῶν
1566 3900 1712 3984 παρὰ
1740 3908 1828 3961 τοῦ
1855 3904 2073 3981 Περσῶν

525 3987 779 4066 βασιλέως
808 3987 1129 4066 ἀφικομένων
1156 3991 1344 4062 ζητεῖν,
1364 3989 1595 4068 καθάπερ
1619 3988 1886 4056 συνέταξεν
1916 3991 1946 4045 ὃ
1971 3988 2070 4058 δῆ-

525 4099 617 4150 μος
635 4120 652 4151 ,
708 4073 793 4133 ἵνα
829 4075 943 4132 τότε
988 4073 1159 4140 δόντος
1206 4075 1353 4147 δίκην
1382 4081 1471 4134 τοῦ
1517 4077 1694 4155 θηρίου
1730 4076 1909 4134 τούτου
1931 4117 1947 4146 ,
1984 4072 2074 4133 καὶ

524 4165 625 4219 τῶν
650 4160 1003 4240 μερισαμένων
1024 4162 1195 4220 ἐκεῖνα
1216 4162 1283 4220 τὰ
1306 4163 1557 4244 χρήματα
1587 4164 1818 4242 φανερῶν
1842 4160 2074 4239 γενομέ-

523 4273 645 4318 νων,
676 4248 767 4306 καὶ
791 4252 885 4318 τῆς
914 4247 1036 4326 περὶ
1070 4245 1338 4319 Θηὸαίους
1368 4249 1646 4329 προδοσίας
1687 4247 2075 4326 ἐξελεγχθείσης

522 4337 585 4407 ἣν
612 4327 755 4401 οὗτος
781 4333 1122 4412 προδέδωκεν,
1142 4336 1527 4413 ἀπηλλάγμεθα
1552 4337 1733 4396 τούτου
1765 4340 1857 4393 τοῦ
1888 4337 2072 4409 δημα-

476 4453 497 4482 :s
522 4428 691 4500 γωγοῢ
720 4422 866 4494 δίκην
897 4420 1041 4490 ἀξίαν
1070 4421 1266 4490 δόντος·
1297 4423 1386 4502 (ιι)
1430 4423 1465 4492 ἢ
1494 4426 1541 4481 εἰ
1566 4426 1713 4482 ταῦθ’
1752 4427 1897 4496 ὑμεῖς
1925 4422 2072 4482 ἐὸού·

524 4513 671 4569 λεσθε
707 4509 1025 4588 Δημοσθένει
1068 4518 1352 4589 συγχωρεῖν
1386 4511 1474 4568 καὶ
1501 4508 1723 4576 πολλοὺς
1754 4511 1805 4567 ἒν
1832 4514 1898 4588 τῇ
1927 4509 2073 4567 πόλει

523 4596 636 4663 τοὺς
676 4597 789 4655 καθ’
819 4599 963 4674 ὑμῶν
1004 4595 1452 4676 δωροδοκήσοντας
1488 4587 1615 4655 εἶναι
1634 4643 1651 4668 ,
1680 4595 1775 4666 τὴν
1813 4596 1934 4675 περὶ
1966 4598 2069 4654 τῶν

524 4687 612 4739 νῦν
654 4681 1102 4763 ἀποπεφασμένων
1127 4681 1340 4755 ζήτησιν
1368 4681 1656 4763 χρημάτων
1682 4681 1756 4756 μὴ
1786 4681 2070 4764 προσδέχε-

525 4775 673 4842 σθαι,
706 4781 891 4852 πεῖραν
932 4773 1076 4844 ὑμῶν
1104 4771 1155 4828 ἐν
1193 4772 1297 4836 τοῖς
1325 4769 1568 4848 πρότερον
1612 4768 1907 4848 εἰληφότας·
1942 4767 2073 4828 ὅπου

522 4879 581 4932 γε
612 4855 745 4915 οὕτω
774 4857 947 4921 καλῶς
982 4855 1071 4914 καὶ
1097 4854 1305 4922 δικαίως
1347 4859 1437 4926 τῆς
1464 4854 1774 4934 ἀποφάσεως
1816 4859 1907 4926 τῆς
1939 4855 2075 4914 κατὰ

524 4942 704 5001 τούτου
745 4943 833 5000 καὶ
872 4947 975 5000 τῶν
1017 4943 1188 5001 ἄλλων
1214 4944 1323 5000 νυνὶ
1366 4940 1738 5020 γεγενημένης,
1768 4941 1854 4999 καὶ
1888 4947 1980 5012 τῆς
2021 4943 2072 5012 ἐξ

528 5029 719 5107 Ἀρείου
741 5032 911 5107 πάγου
950 5033 1139 5108 βουλῆς
1176 5029 1294 5089 οὔτε
1325 5029 1420 5100 τὴν
1446 5028 1803 5105 Δημοσθένους
1826 5028 1941 5086 οὔτε
1979 5027 2073 5100 τὴν

525 5117 775 5190 Δημάδου
814 5115 1032 5192 δύναμιν
1083 5115 1555 5190 ὑποστειλαμένης,
1602 5115 1735 5174 ἀλλὰ
1774 5116 1835 5174 τὸ
1875 5114 2072 5174 δίκαιον

524 5203 649 5261 αὐτὸ
694 5204 785 5262 καὶ
828 5203 1047 5277 τάληθὲς
1090 5203 1507 5284 προῦργιαίτερον
1551 5200 1932 5280 πεποιημένης,
1979 5201 2070 5282 (ια)

2167 702 2344 750 crimen
2384 705 2470 752 aut
2511 703 2774 764 periculum
2815 707 3072 754 crearetur.
3111 707 3180 768 (6)
3219 707 3332 755 liaec
3369 719 3522 768 quum
3553 709 3694 770 populi

2171 792 2346 854 iudicio
2371 793 2500 843 recte
2516 799 2566 842 et
2593 795 2772 844 utiliter
2789 797 2896 846 acts
2917 798 3078 846 essent
3096 833 3112 857 ,
3135 808 3262 846 nunc
3294 797 3508 859 querelae
3535 801 3581 846 et
3601 812 3698 859 pm·

2171 879 2440 930 vocationes
2459 883 2510 931 et
2535 882 2788 932 calumniae
2816 896 2845 932 a
2873 883 3194 934 Demosthene
3219 885 3507 945 nil'eruntnr,
3539 887 3700 946 postes·

2169 979 2312 1030 quem
2334 967 2593 1019 indicatum
2613 971 2690 1018 est
2717 983 2830 1019 eum
2853 970 3020 1032 viginti
3037 971 3142 1020 auri
3169 972 3348 1022 tnlentn
3369 973 3602 1034 accepisse
3630 996 3641 1024 ι
3665 973 3700 1020 is

2169 1067 2281 1116 ergo
2307 1059 2526 1118 senatus,
2552 1056 2692 1118 cujus
2713 1057 2869 1118 gravis
2890 1058 2969 1108 est
2989 1058 3244 1108 auctoritas
3265 1059 3314 1109 in
3343 1071 3460 1109 vere
3489 1059 3698 1122 pervesti-

2167 1141 2338 1204 gandis
2376 1145 2426 1194 et
2456 1145 2584 1194 recte
2603 1145 2918 1207 diiudicandis
2939 1145 3152 1196 caedibus
3185 1147 3408 1197 consulto
3445 1146 3607 1206 factis.
3625 1149 3696 1208 qui

2168 1231 2448 1291 potestatem
2467 1230 2612 1281 hehet
2633 1234 2736 1280 tum
2756 1230 2816 1282 de
2839 1245 3036 1294 corpore
3053 1236 3103 1282 et
3119 1232 3216 1282 vita
3238 1233 3357 1282 civis
3377 1233 3590 1294 cuiusvis
3611 1248 3702 1295 pro-

2167 1315 2444 1376 nuntiandi,
2487 1317 2590 1366 tum
2615 1317 2823 1368 violenta
2859 1321 3012 1370 morte
3049 1321 3271 1381 peremtis
3297 1319 3598 1383 opitulandi,
3625 1335 3698 1368 eos

2166 1407 2322 1452 autem
2347 1403 2430 1466 qui
2462 1405 2639 1466 aliquid
2671 1406 2854 1468 legibus
2886 1408 2935 1455 in
2964 1407 3052 1457 hac
3081 1409 3198 1458 urbe
3231 1407 3545 1458 interdictum
3579 1421 3693 1456 com-

2169 1491 2423 1553 miserunt,
2453 1493 2527 1541 vel
2545 1493 2758 1554 ejiciendi
2788 1495 2861 1544 vel
2887 1495 3044 1556 capite
3068 1494 3331 1557 plectendi:
3361 1496 3404 1545 is
3426 1508 3538 1557 ergo
3561 1507 3699 1555 nunc,

2165 1577 2338 1628 indicio
2356 1579 2417 1628 de
2439 1581 2636 1642 pecnnia
2657 1587 2822 1630 contra
2845 1583 3212 1632 Demosthenem
3238 1583 3394 1644 sacto,
3415 1583 3494 1644 lus
3511 1595 3640 1631 suum
3659 1585 3699 1631 et

2167 1665 2495 1714 auctoritatem
2519 1666 2740 1717 amittet?

2227 1753 2274 1800 7.
2310 1752 2486 1809 Quidni
2499 1754 2524 1801 τ
2545 1753 2664 1802 falso
2681 1755 2810 1804 enim
2834 1755 3112 1818 praejndicio
3133 1757 3326 1806 senatus
3349 1756 3698 1806 Demosthenen·

2167 1849 2414 1912 oppressit.
2480 1851 2549 1898 Eo
2563 1849 2690 1898 enim
2713 1863 2868 1912 usque
2887 1849 3099 1913 procedit
3128 1864 3316 1900 summa
3336 1851 3446 1912 eius
3471 1851 3698 1913 impuden-

2169 1945 2250 1994 tia.
2289 1947 2355 1994 Te
2378 1944 2561 1994 scilicet
2590 1957 2648 1993 ac
2681 1944 2940 1996 Demadem
2977 1945 3227 1996 mendacio
3251 1946 3517 2009 oppressit,
3545 1949 3692 1995 contra

2172 2053 2318 2102 quos,
2354 2041 2408 2090 ut
2439 2053 2514 2089 res
2549 2040 2785 2101 declarat,
2825 2053 2914 2090 nec
2944 2054 3054 2090 vera
3092 2041 3248 2091 dicere
3285 2043 3456 2091 tutum
3499 2043 3606 2091 est?
3629 2041 3696 2103 qui

2169 2137 2298 2199 prius
2319 2137 2468 2186 mults
2486 2137 2671 2200 publica
2693 2138 2882 2200 negotis
2903 2139 2948 2188 ei
2965 2137 3244 2202 inquirenda
3271 2139 3535 2188 mandastis
3553 2138 3698 2186 iscus-

2165 2251 2258 2299 que
2283 2239 2610 2300 inquisitiones
2637 2239 2895 2289 leudastis?
2909 2245 2958 2288 et
2975 2253 3095 2302 quos
3113 2239 3334 2290 universa
3358 2239 3531 2290 civitas
3553 2251 3698 2300 cogere

2167 2347 2260 2382 non
2293 2335 2446 2395 potest
2469 2335 2524 2382 ut
2545 2347 2600 2384 en
2617 2347 2728 2395 quae
2745 2346 2883 2396 {equs
2899 2333 2996 2385 siut
3014 2333 3212 2394 saciant,
3237 2337 3410 2384 conlrn
3427 2349 3512 2385 eos
3529 2339 3698 2384 senatus

2167 2428 2334 2476 falsum
2354 2429 2578 2478 indicium
2603 2427 2750 2478 iecit?
2773 2433 2816 2480 0
2833 2431 2862 2480 J
2867 2430 3078 2492 uppiterl
3097 2429 3164 2493 (8)
3179 2431 3278 2479 Cur
3293 2443 3412 2492 ergo
3433 2431 3482 2480 in
3501 2430 3698 2479 contione

2165 2522 2317 2584 capite
2341 2535 2502 2584 poenns
2532 2523 2647 2573 dare
2669 2535 2766 2572 non
2789 2523 3065 2586 recimbns,
3091 2525 3472 2588 Demosthenes,
3499 2527 3538 2575 si
3569 2530 3613 2574 te
3631 2539 3696 2573 se-

2165 2620 2306 2667 natus
2326 2618 2606 2669 detulisset?
2629 2621 2728 2669 Cur
2757 2621 2811 2670 tu
2837 2621 3014 2670 multos
3047 2621 3278 2672 sustulisti
3299 2621 3494 2672 indiciis
3527 2625 3700 2672 senatus

2165 2713 2359 2764 nitens?
2383 2719 2489 2774 Quo
2519 2727 2571 2766 se
2607 2728 2737 2764 nunc
2767 2718 2970 2779 populus
2997 2719 3264 2780 convertat,
3305 2721 3394 2768 tut
3435 2719 3696 2782 quibusnam

2167 2806 2519 2868 inquisitionem
2537 2808 2850 2858 obscurorum
2869 2814 2918 2858 et
2937 2821 3212 2871 magnorum
3239 2810 3508 2861 facinorum
3529 2811 3697 2861 mandet

2164 2901 2222 2950 ad
2249 2901 2628 2964 comperiendam
2659 2904 2942 2954 veritatem?
2965 2905 3032 2966 (9)
3064 2907 3182 2954 Nam
3219 2905 3266 2954 id
3302 2909 3562 2957 concilium
3585 2907 3694 2970 quod

2167 2995 2296 3056 prius
2319 2994 2413 3044 tide
2445 2995 2637 3058 dignum
2679 2995 2894 3046 habitum
2920 2998 3018 3059 est,
3045 3001 3094 3047 tu
3129 2997 3212 3060 qui
3239 2999 3285 3049 te
3308 3001 3586 3062 popularem
3612 3014 3696 3063 per-

2167 3091 2316 3141 hiberi
2345 3092 2552 3155 postulns
2568 3129 2584 3154 ,
2601 3091 2802 3154 evertis,
2825 3091 2965 3153 cuius
2992 3091 3102 3142 tidei
3139 3093 3344 3155 populus
3369 3095 3518 3144 vitam
3539 3095 3694 3144 civium

2164 3187 2433 3250 commisit,
2461 3187 2540 3237 cui
2557 3187 2898 3249 rempublicam
2920 3187 2972 3236 et
2987 3186 3258 3237 libertatem
3281 3200 3414 3250 saepe
3449 3187 3694 3240 custodien-

2166 3281 2278 3330 dam
2305 3279 2526 3342 tradidit,
2555 3279 2684 3344 quod
2708 3283 2846 3329 tuum
2865 3291 3064 3341 corpus,
3091 3279 3146 3329 ut
3163 3279 3348 3330 scilicet
3367 3294 3422 3332 se
3447 3295 3574 3330 nunc
3594 3293 3696 3329 con·

2165 3377 2301 3426 viciis
2319 3375 2601 3435 incesseres,
2621 3373 2835 3425 defendit
2855 3387 2982 3436 saepe
3008 3376 3099 3435 (ut
3123 3377 3178 3426 tn
3203 3375 3298 3437 nis)
3319 3376 3508 3428 insidiis
3531 3377 3694 3439 appeti-

2163 3472 2266 3518 tum
2285 3503 2300 3530 ,
2339 3467 2470 3532 quod
2509 3467 2718 3529 denique
2745 3479 2916 3516 arcens
2967 3470 3104 3529 pacta
3145 3471 3434 3532 conservat,
3463 3469 3514 3519 in
3539 3471 3696 3532 quilius

2161 3562 2252 3612 sita
2277 3564 2348 3612 est
2377 3561 2506 3612 salus
2536 3560 2826 3623 reipublicae.

2229 3661 2301 3705 ιο.
2330 3657 2392 3705 At
2421 3654 2530 3716 iure
2559 3653 2681 3716 hoe,
2713 3653 2822 3715 jure
2853 3653 3212 3716 quodammodo
3247 3655 3424 3707 eccidit
3453 3656 3644 3706 concilio
3681 3674 3691 3702 ε

2165 3777 2251 3814 nec
2263 3764 2388 3813 enim
2408 3763 2719 3813 dissimulabo
2735 3763 3016 3813 sententiam
3035 3776 3208 3814 meam.
3233 3765 3410 3815 Decuil
3427 3765 3554 3815 enim
3581 3777 3698 3812 sena·

2165 3885 2288 3929 tores
2303 3914 2318 3940 ,
2343 3883 2427 3927 sut
2446 3877 2574 3939 prius
2596 3877 2740 3928 etism
2759 3876 2820 3928 de
2833 3877 3056 3928 trecentis
3071 3877 3262 3928 talentis
3281 3891 3310 3928 a
3333 3891 3442 3942 rege
3460 3881 3696 3929 Persarum

2163 3993 2318 4044 allatis
2344 3993 2582 4054 inquirere
2617 3991 3024 4054 quemadmodum
3059 3993 3264 4054 populus
3288 3994 3626 4052 constituerat,
3651 3994 3698 4038 ut

2165 4105 2266 4151 tum
2295 4101 2386 4150 ists
2415 4100 2574 4151 bellun
2601 4100 2836 4163 supplicio
2857 4101 3060 4162 nffoetn,
3083 4102 3136 4151 et
3163 4101 3221 4150 iis
3249 4099 3334 4162 qui
3363 4101 3614 4163 pecuniam
3639 4101 3694 4147 is-

2163 4214 2260 4261 tam
2285 4210 2446 4273 partiti
2465 4215 2600 4260 erant
2622 4211 2821 4272 cognitis
2834 4244 2850 4271 ,
2879 4213 2928 4260 et
2948 4209 3323 4272 proditioneque
3344 4210 3600 4260 Thebanos
3621 4209 3699 4257 iste

2163 4324 2366 4388 perdidit
2388 4325 2437 4374 in
2464 4324 2621 4374 lucem
2665 4324 2850 4387 prolata
2867 4359 2883 4385 ‚
2912 4323 3004 4374 isto
3030 4323 3194 4388 populi
3227 4325 3350 4374 duce
3379 4323 3564 4374 liberati
3586 4333 3694 4371 ffic-

2163 4447 2270 4482 mus
2291 4446 2378 4496 pro
2409 4433 2577 4482 merito
2602 4432 2832 4482 mulctato
2859 4432 2992 4496 :(tl)
3015 4437 3128 4492 sut,
3152 4431 3194 4480 si
3217 4443 3304 4480 vos
3327 4431 3420 4482 ists
3437 4431 3696 4481 condonare

2162 4541 2464 4593 Demostheni
2493 4541 2759 4590 voluissetis
2775 4577 2790 4602 ‚
2815 4553 2912 4602 quo
2933 4540 3073 4590 multi
3099 4540 3148 4590 in
3171 4539 3290 4590 urbe
3315 4539 3600 4589 exsisterent
3625 4534 3698 4598 qni

2163 4661 2326 4708 contra
2348 4669 2437 4706 vos
2459 4667 2657 4705 munera
2687 4656 2910 4716 caperent
2927 4687 2944 4713 ,
2967 4653 3090 4701 hanc
3123 4651 3343 4701 indicatae
3359 4649 3458 4711 jam
3493 4648 3696 4712 pecunie

2161 4768 2513 4830 inquisitionem
2546 4779 2640 4816 non
2663 4765 2934 4828 suscipere,
2967 4765 3022 4815 ut
3052 4763 3136 4827 qui
3170 4762 3303 4826 prius
3325 4761 3506 4826 quibus
3537 4756 3700 4808 animis

2161 4889 2330 4938 essetis
2347 4885 2608 4948 periculum
2635 4885 2878 4944 iecissent;
2898 4883 3074 4946 qnippe
3091 4893 3244 4944 quum
3259 4879 3434 4930 indicio
3445 4889 3576 4928 nunc
3591 4875 3698 4924 adeo

2161 4997 2288 5046 recte
2316 4999 2366 5046 et
2385 4995 2512 5054 juste
2539 4993 2706 5042 contra
2731 4994 2874 5042 istum
2910 4995 2960 5042 et
2989 4992 3173 5040 ceteros
3195 4989 3319 5037 l'scto
3347 4986 3542 5036 senatus
3562 4988 3694 5033 Areo·

2162 5103 2391 5166 pugilicus
2419 5115 2571 5163 neque
2597 5099 2931 5151 Demosthenis
2965 5111 3117 5160 neque
3148 5093 3375 5145 Demadis
3395 5104 3512 5155 opes
3543 5086 3694 5139 fonni-

2163 5209 2316 5270 darii,
2337 5207 2420 5259 sed
2449 5206 2675 5267 majorem
2699 5203 2936 5268 aequitatis
2964 5205 3013 5253 et
3037 5201 3248 5251 veritalis
3269 5198 3500 5248 rationem
3525 5193 3691 5242 habue-
