<?xml version="1.0" encoding="UTF-8"?>
<!DOCTYPE html PUBLIC "-//W3C//DTD XHTML 1.0 Transitional//EN"
    "http://www.w3.org/TR/xhtml1/DTD/xhtml1-transitional.dtd">
<html xmlns="http://www.w3.org/1999/xhtml" xml:lang="en" lang="en">
 <head>
  <title>
</title>
<meta http-equiv="Content-Type" content="text/html;charset=utf-8" />
  <meta name='ocr-system' content='tesseract 3.04.00' />
  <meta name='ocr-capabilities' content='ocr_page ocr_carea ocr_par ocr_line ocrx_word'/>
</head>
<body>
  <div class='ocr_page' id='page_1' title='image "./oratoresatticia02unkngoog/oratoresatticia02unkngoog_0076.png"; bbox 0 0 3825 5834; ppageno 0'>
   <div class='ocr_carea' id='block_1_1' title="bbox 487 405 2784 476">
    <p class='ocr_par' dir='ltr' id='par_1_1' title="bbox 487 405 2784 476">
     <span class='ocr_line' id='line_1_1' title="bbox 487 405 2784 476; baseline -0.005 -1"><span class='ocrx_word' id='word_1_1' title='bbox 487 427 560 476; x_wconf 70' lang='lat'><strong>6⁴</strong></span> <span class='ocrx_word' id='word_1_2' title='bbox 1399 409 1766 468; x_wconf 77' lang='grc' dir='ltr'><strong>ΑΙΣΧΙΝΟΥ</strong></span> <span class='ocrx_word' id='word_1_3' title='bbox 1805 409 1855 466; x_wconf 95' lang='lat' dir='ltr'><strong>O</strong></span> <span class='ocrx_word' id='word_1_4' title='bbox 1899 409 2075 470; x_wconf 85' lang='grc' dir='ltr'><strong>ΠΕΡΙ</strong></span> <span class='ocrx_word' id='word_1_5' title='bbox 2122 405 2784 468; x_wconf 80' lang='grc' dir='ltr'>ΠΑΡΑΠΡΕΣΒΕΙΑΣ.</span> 
     </span>
    </p>
   </div>
   <div class='ocr_carea' id='block_1_2' title="bbox 412 597 1702 817">
    <p class='ocr_par' dir='ltr' id='par_1_2' title="bbox 412 597 1702 817">
     <span class='ocr_line' id='line_1_2' title="bbox 1223 597 1294 655; baseline -0.014 0"><span class='ocrx_word' id='word_1_6' title='bbox 1223 597 1294 655; x_wconf 89' lang='lat' dir='ltr'><strong>u.</strong></span> 
     </span>
     <span class='ocr_line' id='line_1_3' title="bbox 412 742 1702 817; baseline 0.001 -17"><span class='ocrx_word' id='word_1_7' title='bbox 412 750 480 800; x_wconf 66' lang='grc' dir='ltr'><strong>ιε</strong></span> <span class='ocrx_word' id='word_1_8' title='bbox 815 743 996 804; x_wconf 76' lang='grc' dir='ltr'>ΠΕΡΙ</span> <span class='ocrx_word' id='word_1_9' title='bbox 1039 742 1702 817; x_wconf 58' lang='grc' dir='ltr'><strong>ΠΑῼΑΠΡΕΣΒΕῙΑΣ</strong></span> 
     </span>
    </p>
   </div>
   <div class='ocr_carea' id='block_1_3' title="bbox 1088 917 1413 966">
    <p class='ocr_par' dir='ltr' id='par_1_3' title="bbox 1088 917 1413 966">
     <span class='ocr_line' id='line_1_4' title="bbox 1088 917 1413 966; baseline -0.006 0"><span class='ocrx_word' id='word_1_10' title='bbox 1088 917 1413 966; x_wconf 65' lang='lat' dir='ltr'><strong>moestus.</strong></span> 
     </span>
    </p>
   </div>
   <div class='ocr_carea' id='block_1_4' title="bbox 418 1061 2043 2245">
    <p class='ocr_par' dir='ltr' id='par_1_4' title="bbox 489 1061 2037 1342">
     <span class='ocr_line' id='line_1_5' title="bbox 489 1061 2037 1130; baseline -0.006 -10"><span class='ocrx_word' id='word_1_11' title='bbox 489 1070 709 1128; x_wconf 76' lang='grc' dir='ltr'><strong>Ἀθηναῖοι</strong></span> <span class='ocrx_word' id='word_1_12' title='bbox 750 1069 974 1130; x_wconf 83' lang='grc' dir='ltr'><strong>Φιλίππῳ</strong></span> <span class='ocrx_word' id='word_1_13' title='bbox 1016 1065 1362 1126; x_wconf 80' lang='grc' dir='ltr'>πολεμήσαντες</span> <span class='ocrx_word' id='word_1_14' title='bbox 1400 1064 1592 1125; x_wconf 80' lang='grc' dir='ltr'><strong>ὕστερον</strong></span> <span class='ocrx_word' id='word_1_15' title='bbox 1627 1061 1905 1118; x_wconf 78' lang='grc' dir='ltr'><strong>ἐπείσθησαν</strong></span> <span class='ocrx_word' id='word_1_16' title='bbox 1944 1063 2037 1111; x_wconf 80' lang='grc' dir='ltr'><strong>ὑπὸ</strong></span> 
     </span>
     <span class='ocr_line' id='line_1_6' title="bbox 549 1133 2037 1202; baseline -0.008 -12"><span class='ocrx_word' id='word_1_17' title='bbox 549 1141 875 1202; x_wconf 77' lang='grc' dir='ltr'>Ἀριστοδήμου</span> <span class='ocrx_word' id='word_1_18' title='bbox 897 1139 977 1186; x_wconf 83' lang='grc' dir='ltr'><strong>καὶ</strong></span> <span class='ocrx_word' id='word_1_19' title='bbox 1019 1136 1348 1196; x_wconf 74' lang='grc' dir='ltr'><strong>Νεοπτολέμου</strong></span> <span class='ocrx_word' id='word_1_20' title='bbox 1384 1135 1466 1182; x_wconf 80' lang='grc' dir='ltr'><strong>καὶ</strong></span> <span class='ocrx_word' id='word_1_21' title='bbox 1501 1137 1824 1195; x_wconf 81' lang='grc' dir='ltr'><strong>Κτησιφῶντος</strong></span> <span class='ocrx_word' id='word_1_22' title='bbox 1857 1133 2037 1195; x_wconf 77' lang='grc' dir='ltr'><strong>εἰρήνην</strong></span> 
     </span>
     <span class='ocr_line' id='line_1_7' title="bbox 547 1202 2037 1274; baseline -0.008 -15"><span class='ocrx_word' id='word_1_23' title='bbox 547 1213 658 1274; x_wconf 85' lang='grc' dir='ltr'><strong>πρὸς</strong></span> <span class='ocrx_word' id='word_1_24' title='bbox 691 1211 830 1259; x_wconf 81' lang='grc' dir='ltr'><strong>αὐτὸν</strong></span> <span class='ocrx_word' id='word_1_25' title='bbox 855 1208 1174 1265; x_wconf 77' lang='grc' dir='ltr'><strong>ποιήσασθαι,</strong></span> <span class='ocrx_word' id='word_1_26' title='bbox 1197 1207 1278 1253; x_wconf 84' lang='grc' dir='ltr'><strong>καὶ</strong></span> <span class='ocrx_word' id='word_1_27' title='bbox 1311 1205 1522 1266; x_wconf 75' lang='grc' dir='ltr'><strong>ἔπεμψαν</strong></span> <span class='ocrx_word' id='word_1_28' title='bbox 1545 1203 1628 1250; x_wconf 88' lang='grc' dir='ltr'><strong>δύο</strong></span> <span class='ocrx_word' id='word_1_29' title='bbox 1651 1202 1896 1264; x_wconf 73' lang='grc' dir='ltr'><strong>πρεσὸείας</strong></span> <span class='ocrx_word' id='word_1_30' title='bbox 1915 1237 1931 1260; x_wconf 84' lang='grc'><strong>,</strong></span> <span class='ocrx_word' id='word_1_31' title='bbox 1954 1205 2037 1260; x_wconf 80' lang='grc' dir='ltr'><strong>τὴν</strong></span> 
     </span>
     <span class='ocr_line' id='line_1_8' title="bbox 549 1272 2037 1342; baseline -0.006 -13"><span class='ocrx_word' id='word_1_32' title='bbox 549 1281 632 1342; x_wconf 78' lang='grc' dir='ltr'><strong>μὲν</strong></span> <span class='ocrx_word' id='word_1_33' title='bbox 663 1280 886 1342; x_wconf 89' lang='grc' dir='ltr'><strong>προτέραν</strong></span> <span class='ocrx_word' id='word_1_34' title='bbox 918 1277 1020 1340; x_wconf 76' lang='grc' dir='ltr'><strong>περὶ</strong></span> <span class='ocrx_word' id='word_1_35' title='bbox 1043 1282 1124 1333; x_wconf 82' lang='grc' dir='ltr'><strong>τῆς</strong></span> <span class='ocrx_word' id='word_1_36' title='bbox 1155 1275 1334 1337; x_wconf 76' lang='grc' dir='ltr'>εἰρήνης</span> <span class='ocrx_word' id='word_1_37' title='bbox 1349 1309 1362 1332; x_wconf 89' lang='grc'><strong>,</strong></span> <span class='ocrx_word' id='word_1_38' title='bbox 1381 1275 1464 1330; x_wconf 78' lang='grc' dir='ltr'><strong>τὴν</strong></span> <span class='ocrx_word' id='word_1_39' title='bbox 1487 1273 1699 1334; x_wconf 73' lang='grc' dir='ltr'><strong>δευτέραν</strong></span> <span class='ocrx_word' id='word_1_40' title='bbox 1727 1273 1774 1320; x_wconf 84' lang='grc' dir='ltr'><strong>δὲ</strong></span> <span class='ocrx_word' id='word_1_41' title='bbox 1798 1272 2037 1334; x_wconf 83' lang='grc' dir='ltr'><strong>ἀποληψο·</strong></span> 
     </span>
    </p>

    <p class='ocr_par' dir='ltr' id='par_1_5' title="bbox 422 1342 2040 1689">
     <span class='ocr_line' id='line_1_9' title="bbox 422 1342 2039 1412; baseline -0.007 -14"><span class='ocrx_word' id='word_1_42' title='bbox 422 1354 447 1390; x_wconf 73' lang='lat'><strong>5</strong></span> <span class='ocrx_word' id='word_1_43' title='bbox 553 1351 691 1412; x_wconf 83' lang='grc' dir='ltr'><strong>μένην</strong></span> <span class='ocrx_word' id='word_1_44' title='bbox 714 1350 822 1402; x_wconf 84' lang='grc' dir='ltr'><strong>τοὺς</strong></span> <span class='ocrx_word' id='word_1_45' title='bbox 843 1347 1004 1409; x_wconf 86' lang='grc' dir='ltr'><strong>ὅρκους</strong></span> <span class='ocrx_word' id='word_1_46' title='bbox 1017 1383 1031 1404; x_wconf 88' lang='grc'><strong>,</strong></span> <span class='ocrx_word' id='word_1_47' title='bbox 1051 1346 1098 1394; x_wconf 83' lang='grc' dir='ltr'><strong>ἐν</strong></span> <span class='ocrx_word' id='word_1_48' title='bbox 1117 1345 1189 1400; x_wconf 81' lang='grc' dir='ltr'><strong>αῑς</strong></span> <span class='ocrx_word' id='word_1_49' title='bbox 1209 1344 1481 1406; x_wconf 72' lang='grc' dir='ltr'><strong>ἀμφοτέραις</strong></span> <span class='ocrx_word' id='word_1_50' title='bbox 1504 1343 1625 1402; x_wconf 83' lang='grc' dir='ltr'><strong>ἦσαν</strong></span> <span class='ocrx_word' id='word_1_51' title='bbox 1645 1342 1918 1404; x_wconf 74' lang='grc' dir='ltr'><strong>πρεσὸευταὶ</strong></span> <span class='ocrx_word' id='word_1_52' title='bbox 1948 1347 2039 1398; x_wconf 90' lang='grc' dir='ltr'><strong>Δη-</strong></span> 
     </span>
     <span class='ocr_line' id='line_1_10' title="bbox 551 1411 2039 1481; baseline -0.007 -13"><span class='ocrx_word' id='word_1_53' title='bbox 551 1421 772 1481; x_wconf 86' lang='grc' dir='ltr'><strong>μοσθένης</strong></span> <span class='ocrx_word' id='word_1_54' title='bbox 795 1418 874 1465; x_wconf 88' lang='grc' dir='ltr'><strong>καὶ</strong></span> <span class='ocrx_word' id='word_1_55' title='bbox 896 1414 1132 1477; x_wconf 80' lang='grc' dir='ltr'><strong>Αἰσχίνης.</strong></span> <span class='ocrx_word' id='word_1_56' title='bbox 1197 1413 1278 1468; x_wconf 81' lang='grc' dir='ltr'><strong>Ὧς</strong></span> <span class='ocrx_word' id='word_1_57' title='bbox 1302 1411 1383 1460; x_wconf 86' lang='grc' dir='ltr'><strong>οὗν</strong></span> <span class='ocrx_word' id='word_1_58' title='bbox 1402 1413 1632 1469; x_wconf 77' lang='grc' dir='ltr'><strong>ἐπανῆκον</strong></span> <span class='ocrx_word' id='word_1_59' title='bbox 1660 1412 1714 1460; x_wconf 65' lang='grc' dir='ltr'><strong>ἐκ</strong></span> <span class='ocrx_word' id='word_1_60' title='bbox 1735 1416 1816 1468; x_wconf 87' lang='grc' dir='ltr'><strong>τῆς</strong></span> <span class='ocrx_word' id='word_1_61' title='bbox 1845 1411 2039 1472; x_wconf 80' lang='grc' dir='ltr'><strong>ὑστέρας</strong></span> 
     </span>
     <span class='ocr_line' id='line_1_11' title="bbox 552 1480 2039 1550; baseline -0.008 -13"><span class='ocrx_word' id='word_1_62' title='bbox 552 1489 800 1550; x_wconf 79' lang='grc' dir='ltr'><strong>πρεσὸείας</strong></span> <span class='ocrx_word' id='word_1_63' title='bbox 817 1491 896 1544; x_wconf 86' lang='grc' dir='ltr'><strong>τῆς</strong></span> <span class='ocrx_word' id='word_1_64' title='bbox 929 1485 1005 1532; x_wconf 82' lang='grc' dir='ltr'><strong>ἐπὶ</strong></span> <span class='ocrx_word' id='word_1_65' title='bbox 1031 1485 1137 1538; x_wconf 81' lang='grc' dir='ltr'><strong>τοὺς</strong></span> <span class='ocrx_word' id='word_1_66' title='bbox 1162 1485 1324 1545; x_wconf 85' lang='grc' dir='ltr'><strong>ὅρκους</strong></span> <span class='ocrx_word' id='word_1_67' title='bbox 1341 1515 1358 1542; x_wconf 85' lang='lat'>‚</span> <span class='ocrx_word' id='word_1_68' title='bbox 1386 1481 1642 1543; x_wconf 82' lang='grc' dir='ltr'><strong>ἐγράψαντο</strong></span> <span class='ocrx_word' id='word_1_69' title='bbox 1669 1480 2039 1542; x_wconf 71' lang='grc' dir='ltr'><strong>παραπρεσὸείας</strong></span> 
     </span>
     <span class='ocr_line' id='line_1_12' title="bbox 553 1548 2039 1620; baseline -0.008 -13"><span class='ocrx_word' id='word_1_70' title='bbox 553 1558 777 1620; x_wconf 81' lang='grc' dir='ltr'><strong>Αἰσχίνην</strong></span> <span class='ocrx_word' id='word_1_71' title='bbox 806 1555 1101 1617; x_wconf 85' lang='grc' dir='ltr'><strong>Δημοσθένης</strong></span> <span class='ocrx_word' id='word_1_72' title='bbox 1125 1569 1176 1601; x_wconf 91' lang='grc' dir='ltr'><strong>τε</strong></span> <span class='ocrx_word' id='word_1_73' title='bbox 1198 1554 1277 1601; x_wconf 78' lang='grc' dir='ltr'><strong>καὶ</strong></span> <span class='ocrx_word' id='word_1_74' title='bbox 1301 1551 1555 1612; x_wconf 80' lang='grc' dir='ltr'><strong>Τίμαρχος.</strong></span> <span class='ocrx_word' id='word_1_75' title='bbox 1620 1550 1713 1599; x_wconf 85' lang='grc' dir='ltr'><strong>Τὸν</strong></span> <span class='ocrx_word' id='word_1_76' title='bbox 1737 1550 1818 1612; x_wconf 76' lang='grc' dir='ltr'><strong>μὲν</strong></span> <span class='ocrx_word' id='word_1_77' title='bbox 1851 1548 1931 1597; x_wconf 83' lang='grc' dir='ltr'><strong>οὗν</strong></span> <span class='ocrx_word' id='word_1_78' title='bbox 1954 1549 2039 1598; x_wconf 87' lang='grc' dir='ltr'><strong>Τί-</strong></span> 
     </span>
     <span class='ocr_line' id='line_1_13' title="bbox 555 1619 2040 1689; baseline -0.005 -14"><span class='ocrx_word' id='word_1_79' title='bbox 555 1643 730 1689; x_wconf 82' lang='grc' dir='ltr'><strong>μαρχον</strong></span> <span class='ocrx_word' id='word_1_80' title='bbox 769 1627 860 1687; x_wconf 83' lang='grc' dir='ltr'><strong>πρὸ</strong></span> <span class='ocrx_word' id='word_1_81' title='bbox 895 1628 978 1672; x_wconf 82' lang='grc' dir='ltr'><strong>τοῦ</strong></span> <span class='ocrx_word' id='word_1_82' title='bbox 1009 1629 1090 1680; x_wconf 86' lang='grc' dir='ltr'><strong>τῆς</strong></span> <span class='ocrx_word' id='word_1_83' title='bbox 1125 1620 1496 1684; x_wconf 78' lang='grc' dir='ltr'><strong>παραπρεσὸείας</strong></span> <span class='ocrx_word' id='word_1_84' title='bbox 1532 1620 1710 1681; x_wconf 81' lang='grc' dir='ltr'><strong>ἀγῶνος</strong></span> <span class='ocrx_word' id='word_1_85' title='bbox 1747 1619 2040 1680; x_wconf 69' lang='grc' dir='ltr'><strong>γραψάμενος</strong></span> 
     </span>
    </p>

    <p class='ocr_par' dir='ltr' id='par_1_6' title="bbox 418 1688 2041 2036">
     <span class='ocr_line' id='line_1_14' title="bbox 418 1688 2041 1758; baseline -0.003 -18"><span class='ocrx_word' id='word_1_86' title='bbox 418 1703 469 1740; x_wconf 86' lang='lat'><strong>10</strong></span> <span class='ocrx_word' id='word_1_87' title='bbox 555 1695 776 1758; x_wconf 78' lang='grc' dir='ltr'><strong>Αἰσχίνης</strong></span> <span class='ocrx_word' id='word_1_88' title='bbox 797 1693 1074 1755; x_wconf 66' lang='grc' dir='ltr'><strong>ἑταιρήσεως</strong></span> <span class='ocrx_word' id='word_1_89' title='bbox 1107 1691 1320 1755; x_wconf 78' lang='grc' dir='ltr'><strong>ἠτίμωσε</strong></span> <span class='ocrx_word' id='word_1_90' title='bbox 1337 1727 1354 1753; x_wconf 88' lang='grc'><strong>,</strong></span> <span class='ocrx_word' id='word_1_91' title='bbox 1380 1691 1492 1753; x_wconf 79' lang='grc' dir='ltr'><strong>πρὸς</strong></span> <span class='ocrx_word' id='word_1_92' title='bbox 1523 1690 1572 1738; x_wconf 80' lang='grc' dir='ltr'><strong>δὲ</strong></span> <span class='ocrx_word' id='word_1_93' title='bbox 1605 1689 1900 1750; x_wconf 80' lang='grc' dir='ltr'><strong>Δημοσθένην</strong></span> <span class='ocrx_word' id='word_1_94' title='bbox 1922 1688 2041 1736; x_wconf 80' lang='grc' dir='ltr'><strong>ἀπο·</strong></span> 
     </span>
     <span class='ocr_line' id='line_1_15' title="bbox 555 1757 2041 1826; baseline -0.007 -12"><span class='ocrx_word' id='word_1_95' title='bbox 555 1767 774 1822; x_wconf 85' lang='grc' dir='ltr'><strong>λογεῖται.</strong></span> <span class='ocrx_word' id='word_1_96' title='bbox 839 1763 988 1812; x_wconf 81' lang='grc' dir='ltr'><strong>Ἔνιοι</strong></span> <span class='ocrx_word' id='word_1_97' title='bbox 1013 1764 1093 1826; x_wconf 76' lang='grc' dir='ltr'><strong>μὲν</strong></span> <span class='ocrx_word' id='word_1_98' title='bbox 1116 1762 1196 1811; x_wconf 87' lang='grc' dir='ltr'><strong>οὗν</strong></span> <span class='ocrx_word' id='word_1_99' title='bbox 1217 1779 1329 1824; x_wconf 88' lang='grc' dir='ltr'><strong>φασι</strong></span> <span class='ocrx_word' id='word_1_100' title='bbox 1349 1761 1618 1824; x_wconf 82' lang='grc' dir='ltr'><strong>γεγραφέναι</strong></span> <span class='ocrx_word' id='word_1_101' title='bbox 1643 1759 1725 1823; x_wconf 81' lang='grc' dir='ltr'><strong>μὲν</strong></span> <span class='ocrx_word' id='word_1_102' title='bbox 1747 1758 1854 1814; x_wconf 83' lang='grc' dir='ltr'><strong>τοὺς</strong></span> <span class='ocrx_word' id='word_1_103' title='bbox 1877 1757 2041 1818; x_wconf 78' lang='grc' dir='ltr'><strong>λόγους</strong></span> 
     </span>
     <span class='ocr_line' id='line_1_16' title="bbox 555 1828 2040 1898; baseline -0.004 -15"><span class='ocrx_word' id='word_1_104' title='bbox 555 1835 836 1898; x_wconf 80' lang='grc' dir='ltr'><strong>ἀμφοτέρους</strong></span> <span class='ocrx_word' id='word_1_105' title='bbox 851 1869 863 1892; x_wconf 85' lang='grc'><strong>,</strong></span> <span class='ocrx_word' id='word_1_106' title='bbox 880 1834 936 1882; x_wconf 85' lang='grc' dir='ltr'><strong>οὐ</strong></span> <span class='ocrx_word' id='word_1_107' title='bbox 957 1835 1113 1895; x_wconf 86' lang='grc' dir='ltr'><strong>μέντοι</strong></span> <span class='ocrx_word' id='word_1_108' title='bbox 1134 1849 1186 1893; x_wconf 88' lang='grc' dir='ltr'><strong>γε</strong></span> <span class='ocrx_word' id='word_1_109' title='bbox 1204 1834 1408 1895; x_wconf 84' lang='grc' dir='ltr'><strong>εἰρῆσθαι</strong></span> <span class='ocrx_word' id='word_1_110' title='bbox 1421 1845 1434 1858; x_wconf 90' lang='grc'><em>·</em></span> <span class='ocrx_word' id='word_1_111' title='bbox 1455 1835 1498 1880; x_wconf 86' lang='grc' dir='ltr'><strong>οἰ</strong></span> <span class='ocrx_word' id='word_1_112' title='bbox 1519 1833 1568 1879; x_wconf 80' lang='grc' dir='ltr'><strong>δὲ</strong></span> <span class='ocrx_word' id='word_1_113' title='bbox 1585 1833 1664 1879; x_wconf 85' lang='grc' dir='ltr'><strong>καὶ</strong></span> <span class='ocrx_word' id='word_1_114' title='bbox 1683 1828 1890 1894; x_wconf 79' lang='grc' dir='ltr'><strong>εἰρῆσθαί</strong></span> <span class='ocrx_word' id='word_1_115' title='bbox 1909 1843 2040 1890; x_wconf 74' lang='grc' dir='ltr'><strong>φασι,</strong></span> 
     </span>
     <span class='ocr_line' id='line_1_17' title="bbox 555 1900 2041 1963; baseline -0.005 -11"><span class='ocrx_word' id='word_1_116' title='bbox 555 1908 636 1952; x_wconf 86' lang='grc' dir='ltr'><strong>καὶ</strong></span> <span class='ocrx_word' id='word_1_117' title='bbox 653 1904 1041 1951; x_wconf 85' lang='grc' dir='ltr'><strong>κεκινδυνευκὲναι</strong></span> <span class='ocrx_word' id='word_1_118' title='bbox 1055 1903 1134 1950; x_wconf 86' lang='grc' dir='ltr'><strong>τὸν</strong></span> <span class='ocrx_word' id='word_1_119' title='bbox 1153 1901 1376 1963; x_wconf 81' lang='grc' dir='ltr'><strong>Αἰσχίνην</strong></span> <span class='ocrx_word' id='word_1_120' title='bbox 1394 1900 1640 1963; x_wconf 79' lang='grc' dir='ltr'><strong>τριάκοντα</strong></span> <span class='ocrx_word' id='word_1_121' title='bbox 1655 1901 1818 1960; x_wconf 69' lang='grc' dir='ltr'><strong>ψήφοις</strong></span> <span class='ocrx_word' id='word_1_122' title='bbox 1837 1901 2011 1946; x_wconf 77' lang='grc' dir='ltr'><strong>ἁλῶναι</strong></span> <span class='ocrx_word' id='word_1_123' title='bbox 2026 1933 2041 1956; x_wconf 84' lang='grc'><strong>,</strong></span> 
     </span>
     <span class='ocr_line' id='line_1_18' title="bbox 554 1969 2041 2036; baseline -0.005 -12"><span class='ocrx_word' id='word_1_124' title='bbox 554 1975 682 2036; x_wconf 81' lang='grc' dir='ltr'><strong>ὅμως</strong></span> <span class='ocrx_word' id='word_1_125' title='bbox 697 1975 850 2035; x_wconf 84' lang='grc' dir='ltr'><strong>μέντοι</strong></span> <span class='ocrx_word' id='word_1_126' title='bbox 867 1971 1116 2034; x_wconf 77' lang='grc' dir='ltr'><strong>ἀποφυγεῖν</strong></span> <span class='ocrx_word' id='word_1_127' title='bbox 1132 1971 1367 2020; x_wconf 77' lang='grc' dir='ltr'><strong>Εὗὸούλου</strong></span> <span class='ocrx_word' id='word_1_128' title='bbox 1386 1971 1514 2032; x_wconf 76' lang='grc' dir='ltr'><strong>αὐτῷ</strong></span> <span class='ocrx_word' id='word_1_129' title='bbox 1529 1973 1612 2018; x_wconf 79' lang='grc' dir='ltr'><strong>τοῦ</strong></span> <span class='ocrx_word' id='word_1_130' title='bbox 1626 1969 1910 2030; x_wconf 77' lang='grc' dir='ltr'><strong>δημαγωγοῦ</strong></span> <span class='ocrx_word' id='word_1_131' title='bbox 1933 1985 2041 2016; x_wconf 84' lang='grc' dir='ltr'><strong>συν·</strong></span> 
     </span>
    </p>

    <p class='ocr_par' dir='ltr' id='par_1_7' title="bbox 421 2039 2043 2245">
     <span class='ocr_line' id='line_1_19' title="bbox 421 2039 2043 2106; baseline -0.004 -14"><span class='ocrx_word' id='word_1_132' title='bbox 421 2053 470 2092; x_wconf 73' lang='lat'><strong>1⁵</strong></span> <span class='ocrx_word' id='word_1_133' title='bbox 562 2044 940 2106; x_wconf 83' lang='grc' dir='ltr'><strong>αγωνισαμένου,</strong></span> <span class='ocrx_word' id='word_1_134' title='bbox 964 2043 1019 2090; x_wconf 82' lang='grc' dir='ltr'><strong>ού</strong></span> <span class='ocrx_word' id='word_1_135' title='bbox 1039 2042 1191 2104; x_wconf 87' lang='grc' dir='ltr'><strong>μέντοι</strong></span> <span class='ocrx_word' id='word_1_136' title='bbox 1215 2041 1341 2102; x_wconf 77' lang='grc' dir='ltr'><strong>παρὰ</strong></span> <span class='ocrx_word' id='word_1_137' title='bbox 1358 2045 1500 2089; x_wconf 84' lang='grc' dir='ltr'><strong>πᾶσιν</strong></span> <span class='ocrx_word' id='word_1_138' title='bbox 1520 2040 1875 2096; x_wconf 82' lang='grc' dir='ltr'><strong>ἀπογνωσθῆναι</strong></span> <span class='ocrx_word' id='word_1_139' title='bbox 1899 2039 2043 2087; x_wconf 77' lang='grc' dir='ltr'><strong>αὑτοῦ</strong></span> 
     </span>
     <span class='ocr_line' id='line_1_20' title="bbox 559 2108 2043 2176; baseline -0.005 -14"><span class='ocrx_word' id='word_1_140' title='bbox 559 2115 614 2162; x_wconf 81' lang='grc' dir='ltr'><strong>τὸ</strong></span> <span class='ocrx_word' id='word_1_141' title='bbox 636 2113 910 2176; x_wconf 80' lang='grc' dir='ltr'><strong>φιλιππίζειν</strong></span> <span class='ocrx_word' id='word_1_142' title='bbox 928 2148 942 2172; x_wconf 89' lang='grc'><strong>,</strong></span> <span class='ocrx_word' id='word_1_143' title='bbox 971 2113 1034 2167; x_wconf 78' lang='grc' dir='ltr'><strong>ὡς</strong></span> <span class='ocrx_word' id='word_1_144' title='bbox 1062 2111 1197 2165; x_wconf 79' lang='grc' dir='ltr'><strong>αὐτὸς</strong></span> <span class='ocrx_word' id='word_1_145' title='bbox 1231 2109 1276 2157; x_wconf 78' lang='grc' dir='ltr'><strong>ἐν</strong></span> <span class='ocrx_word' id='word_1_146' title='bbox 1309 2115 1376 2172; x_wconf 86' lang='grc' dir='ltr'><strong>τῷ</strong></span> <span class='ocrx_word' id='word_1_147' title='bbox 1407 2109 1642 2171; x_wconf 84' lang='grc' dir='ltr'><strong>προοιμίῳ</strong></span> <span class='ocrx_word' id='word_1_148' title='bbox 1674 2109 1935 2171; x_wconf 79' lang='grc' dir='ltr'><strong>παραδηλοῖ</strong></span> <span class='ocrx_word' id='word_1_149' title='bbox 1963 2108 2043 2156; x_wconf 87' lang='grc' dir='ltr'><strong>καὶ</strong></span> 
     </span>
     <span class='ocr_line' id='line_1_21' title="bbox 563 2177 2043 2245; baseline -0.005 -14"><span class='ocrx_word' id='word_1_150' title='bbox 563 2183 856 2245; x_wconf 83' lang='grc' dir='ltr'><strong>Δημοσθένης</strong></span> <span class='ocrx_word' id='word_1_151' title='bbox 897 2181 944 2229; x_wconf 80' lang='grc' dir='ltr'><strong>έν</strong></span> <span class='ocrx_word' id='word_1_152' title='bbox 967 2184 1034 2243; x_wconf 82' lang='grc' dir='ltr'><strong>τῷ</strong></span> <span class='ocrx_word' id='word_1_153' title='bbox 1061 2180 1170 2242; x_wconf 82' lang='grc' dir='ltr'><strong>Περὶ</strong></span> <span class='ocrx_word' id='word_1_154' title='bbox 1208 2183 1291 2228; x_wconf 84' lang='grc' dir='ltr'><strong>τοῦ</strong></span> <span class='ocrx_word' id='word_1_155' title='bbox 1327 2179 1568 2239; x_wconf 71' lang='grc' dir='ltr'><strong>στεφάνου.</strong></span> <span class='ocrx_word' id='word_1_156' title='bbox 1635 2177 1713 2227; x_wconf 86' lang='grc' dir='ltr'><strong>Ἐν</strong></span> <span class='ocrx_word' id='word_1_157' title='bbox 1743 2179 1824 2239; x_wconf 83' lang='grc' dir='ltr'><strong>μὲν</strong></span> <span class='ocrx_word' id='word_1_158' title='bbox 1861 2177 1941 2225; x_wconf 79' lang='grc' dir='ltr'><strong>οὖν</strong></span> <span class='ocrx_word' id='word_1_159' title='bbox 1975 2181 2043 2238; x_wconf 86' lang='grc' dir='ltr'><strong>τῷ</strong></span> 
     </span>
    </p>
   </div>
   <div class='ocr_carea' id='block_1_5' title="bbox 415 2248 2049 2794">
    <p class='ocr_par' dir='ltr' id='par_1_8' title="bbox 557 2248 2044 2381">
     <span class='ocr_line' id='line_1_22' title="bbox 557 2248 2044 2315; baseline -0.004 -15"><span class='ocrx_word' id='word_1_160' title='bbox 557 2253 732 2315; x_wconf 79' lang='grc' dir='ltr'><strong>πρώτῳ</strong></span> <span class='ocrx_word' id='word_1_161' title='bbox 767 2251 998 2314; x_wconf 83' lang='grc' dir='ltr'><strong>προοιμίῳ</strong></span> <span class='ocrx_word' id='word_1_162' title='bbox 1028 2251 1132 2298; x_wconf 86' lang='grc' dir='ltr'><strong>κατ’</strong></span> <span class='ocrx_word' id='word_1_163' title='bbox 1157 2250 1303 2312; x_wconf 78' lang='grc' dir='ltr'><strong>ἀρχὴν</strong></span> <span class='ocrx_word' id='word_1_164' title='bbox 1335 2249 1403 2303; x_wconf 84' lang='grc' dir='ltr'><strong>εἰς</strong></span> <span class='ocrx_word' id='word_1_165' title='bbox 1435 2249 1615 2296; x_wconf 83' lang='grc' dir='ltr'><strong>εὔνοιαν</strong></span> <span class='ocrx_word' id='word_1_166' title='bbox 1647 2249 1907 2310; x_wconf 82' lang='grc' dir='ltr'><strong>παρακαλεῖ</strong></span> <span class='ocrx_word' id='word_1_167' title='bbox 1938 2248 2044 2302; x_wconf 82' lang='grc' dir='ltr'><strong>τοὺς</strong></span> 
     </span>
     <span class='ocr_line' id='line_1_23' title="bbox 561 2317 2043 2381; baseline -0.004 -11"><span class='ocrx_word' id='word_1_168' title='bbox 561 2321 781 2377; x_wconf 80' lang='grc' dir='ltr'><strong>δικαστάς</strong></span> <span class='ocrx_word' id='word_1_169' title='bbox 795 2357 810 2380; x_wconf 89' lang='grc'><strong>,</strong></span> <span class='ocrx_word' id='word_1_170' title='bbox 837 2323 916 2370; x_wconf 87' lang='grc' dir='ltr'><strong>τὸν</strong></span> <span class='ocrx_word' id='word_1_171' title='bbox 955 2319 1184 2368; x_wconf 74' lang='grc' dir='ltr'><strong>ἀντίδικον</strong></span> <span class='ocrx_word' id='word_1_172' title='bbox 1217 2321 1297 2368; x_wconf 83' lang='grc' dir='ltr'><strong>καὶ</strong></span> <span class='ocrx_word' id='word_1_173' title='bbox 1331 2321 1414 2374; x_wconf 87' lang='grc' dir='ltr'><strong>τήν</strong></span> <span class='ocrx_word' id='word_1_174' title='bbox 1442 2317 1722 2381; x_wconf 70' lang='grc' dir='ltr'><strong>κατηγορίαν</strong></span> <span class='ocrx_word' id='word_1_175' title='bbox 1755 2317 2015 2366; x_wconf 78' lang='grc' dir='ltr'><strong>διαὸάλλων</strong></span> <span class='ocrx_word' id='word_1_176' title='bbox 2029 2351 2043 2375; x_wconf 89' lang='grc'><strong>,</strong></span> 
     </span>
    </p>

    <p class='ocr_par' dir='ltr' id='par_1_9' title="bbox 415 2389 2049 2794">
     <span class='ocr_line' id='line_1_24' title="bbox 415 2389 2043 2452; baseline -0.003 -11"><span class='ocrx_word' id='word_1_177' title='bbox 415 2389 470 2428; x_wconf 78' lang='lat'><strong>²⁰</strong></span> <span class='ocrx_word' id='word_1_178' title='bbox 558 2394 738 2441; x_wconf 82' lang='grc' dir='ltr'><strong>καὶτοῦ</strong></span> <span class='ocrx_word' id='word_1_179' title='bbox 761 2391 972 2440; x_wconf 80' lang='grc' dir='ltr'><strong>κινδύνου</strong></span> <span class='ocrx_word' id='word_1_180' title='bbox 990 2391 1044 2439; x_wconf 87' lang='grc' dir='ltr'><strong>τὸ</strong></span> <span class='ocrx_word' id='word_1_181' title='bbox 1059 2391 1248 2452; x_wconf 80' lang='grc' dir='ltr'><strong>μέγεθος</strong></span> <span class='ocrx_word' id='word_1_182' title='bbox 1261 2426 1275 2450; x_wconf 90' lang='grc'><strong>,</strong></span> <span class='ocrx_word' id='word_1_183' title='bbox 1295 2389 1375 2436; x_wconf 83' lang='grc' dir='ltr'><strong>καὶ</strong></span> <span class='ocrx_word' id='word_1_184' title='bbox 1397 2392 1460 2443; x_wconf 85' lang='grc' dir='ltr'><strong>ὡς</strong></span> <span class='ocrx_word' id='word_1_185' title='bbox 1477 2389 1656 2449; x_wconf 83' lang='grc' dir='ltr'><strong>ψευδῶς</strong></span> <span class='ocrx_word' id='word_1_186' title='bbox 1675 2393 2043 2450; x_wconf 73' lang='grc' dir='ltr'><strong>συκοφαντεῖται·</strong></span> 
     </span>
     <span class='ocr_line' id='line_1_25' title="bbox 560 2457 2045 2521; baseline -0.003 -13"><span class='ocrx_word' id='word_1_187' title='bbox 560 2459 639 2508; x_wconf 84' lang='grc' dir='ltr'><strong>Ἐν</strong></span> <span class='ocrx_word' id='word_1_188' title='bbox 653 2461 702 2508; x_wconf 83' lang='grc' dir='ltr'><strong>δὲ</strong></span> <span class='ocrx_word' id='word_1_189' title='bbox 715 2465 784 2521; x_wconf 82' lang='grc' dir='ltr'><strong>τῷ</strong></span> <span class='ocrx_word' id='word_1_190' title='bbox 800 2460 994 2521; x_wconf 85' lang='grc' dir='ltr'><strong>δευτέρῳ</strong></span> <span class='ocrx_word' id='word_1_191' title='bbox 1007 2460 1202 2521; x_wconf 87' lang='grc' dir='ltr'><strong>νοήματι</strong></span> <span class='ocrx_word' id='word_1_192' title='bbox 1221 2463 1413 2521; x_wconf 80' lang='grc' dir='ltr'><strong>πρᾶγμα</strong></span> <span class='ocrx_word' id='word_1_193' title='bbox 1429 2458 1667 2519; x_wconf 79' lang='grc' dir='ltr'><strong>εἰρημένον</strong></span> <span class='ocrx_word' id='word_1_194' title='bbox 1695 2457 1742 2504; x_wconf 82' lang='grc' dir='ltr'><strong>ἐν</strong></span> <span class='ocrx_word' id='word_1_195' title='bbox 1762 2463 1820 2520; x_wconf 78' lang='grc' dir='ltr'><strong>τῇ</strong></span> <span class='ocrx_word' id='word_1_196' title='bbox 1841 2473 2045 2517; x_wconf 89' lang='grc' dir='ltr'><strong>κατηγο-</strong></span> 
     </span>
     <span class='ocr_line' id='line_1_26' title="bbox 559 2526 2045 2593; baseline -0.003 -16"><span class='ocrx_word' id='word_1_197' title='bbox 559 2530 636 2593; x_wconf 77' lang='grc' dir='ltr'><strong>ρίᾳ</strong></span> <span class='ocrx_word' id='word_1_198' title='bbox 655 2529 914 2588; x_wconf 76' lang='grc' dir='ltr'><strong>διαὸάλλει,</strong></span> <span class='ocrx_word' id='word_1_199' title='bbox 946 2530 1027 2576; x_wconf 85' lang='grc' dir='ltr'><strong>καὶ</strong></span> <span class='ocrx_word' id='word_1_200' title='bbox 1059 2531 1302 2576; x_wconf 81' lang='grc' dir='ltr'><strong>πιστοῦται</strong></span> <span class='ocrx_word' id='word_1_201' title='bbox 1331 2526 1606 2582; x_wconf 79' lang='grc' dir='ltr'><strong>ἀξιοπίστως</strong></span> <span class='ocrx_word' id='word_1_202' title='bbox 1621 2562 1636 2586; x_wconf 87' lang='grc'><strong>,</strong></span> <span class='ocrx_word' id='word_1_203' title='bbox 1675 2529 1741 2582; x_wconf 83' lang='grc' dir='ltr'><strong>ὡς</strong></span> <span class='ocrx_word' id='word_1_204' title='bbox 1777 2527 1856 2574; x_wconf 82' lang='grc' dir='ltr'><strong>καὶ</strong></span> <span class='ocrx_word' id='word_1_205' title='bbox 1894 2527 2045 2574; x_wconf 82' lang='grc' dir='ltr'><strong>αὐτῶν</strong></span> 
     </span>
     <span class='ocr_line' id='line_1_27' title="bbox 559 2595 2046 2659; baseline -0.003 -12"><span class='ocrx_word' id='word_1_206' title='bbox 559 2599 748 2647; x_wconf 78' lang='grc' dir='ltr'><strong>εἰδότων</strong></span> <span class='ocrx_word' id='word_1_207' title='bbox 780 2598 851 2645; x_wconf 83' lang='grc' dir='ltr'><strong>ὅτι</strong></span> <span class='ocrx_word' id='word_1_208' title='bbox 875 2595 1040 2659; x_wconf 84' lang='grc' dir='ltr'><strong>ψεῦδός</strong></span> <span class='ocrx_word' id='word_1_209' title='bbox 1077 2597 1193 2644; x_wconf 90' lang='grc' dir='ltr'><strong>ἐστι.</strong></span> <span class='ocrx_word' id='word_1_210' title='bbox 1255 2597 1346 2644; x_wconf 77' lang='grc' dir='ltr'><strong>Καὶ</strong></span> <span class='ocrx_word' id='word_1_211' title='bbox 1379 2600 1515 2643; x_wconf 80' lang='grc' dir='ltr'><strong>τοῦτο</strong></span> <span class='ocrx_word' id='word_1_212' title='bbox 1553 2597 1602 2644; x_wconf 81' lang='grc' dir='ltr'><strong>δὲ</strong></span> <span class='ocrx_word' id='word_1_213' title='bbox 1637 2597 1702 2652; x_wconf 83' lang='grc' dir='ltr'><strong>εἰς</strong></span> <span class='ocrx_word' id='word_1_214' title='bbox 1725 2596 1941 2654; x_wconf 78' lang='grc' dir='ltr'><strong>διαόολὴν</strong></span> <span class='ocrx_word' id='word_1_215' title='bbox 1963 2600 2046 2643; x_wconf 84' lang='grc' dir='ltr'><strong>τοῦ</strong></span> 
     </span>
     <span class='ocr_line' id='line_1_28' title="bbox 567 2664 2049 2727; baseline -0.002 -13"><span class='ocrx_word' id='word_1_216' title='bbox 567 2667 825 2715; x_wconf 74' lang='grc' dir='ltr'><strong>ἀντιδίκου·</strong></span> <span class='ocrx_word' id='word_1_217' title='bbox 851 2666 930 2714; x_wconf 79' lang='grc' dir='ltr'><strong>καί</strong></span> <span class='ocrx_word' id='word_1_218' title='bbox 957 2665 1016 2712; x_wconf 79' lang='grc' dir='ltr'><strong>τὰ</strong></span> <span class='ocrx_word' id='word_1_219' title='bbox 1043 2665 1142 2722; x_wconf 76' lang='grc' dir='ltr'><strong>ἑξῆς</strong></span> <span class='ocrx_word' id='word_1_220' title='bbox 1173 2665 1343 2727; x_wconf 76' lang='grc' dir='ltr'><strong>ὁμοίως</strong></span> <span class='ocrx_word' id='word_1_221' title='bbox 1362 2664 1426 2720; x_wconf 79' lang='grc' dir='ltr'><strong>είς</strong></span> <span class='ocrx_word' id='word_1_222' title='bbox 1449 2665 1630 2713; x_wconf 81' lang='grc' dir='ltr'><strong>εὔνοιαν</strong></span> <span class='ocrx_word' id='word_1_223' title='bbox 1661 2665 1829 2712; x_wconf 71' lang='grc' dir='ltr'><strong>ἑαυτοῦ</strong></span> <span class='ocrx_word' id='word_1_224' title='bbox 1851 2665 1931 2713; x_wconf 79' lang='grc' dir='ltr'><strong>καί</strong></span> <span class='ocrx_word' id='word_1_225' title='bbox 1950 2665 2049 2712; x_wconf 88' lang='grc' dir='ltr'><strong>δια-</strong></span> 
     </span>
     <span class='ocr_line' id='line_1_29' title="bbox 567 2733 1076 2794; baseline -0.012 -10"><span class='ocrx_word' id='word_1_226' title='bbox 567 2736 708 2794; x_wconf 75' lang='grc' dir='ltr'><strong>δολήν</strong></span> <span class='ocrx_word' id='word_1_227' title='bbox 725 2739 808 2783; x_wconf 79' lang='grc' dir='ltr'><strong>τοῦ</strong></span> <span class='ocrx_word' id='word_1_228' title='bbox 826 2733 1076 2783; x_wconf 74' lang='grc' dir='ltr'><strong>ἀντιδίκου.</strong></span> 
     </span>
    </p>
   </div>
   <div class='ocr_carea' id='block_1_6' title="bbox 428 2860 2065 5220">
    <p class='ocr_par' dir='ltr' id='par_1_10' title="bbox 481 2860 2051 3300">
     <span class='ocr_line' id='line_1_30' title="bbox 581 2860 2049 2951; baseline -0.003 -18"><span class='ocrx_word' id='word_1_229' title='bbox 581 2874 781 2951; x_wconf 83' lang='grc' dir='ltr'><strong>Δέομαι</strong></span> <span class='ocrx_word' id='word_1_230' title='bbox 815 2875 990 2950; x_wconf 80' lang='grc' dir='ltr'><strong>ὑμῶν,</strong></span> <span class='ocrx_word' id='word_1_231' title='bbox 1029 2860 1072 2930; x_wconf 68' lang='grc' dir='ltr'><em>ὦ</em></span> <span class='ocrx_word' id='word_1_232' title='bbox 1101 2870 1393 2944; x_wconf 78' lang='grc' dir='ltr'><strong>Ἀθηναῖοι,</strong></span> <span class='ocrx_word' id='word_1_233' title='bbox 1425 2872 1670 2941; x_wconf 72' lang='grc' dir='ltr'><strong>ἐθελῆσαι</strong></span> <span class='ocrx_word' id='word_1_234' title='bbox 1703 2869 1816 2948; x_wconf 86' lang='grc' dir='ltr'><strong>μετ’</strong></span> <span class='ocrx_word' id='word_1_235' title='bbox 1851 2869 2049 2936; x_wconf 83' lang='grc' dir='ltr'><strong>εὐνοίας</strong></span> 
     </span>
     <span class='ocr_line' id='line_1_31' title="bbox 504 2958 2051 3038; baseline -0.001 -18"><span class='ocrx_word' id='word_1_236' title='bbox 504 2961 723 3022; x_wconf 78' lang='grc' dir='ltr'><strong>ἀκοῦσαί</strong></span> <span class='ocrx_word' id='word_1_237' title='bbox 751 2983 853 3037; x_wconf 89' lang='grc' dir='ltr'><strong>μου</strong></span> <span class='ocrx_word' id='word_1_238' title='bbox 889 2958 1128 3037; x_wconf 84' lang='grc' dir='ltr'><strong>λέγοντος</strong></span> <span class='ocrx_word' id='word_1_239' title='bbox 1145 3003 1161 3030; x_wconf 86' lang='grc'><strong>,</strong></span> <span class='ocrx_word' id='word_1_240' title='bbox 1187 2959 1641 3036; x_wconf 78' lang='grc' dir='ltr'><strong>ὑπολογιζομένους</strong></span> <span class='ocrx_word' id='word_1_241' title='bbox 1680 2959 1738 3018; x_wconf 87' lang='grc' dir='ltr'><strong>τό</strong></span> <span class='ocrx_word' id='word_1_242' title='bbox 1761 2982 1817 3018; x_wconf 89' lang='grc' dir='ltr'><strong>τε</strong></span> <span class='ocrx_word' id='word_1_243' title='bbox 1843 2959 2051 3038; x_wconf 87' lang='grc' dir='ltr'><strong>μέγεθος</strong></span> 
     </span>
     <span class='ocr_line' id='line_1_32' title="bbox 481 3044 2049 3128; baseline -0.001 -22"><span class='ocrx_word' id='word_1_244' title='bbox 481 3054 595 3107; x_wconf 72' lang='grc' dir='ltr'><strong>’τοῦ</strong></span> <span class='ocrx_word' id='word_1_245' title='bbox 618 3045 852 3106; x_wconf 81' lang='grc' dir='ltr'><strong>κινδύνου</strong></span> <span class='ocrx_word' id='word_1_246' title='bbox 876 3045 967 3104; x_wconf 75' lang='grc' dir='ltr'><strong>καὶ</strong></span> <span class='ocrx_word' id='word_1_247' title='bbox 993 3044 1053 3102; x_wconf 81' lang='grc' dir='ltr'><strong>τὸ</strong></span> <span class='ocrx_word' id='word_1_248' title='bbox 1091 3046 1286 3116; x_wconf 74' lang='grc' dir='ltr'><strong>πλῆθος</strong></span> <span class='ocrx_word' id='word_1_249' title='bbox 1317 3049 1420 3103; x_wconf 83' lang='grc' dir='ltr'><strong>τῶν</strong></span> <span class='ocrx_word' id='word_1_250' title='bbox 1447 3048 1623 3103; x_wconf 76' lang='grc' dir='ltr'><strong>αἰτιῶν</strong></span> <span class='ocrx_word' id='word_1_251' title='bbox 1653 3045 1778 3128; x_wconf 83' lang='grc' dir='ltr'><strong>πρὸς</strong></span> <span class='ocrx_word' id='word_1_252' title='bbox 1815 3047 1874 3113; x_wconf 76' lang='grc' dir='ltr'><strong>ἃς</strong></span> <span class='ocrx_word' id='word_1_253' title='bbox 1911 3050 2049 3105; x_wconf 89' lang='grc' dir='ltr'><strong>ἀπο-</strong></span> 
     </span>
     <span class='ocr_line' id='line_1_33' title="bbox 502 3128 2051 3210; baseline 0 -18"><span class='ocrx_word' id='word_1_254' title='bbox 502 3131 830 3210; x_wconf 75' lang='grc' dir='ltr'><strong>λογήσασθαί</strong></span> <span class='ocrx_word' id='word_1_255' title='bbox 850 3155 916 3208; x_wconf 89' lang='grc' dir='ltr'><strong>με</strong></span> <span class='ocrx_word' id='word_1_256' title='bbox 941 3131 1046 3203; x_wconf 88' lang='grc' dir='ltr'><strong>δεῖ,</strong></span> <span class='ocrx_word' id='word_1_257' title='bbox 1074 3128 1277 3196; x_wconf 76' lang='grc' dir='ltr'><strong>καὶτὰς</strong></span> <span class='ocrx_word' id='word_1_258' title='bbox 1303 3128 1488 3208; x_wconf 78' lang='grc' dir='ltr'><strong>τέχνας</strong></span> <span class='ocrx_word' id='word_1_259' title='bbox 1504 3130 1596 3188; x_wconf 76' lang='grc' dir='ltr'><strong>καὶ</strong></span> <span class='ocrx_word' id='word_1_260' title='bbox 1617 3131 1710 3197; x_wconf 84' lang='grc' dir='ltr'><strong>τὰς</strong></span> <span class='ocrx_word' id='word_1_261' title='bbox 1729 3132 2051 3202; x_wconf 75' lang='grc' dir='ltr'><strong>κατασκευὰς</strong></span> 
     </span>
     <span class='ocr_line' id='line_1_34' title="bbox 505 3215 2050 3300; baseline -0.001 -22"><span class='ocrx_word' id='word_1_262' title='bbox 505 3225 594 3278; x_wconf 78' lang='grc' dir='ltr'><strong>τοῦ</strong></span> <span class='ocrx_word' id='word_1_263' title='bbox 624 3218 910 3298; x_wconf 83' lang='grc' dir='ltr'><strong>κατηγόρου</strong></span> <span class='ocrx_word' id='word_1_264' title='bbox 934 3217 1025 3276; x_wconf 77' lang='grc' dir='ltr'><strong>καὶ</strong></span> <span class='ocrx_word' id='word_1_265' title='bbox 1051 3215 1145 3288; x_wconf 81' lang='grc' dir='ltr'><strong>τὴν</strong></span> <span class='ocrx_word' id='word_1_266' title='bbox 1178 3215 1428 3293; x_wconf 82' lang='grc' dir='ltr'><strong>ὠμότητα</strong></span> <span class='ocrx_word' id='word_1_267' title='bbox 1446 3261 1464 3289; x_wconf 91' lang='grc'><strong>,</strong></span> <span class='ocrx_word' id='word_1_268' title='bbox 1493 3217 1546 3284; x_wconf 85' lang='grc' dir='ltr'><strong>ὃς</strong></span> <span class='ocrx_word' id='word_1_269' title='bbox 1587 3217 1843 3294; x_wconf 79' lang='grc' dir='ltr'><strong>ἐτόλμησε</strong></span> <span class='ocrx_word' id='word_1_270' title='bbox 1873 3243 2050 3300; x_wconf 85' lang='grc' dir='ltr'><strong>παρα-</strong></span> 
     </span>
    </p>

    <p class='ocr_par' dir='ltr' id='par_1_11' title="bbox 428 3302 2055 3911">
     <span class='ocr_line' id='line_1_35' title="bbox 428 3302 2048 3384; baseline 0.001 -21"><span class='ocrx_word' id='word_1_271' title='bbox 428 3325 454 3363; x_wconf 77' lang='grc' dir='ltr'><strong>ε</strong></span> <span class='ocrx_word' id='word_1_272' title='bbox 506 3307 852 3366; x_wconf 83' lang='grc' dir='ltr'><strong>κελεύσασθαι</strong></span> <span class='ocrx_word' id='word_1_273' title='bbox 887 3303 1014 3384; x_wconf 84' lang='grc' dir='ltr'><strong>πρὸς</strong></span> <span class='ocrx_word' id='word_1_274' title='bbox 1055 3303 1242 3382; x_wconf 84' lang='grc' dir='ltr'><strong>ἄνδρας</strong></span> <span class='ocrx_word' id='word_1_275' title='bbox 1273 3302 1616 3381; x_wconf 84' lang='grc' dir='ltr'><strong>ὀμωμοκότας</strong></span> <span class='ocrx_word' id='word_1_276' title='bbox 1638 3308 1742 3363; x_wconf 80' lang='grc' dir='ltr'><strong>τῶν</strong></span> <span class='ocrx_word' id='word_1_277' title='bbox 1778 3307 2048 3366; x_wconf 89' lang='grc' dir='ltr'><strong>ἀντιδίκων</strong></span> 
     </span>
     <span class='ocr_line' id='line_1_36' title="bbox 506 3389 2053 3472; baseline 0 -20"><span class='ocrx_word' id='word_1_278' title='bbox 506 3391 692 3470; x_wconf 81' lang='grc' dir='ltr'><strong>ὁμοίως</strong></span> <span class='ocrx_word' id='word_1_279' title='bbox 721 3391 1024 3472; x_wconf 74' lang='grc' dir='ltr'><strong>ἀμφοτέρων</strong></span> <span class='ocrx_word' id='word_1_280' title='bbox 1064 3390 1374 3450; x_wconf 83' lang='grc' dir='ltr'><strong>ἀκούσεσθαι</strong></span> <span class='ocrx_word' id='word_1_281' title='bbox 1411 3389 1504 3462; x_wconf 71' lang='grc' dir='ltr'><strong>τὴν</strong></span> <span class='ocrx_word' id='word_1_282' title='bbox 1549 3398 1640 3449; x_wconf 77' lang='grc' dir='ltr'><strong>τοῦ</strong></span> <span class='ocrx_word' id='word_1_283' title='bbox 1680 3391 2053 3462; x_wconf 82' lang='grc' dir='ltr'><strong>κινδυνεύοντος</strong></span> 
     </span>
     <span class='ocr_line' id='line_1_37' title="bbox 507 3469 2052 3562; baseline -0.001 -23"><span class='ocrx_word' id='word_1_284' title='bbox 507 3479 679 3562; x_wconf 81' lang='grc' dir='ltr'><strong>φωνὴν</strong></span> <span class='ocrx_word' id='word_1_285' title='bbox 701 3480 774 3557; x_wconf 82' lang='grc' dir='ltr'><strong>μὴ</strong></span> <span class='ocrx_word' id='word_1_286' title='bbox 792 3477 1084 3556; x_wconf 79' lang='grc' dir='ltr'><strong>ὑπομένειν.</strong></span> <span class='ocrx_word' id='word_1_287' title='bbox 1173 3477 1234 3556; x_wconf 78' lang='lat' dir='ltr'><strong>(a)</strong></span> <span class='ocrx_word' id='word_1_288' title='bbox 1264 3476 1370 3537; x_wconf 75' lang='grc' dir='ltr'><strong>Καὶ</strong></span> <span class='ocrx_word' id='word_1_289' title='bbox 1392 3477 1536 3535; x_wconf 74' lang='grc' dir='ltr'><strong>ταῦτ’</strong></span> <span class='ocrx_word' id='word_1_290' title='bbox 1555 3469 1696 3537; x_wconf 73' lang='grc' dir='ltr'><strong>εἶπεν</strong></span> <span class='ocrx_word' id='word_1_291' title='bbox 1711 3481 1768 3537; x_wconf 84' lang='grc' dir='ltr'><strong>οὗ</strong></span> <span class='ocrx_word' id='word_1_292' title='bbox 1789 3481 1854 3538; x_wconf 86' lang='grc' dir='ltr'><strong>δι’</strong></span> <span class='ocrx_word' id='word_1_293' title='bbox 1875 3482 2052 3560; x_wconf 82' lang='grc' dir='ltr'><strong>ὀργήν·</strong></span> 
     </span>
     <span class='ocr_line' id='line_1_38' title="bbox 505 3567 2053 3651; baseline -0.001 -22"><span class='ocrx_word' id='word_1_294' title='bbox 505 3571 668 3637; x_wconf 78' lang='grc' dir='ltr'><strong>οὐδεὶς</strong></span> <span class='ocrx_word' id='word_1_295' title='bbox 690 3569 791 3651; x_wconf 79' lang='grc' dir='ltr'><strong>γὰρ</strong></span> <span class='ocrx_word' id='word_1_296' title='bbox 811 3573 912 3628; x_wconf 83' lang='grc' dir='ltr'><strong>τῶν</strong></span> <span class='ocrx_word' id='word_1_297' title='bbox 935 3567 1262 3648; x_wconf 77' lang='grc' dir='ltr'><strong>ψευδομένων</strong></span> <span class='ocrx_word' id='word_1_298' title='bbox 1282 3571 1387 3635; x_wconf 86' lang='grc' dir='ltr'><strong>τοῖς</strong></span> <span class='ocrx_word' id='word_1_299' title='bbox 1416 3567 1604 3635; x_wconf 78' lang='grc' dir='ltr'><strong>ἀδίκως</strong></span> <span class='ocrx_word' id='word_1_300' title='bbox 1633 3568 2053 3646; x_wconf 77' lang='grc' dir='ltr'><strong>διαὸαλλομένοις</strong></span> 
     </span>
     <span class='ocr_line' id='line_1_39' title="bbox 507 3654 2049 3740; baseline -0.001 -23"><span class='ocrx_word' id='word_1_301' title='bbox 507 3657 797 3740; x_wconf 80' lang='grc' dir='ltr'><strong>ὀργίζεται,</strong></span> <span class='ocrx_word' id='word_1_302' title='bbox 827 3657 933 3715; x_wconf 80' lang='grc' dir='ltr'><strong>οὐδ’</strong></span> <span class='ocrx_word' id='word_1_303' title='bbox 977 3659 1022 3714; x_wconf 84' lang='grc' dir='ltr'><strong>οἱ</strong></span> <span class='ocrx_word' id='word_1_304' title='bbox 1063 3657 1266 3728; x_wconf 78' lang='grc' dir='ltr'><strong>τάληθῆ</strong></span> <span class='ocrx_word' id='word_1_305' title='bbox 1316 3654 1547 3733; x_wconf 80' lang='grc' dir='ltr'><strong>λέγοντες</strong></span> <span class='ocrx_word' id='word_1_306' title='bbox 1589 3654 1846 3716; x_wconf 88' lang='grc' dir='ltr'><strong>κωλύουσι</strong></span> <span class='ocrx_word' id='word_1_307' title='bbox 1891 3657 2049 3736; x_wconf 88' lang='grc' dir='ltr'><strong>λόγου</strong></span> 
     </span>
     <span class='ocr_line' id='line_1_40' title="bbox 505 3742 2054 3826; baseline -0.001 -22"><span class='ocrx_word' id='word_1_308' title='bbox 505 3754 680 3824; x_wconf 84' lang='grc' dir='ltr'><strong>τυχεῖν</strong></span> <span class='ocrx_word' id='word_1_309' title='bbox 708 3745 792 3803; x_wconf 80' lang='grc' dir='ltr'><strong>τὸν</strong></span> <span class='ocrx_word' id='word_1_310' title='bbox 823 3743 1075 3824; x_wconf 81' lang='grc' dir='ltr'><strong>φεύγοντα</strong></span> <span class='ocrx_word' id='word_1_311' title='bbox 1093 3767 1107 3781; x_wconf 88' lang='grc'><em>·</em></span> <span class='ocrx_word' id='word_1_312' title='bbox 1137 3746 1193 3802; x_wconf 78' lang='grc' dir='ltr'><strong>οὐ</strong></span> <span class='ocrx_word' id='word_1_313' title='bbox 1214 3742 1313 3824; x_wconf 76' lang='grc' dir='ltr'><strong>γὰρ</strong></span> <span class='ocrx_word' id='word_1_314' title='bbox 1333 3743 1579 3823; x_wconf 84' lang='grc' dir='ltr'><strong>πρότερον</strong></span> <span class='ocrx_word' id='word_1_315' title='bbox 1605 3742 1891 3824; x_wconf 83' lang='grc' dir='ltr'><strong>κατήγορος</strong></span> <span class='ocrx_word' id='word_1_316' title='bbox 1909 3745 2054 3826; x_wconf 81' lang='grc' dir='ltr'><strong>παρὰ</strong></span> 
     </span>
     <span class='ocr_line' id='line_1_41' title="bbox 505 3830 2055 3911; baseline 0 -19"><span class='ocrx_word' id='word_1_317' title='bbox 505 3837 611 3899; x_wconf 87' lang='grc' dir='ltr'><strong>τοῖς</strong></span> <span class='ocrx_word' id='word_1_318' title='bbox 638 3833 907 3891; x_wconf 82' lang='grc' dir='ltr'><strong>ἀκούουσιν</strong></span> <span class='ocrx_word' id='word_1_319' title='bbox 929 3831 1098 3910; x_wconf 78' lang='grc' dir='ltr'><strong>ἰσχύει</strong></span> <span class='ocrx_word' id='word_1_320' title='bbox 1113 3875 1130 3906; x_wconf 93' lang='grc'><strong>,</strong></span> <span class='ocrx_word' id='word_1_321' title='bbox 1156 3831 1279 3910; x_wconf 77' lang='grc' dir='ltr'><strong>πρὶν</strong></span> <span class='ocrx_word' id='word_1_322' title='bbox 1301 3831 1362 3890; x_wconf 78' lang='grc' dir='ltr'><strong>ἂν</strong></span> <span class='ocrx_word' id='word_1_323' title='bbox 1386 3833 1413 3888; x_wconf 82' lang='grc' dir='ltr'>ὁ</span> <span class='ocrx_word' id='word_1_324' title='bbox 1433 3830 1630 3911; x_wconf 84' lang='grc' dir='ltr'><strong>φεύγων</strong></span> <span class='ocrx_word' id='word_1_325' title='bbox 1657 3835 1936 3908; x_wconf 83' lang='grc' dir='ltr'><strong>ἀπολογίας</strong></span> <span class='ocrx_word' id='word_1_326' title='bbox 1966 3857 2055 3892; x_wconf 88' lang='grc' dir='ltr'><strong>τυ-</strong></span> 
     </span>
    </p>

    <p class='ocr_par' dir='ltr' id='par_1_12' title="bbox 433 3915 2060 4605">
     <span class='ocr_line' id='line_1_42' title="bbox 433 3915 2056 3999; baseline 0.004 -26"><span class='ocrx_word' id='word_1_327' title='bbox 433 3933 454 3973; x_wconf 85' lang='lat'>1</span> <span class='ocrx_word' id='word_1_328' title='bbox 505 3918 614 3999; x_wconf 78' lang='grc' dir='ltr'><strong>χὼν</strong></span> <span class='ocrx_word' id='word_1_329' title='bbox 637 3917 934 3996; x_wconf 78' lang='grc' dir='ltr'><strong>ἀδυνατήσῃ</strong></span> <span class='ocrx_word' id='word_1_330' title='bbox 957 3916 1050 3983; x_wconf 72' lang='grc' dir='ltr'><strong>τὰς</strong></span> <span class='ocrx_word' id='word_1_331' title='bbox 1076 3915 1453 3997; x_wconf 82' lang='grc' dir='ltr'><strong>προειρημένας</strong></span> <span class='ocrx_word' id='word_1_332' title='bbox 1480 3918 1647 3985; x_wconf 76' lang='grc' dir='ltr'><strong>αἰτίας</strong></span> <span class='ocrx_word' id='word_1_333' title='bbox 1673 3919 2056 3981; x_wconf 88' lang='grc' dir='ltr'><strong>ἀπολύσασθαι.</strong></span> 
     </span>
     <span class='ocr_line' id='line_1_43' title="bbox 511 3995 2053 4084; baseline 0 -18"><span class='ocrx_word' id='word_1_334' title='bbox 511 4009 576 4083; x_wconf 74' lang='lat' dir='ltr'><strong>(a)</strong></span> <span class='ocrx_word' id='word_1_335' title='bbox 609 4007 744 4065; x_wconf 85' lang='grc' dir='ltr'><strong>Ἀλλ’</strong></span> <span class='ocrx_word' id='word_1_336' title='bbox 773 3995 920 4082; x_wconf 72' lang='grc' dir='ltr'><strong>οἶμαι</strong></span> <span class='ocrx_word' id='word_1_337' title='bbox 949 4003 1283 4079; x_wconf 82' lang='grc' dir='ltr'><strong>Δημοσθένης</strong></span> <span class='ocrx_word' id='word_1_338' title='bbox 1323 4007 1381 4062; x_wconf 82' lang='grc' dir='ltr'><strong>οὗ</strong></span> <span class='ocrx_word' id='word_1_339' title='bbox 1405 4004 1578 4084; x_wconf 83' lang='grc' dir='ltr'><strong>χαίρει</strong></span> <span class='ocrx_word' id='word_1_340' title='bbox 1611 4006 1826 4072; x_wconf 88' lang='grc' dir='ltr'><strong>δικαίοις</strong></span> <span class='ocrx_word' id='word_1_341' title='bbox 1851 4007 2021 4084; x_wconf 89' lang='grc' dir='ltr'><strong>λόγοις</strong></span> <span class='ocrx_word' id='word_1_342' title='bbox 2038 4054 2053 4080; x_wconf 94' lang='grc'><strong>,</strong></span> 
     </span>
     <span class='ocr_line' id='line_1_44' title="bbox 509 4088 2057 4173; baseline -0.003 -21"><span class='ocrx_word' id='word_1_343' title='bbox 509 4095 618 4153; x_wconf 77' lang='grc' dir='ltr'><strong>οὐδ’</strong></span> <span class='ocrx_word' id='word_1_344' title='bbox 645 4091 778 4152; x_wconf 73' lang='grc' dir='ltr'><strong>οὕτω</strong></span> <span class='ocrx_word' id='word_1_345' title='bbox 800 4088 1253 4170; x_wconf 82' lang='grc' dir='ltr'><strong>παρεσκεύασται,</strong></span> <span class='ocrx_word' id='word_1_346' title='bbox 1295 4092 1428 4150; x_wconf 83' lang='grc' dir='ltr'><strong>ἀλλὰ</strong></span> <span class='ocrx_word' id='word_1_347' title='bbox 1472 4091 1565 4162; x_wconf 71' lang='grc' dir='ltr'><strong>τὴν</strong></span> <span class='ocrx_word' id='word_1_348' title='bbox 1605 4091 1857 4172; x_wconf 75' lang='grc' dir='ltr'><strong>ὑμετέραν</strong></span> <span class='ocrx_word' id='word_1_349' title='bbox 1899 4093 2057 4173; x_wconf 83' lang='grc' dir='ltr'><strong>ὀργὴν</strong></span> 
     </span>
     <span class='ocr_line' id='line_1_45' title="bbox 511 4178 2055 4259; baseline -0.001 -20"><span class='ocrx_word' id='word_1_350' title='bbox 511 4179 890 4240; x_wconf 80' lang='grc' dir='ltr'><strong>ἐκκαλέσασθαι</strong></span> <span class='ocrx_word' id='word_1_351' title='bbox 922 4178 1234 4256; x_wconf 75' lang='grc' dir='ltr'><strong>βεὸούληται</strong></span> <span class='ocrx_word' id='word_1_352' title='bbox 1259 4178 1348 4236; x_wconf 78' lang='grc' dir='ltr'><strong>καὶ</strong></span> <span class='ocrx_word' id='word_1_353' title='bbox 1376 4178 1702 4258; x_wconf 84' lang='grc' dir='ltr'><strong>κατηγόρηκε</strong></span> <span class='ocrx_word' id='word_1_354' title='bbox 1727 4181 2055 4259; x_wconf 83' lang='grc' dir='ltr'><strong>δωροδοκίας,</strong></span> 
     </span>
     <span class='ocr_line' id='line_1_46' title="bbox 512 4263 2059 4347; baseline -0.001 -20"><span class='ocrx_word' id='word_1_355' title='bbox 512 4267 758 4334; x_wconf 85' lang='grc' dir='ltr'><strong>ἀπίθανος</strong></span> <span class='ocrx_word' id='word_1_356' title='bbox 797 4263 869 4324; x_wconf 80' lang='grc' dir='ltr'><strong>ὢν</strong></span> <span class='ocrx_word' id='word_1_357' title='bbox 908 4265 1032 4346; x_wconf 81' lang='grc' dir='ltr'><strong>πρὸς</strong></span> <span class='ocrx_word' id='word_1_358' title='bbox 1071 4265 1166 4337; x_wconf 81' lang='grc' dir='ltr'><strong>τὴν</strong></span> <span class='ocrx_word' id='word_1_359' title='bbox 1203 4265 1425 4346; x_wconf 73' lang='grc' dir='ltr'><strong>ὑποψίαν</strong></span> <span class='ocrx_word' id='word_1_360' title='bbox 1466 4267 1687 4338; x_wconf 87' lang='grc' dir='ltr'><strong>ταύτην·</strong></span> <span class='ocrx_word' id='word_1_361' title='bbox 1718 4267 1804 4324; x_wconf 84' lang='grc' dir='ltr'><strong>τὸν</strong></span> <span class='ocrx_word' id='word_1_362' title='bbox 1845 4268 1946 4347; x_wconf 77' lang='grc' dir='ltr'><strong>γὰρ</strong></span> <span class='ocrx_word' id='word_1_363' title='bbox 1974 4267 2059 4327; x_wconf 81' lang='grc' dir='ltr'><strong>ἐπὶ</strong></span> 
     </span>
     <span class='ocr_line' id='line_1_47' title="bbox 511 4352 2053 4435; baseline 0 -22"><span class='ocrx_word' id='word_1_364' title='bbox 511 4363 624 4422; x_wconf 84' lang='grc' dir='ltr'><strong>ταῖς</strong></span> <span class='ocrx_word' id='word_1_365' title='bbox 652 4352 983 4434; x_wconf 88' lang='grc' dir='ltr'><strong>δωροδοκίαις</strong></span> <span class='ocrx_word' id='word_1_366' title='bbox 1026 4353 1442 4432; x_wconf 80' lang='grc' dir='ltr'><strong>προτρεπόμενον</strong></span> <span class='ocrx_word' id='word_1_367' title='bbox 1470 4352 1584 4420; x_wconf 80' lang='grc' dir='ltr'><strong>τοὺς</strong></span> <span class='ocrx_word' id='word_1_368' title='bbox 1626 4353 1871 4422; x_wconf 81' lang='grc' dir='ltr'><strong>δικαστὰς</strong></span> <span class='ocrx_word' id='word_1_369' title='bbox 1913 4355 2053 4435; x_wconf 85' lang='grc' dir='ltr'><strong>ὀργί-</strong></span> 
     </span>
     <span class='ocr_line' id='line_1_48' title="bbox 511 4439 2060 4523; baseline 0.001 -23"><span class='ocrx_word' id='word_1_370' title='bbox 511 4446 686 4511; x_wconf 84' lang='grc' dir='ltr'><strong>ζεσθαι</strong></span> <span class='ocrx_word' id='word_1_371' title='bbox 715 4440 868 4499; x_wconf 82' lang='grc' dir='ltr'><strong>αὗτὸν</strong></span> <span class='ocrx_word' id='word_1_372' title='bbox 901 4439 1005 4519; x_wconf 81' lang='grc' dir='ltr'><strong>χρὴ</strong></span> <span class='ocrx_word' id='word_1_373' title='bbox 1049 4444 1151 4499; x_wconf 82' lang='grc' dir='ltr'><strong>τῶν</strong></span> <span class='ocrx_word' id='word_1_374' title='bbox 1179 4439 1423 4499; x_wconf 88' lang='grc' dir='ltr'><strong>τοιούτων</strong></span> <span class='ocrx_word' id='word_1_375' title='bbox 1461 4440 1622 4521; x_wconf 87' lang='grc' dir='ltr'><strong>ἔργων</strong></span> <span class='ocrx_word' id='word_1_376' title='bbox 1663 4441 1797 4498; x_wconf 75' lang='grc' dir='ltr'><strong>πολὺ</strong></span> <span class='ocrx_word' id='word_1_377' title='bbox 1831 4442 2060 4523; x_wconf 76' lang='grc' dir='ltr'><strong>ἀφεσταί-</strong></span> 
     </span>
     <span class='ocr_line' id='line_1_49' title="bbox 511 4517 2059 4605; baseline 0.001 -17"><span class='ocrx_word' id='word_1_378' title='bbox 511 4553 620 4590; x_wconf 88' lang='grc' dir='ltr'><strong>ναι.</strong></span> <span class='ocrx_word' id='word_1_379' title='bbox 667 4531 726 4605; x_wconf 75' lang='grc' dir='ltr'><strong>(ι)</strong></span> <span class='ocrx_word' id='word_1_380' title='bbox 747 4527 908 4605; x_wconf 83' lang='grc' dir='ltr'><strong>Ἐμοὶ</strong></span> <span class='ocrx_word' id='word_1_381' title='bbox 927 4529 993 4600; x_wconf 87' lang='grc' dir='ltr'><strong>δ’,</strong></span> <span class='ocrx_word' id='word_1_382' title='bbox 1011 4517 1054 4587; x_wconf 71' lang='grc' dir='ltr'><em>ὦ</em></span> <span class='ocrx_word' id='word_1_383' title='bbox 1075 4527 1347 4599; x_wconf 83' lang='grc' dir='ltr'><strong>Ἀθηναῖοι,</strong></span> <span class='ocrx_word' id='word_1_384' title='bbox 1369 4529 1672 4605; x_wconf 75' lang='grc' dir='ltr'><strong>συμὸέὸηκε</strong></span> <span class='ocrx_word' id='word_1_385' title='bbox 1685 4533 1777 4600; x_wconf 76' lang='grc' dir='ltr'><strong>τῆς</strong></span> <span class='ocrx_word' id='word_1_386' title='bbox 1793 4531 2059 4604; x_wconf 84' lang='grc' dir='ltr'><strong>Δημοσθέ·</strong></span> 
     </span>
    </p>

    <p class='ocr_par' dir='ltr' id='par_1_13' title="bbox 438 4613 2065 5220">
     <span class='ocr_line' id='line_1_50' title="bbox 438 4613 2060 4694; baseline 0.004 -24"><span class='ocrx_word' id='word_1_387' title='bbox 438 4633 490 4672; x_wconf 69' lang='lat'><strong>15</strong></span> <span class='ocrx_word' id='word_1_388' title='bbox 511 4639 624 4683; x_wconf 90' lang='grc' dir='ltr'><strong>νους</strong></span> <span class='ocrx_word' id='word_1_389' title='bbox 667 4614 904 4674; x_wconf 84' lang='grc' dir='ltr'><strong>ἀκούοντι</strong></span> <span class='ocrx_word' id='word_1_390' title='bbox 943 4613 1254 4694; x_wconf 73' lang='grc' dir='ltr'><strong>κατηγορίας</strong></span> <span class='ocrx_word' id='word_1_391' title='bbox 1295 4615 1426 4688; x_wconf 81' lang='grc' dir='ltr'><strong>μήτε</strong></span> <span class='ocrx_word' id='word_1_392' title='bbox 1461 4617 1629 4674; x_wconf 88' lang='grc' dir='ltr'><strong>δεῖσαι</strong></span> <span class='ocrx_word' id='word_1_393' title='bbox 1655 4613 1858 4674; x_wconf 81' lang='grc' dir='ltr'><strong>πώποθ’</strong></span> <span class='ocrx_word' id='word_1_394' title='bbox 1899 4617 2060 4684; x_wconf 78' lang='grc' dir='ltr'><strong>οὕτως</strong></span> 
     </span>
     <span class='ocr_line' id='line_1_51' title="bbox 512 4701 2060 4784; baseline -0.001 -23"><span class='ocrx_word' id='word_1_395' title='bbox 512 4707 582 4770; x_wconf 81' lang='grc' dir='ltr'><strong>ὡς</strong></span> <span class='ocrx_word' id='word_1_396' title='bbox 603 4705 656 4762; x_wconf 82' lang='grc' dir='ltr'><strong>ἐν</strong></span> <span class='ocrx_word' id='word_1_397' title='bbox 675 4704 798 4783; x_wconf 82' lang='grc' dir='ltr'><strong>τῇδε</strong></span> <span class='ocrx_word' id='word_1_398' title='bbox 821 4707 885 4783; x_wconf 85' lang='grc' dir='ltr'><strong>τῇ</strong></span> <span class='ocrx_word' id='word_1_399' title='bbox 907 4701 1108 4784; x_wconf 78' lang='grc' dir='ltr'><strong>ἡμέρᾳ,</strong></span> <span class='ocrx_word' id='word_1_400' title='bbox 1131 4701 1254 4779; x_wconf 80' lang='grc' dir='ltr'><strong>μήτ’</strong></span> <span class='ocrx_word' id='word_1_401' title='bbox 1278 4705 1640 4780; x_wconf 70' lang='grc' dir='ltr'><strong>ἀγανακτῆσαι</strong></span> <span class='ocrx_word' id='word_1_402' title='bbox 1664 4705 1862 4778; x_wconf 76' lang='grc' dir='ltr'><strong>μᾶλλον</strong></span> <span class='ocrx_word' id='word_1_403' title='bbox 1887 4702 1921 4774; x_wconf 79' lang='grc' dir='ltr'>ἢ</span> <span class='ocrx_word' id='word_1_404' title='bbox 1944 4709 2060 4777; x_wconf 80' lang='grc' dir='ltr'><strong>νῦν,</strong></span> 
     </span>
     <span class='ocr_line' id='line_1_52' title="bbox 515 4789 2060 4870; baseline 0 -21"><span class='ocrx_word' id='word_1_405' title='bbox 515 4789 639 4867; x_wconf 81' lang='grc' dir='ltr'><strong>μήτ’</strong></span> <span class='ocrx_word' id='word_1_406' title='bbox 663 4793 733 4857; x_wconf 82' lang='grc' dir='ltr'><strong>εἷς</strong></span> <span class='ocrx_word' id='word_1_407' title='bbox 759 4789 1050 4870; x_wconf 73' lang='grc' dir='ltr'><strong>ὑπερὸολὴν</strong></span> <span class='ocrx_word' id='word_1_408' title='bbox 1084 4789 1271 4866; x_wconf 82' lang='grc' dir='ltr'><strong>ὁμοίως</strong></span> <span class='ocrx_word' id='word_1_409' title='bbox 1310 4793 1549 4861; x_wconf 80' lang='grc' dir='ltr'><strong>ἡσθῆναι.</strong></span> <span class='ocrx_word' id='word_1_410' title='bbox 1635 4789 1937 4870; x_wconf 74' lang='grc' dir='ltr'><strong>Ἐφοὸήθην</strong></span> <span class='ocrx_word' id='word_1_411' title='bbox 1967 4791 2060 4868; x_wconf 70' lang='grc' dir='ltr'><strong>μὲν</strong></span> 
     </span>
     <span class='ocr_line' id='line_1_53' title="bbox 513 4876 2062 4958; baseline 0.003 -24"><span class='ocrx_word' id='word_1_412' title='bbox 513 4877 638 4957; x_wconf 79' lang='grc' dir='ltr'><strong>γάρ,</strong></span> <span class='ocrx_word' id='word_1_413' title='bbox 687 4876 778 4935; x_wconf 81' lang='grc' dir='ltr'><strong>καί</strong></span> <span class='ocrx_word' id='word_1_414' title='bbox 817 4877 894 4936; x_wconf 84' lang='grc' dir='ltr'><strong>ἔτι</strong></span> <span class='ocrx_word' id='word_1_415' title='bbox 937 4877 1028 4936; x_wconf 82' lang='grc' dir='ltr'><strong>καὶ</strong></span> <span class='ocrx_word' id='word_1_416' title='bbox 1069 4883 1157 4936; x_wconf 75' lang='grc' dir='ltr'><strong>νῦν</strong></span> <span class='ocrx_word' id='word_1_417' title='bbox 1198 4877 1576 4958; x_wconf 75' lang='grc' dir='ltr'><strong>τεθορύὸημαι,</strong></span> <span class='ocrx_word' id='word_1_418' title='bbox 1623 4877 1698 4954; x_wconf 83' lang='grc' dir='ltr'><strong>μή</strong></span> <span class='ocrx_word' id='word_1_419' title='bbox 1742 4901 1873 4944; x_wconf 85' lang='grc' dir='ltr'><strong>τινες</strong></span> <span class='ocrx_word' id='word_1_420' title='bbox 1915 4881 2062 4955; x_wconf 78' lang='grc' dir='ltr'><strong>ὑμῶν</strong></span> 
     </span>
     <span class='ocr_line' id='line_1_54' title="bbox 517 4963 2065 5045; baseline 0.003 -24"><span class='ocrx_word' id='word_1_421' title='bbox 517 4963 813 5040; x_wconf 83' lang='grc' dir='ltr'><strong>ἀγνοήσωσί</strong></span> <span class='ocrx_word' id='word_1_422' title='bbox 836 4988 901 5040; x_wconf 89' lang='grc' dir='ltr'><strong>με</strong></span> <span class='ocrx_word' id='word_1_423' title='bbox 928 4967 1389 5045; x_wconf 76' lang='grc' dir='ltr'><strong>ψυχαγωγηθέντες</strong></span> <span class='ocrx_word' id='word_1_424' title='bbox 1417 4967 1521 5030; x_wconf 81' lang='grc' dir='ltr'><strong>τοῖς</strong></span> <span class='ocrx_word' id='word_1_425' title='bbox 1553 4963 2065 5041; x_wconf 70' lang='grc' dir='ltr'><strong>ἐπιὸεὸουλευμένοίς</strong></span> 
     </span>
     <span class='ocr_line' id='line_1_55' title="bbox 517 5049 2060 5128; baseline 0.001 -19"><span class='ocrx_word' id='word_1_426' title='bbox 517 5049 608 5109; x_wconf 78' lang='grc' dir='ltr'><strong>καὶ</strong></span> <span class='ocrx_word' id='word_1_427' title='bbox 636 5049 912 5119; x_wconf 74' lang='grc' dir='ltr'><strong>κακοήθεσι</strong></span> <span class='ocrx_word' id='word_1_428' title='bbox 939 5050 1134 5117; x_wconf 88' lang='grc' dir='ltr'><strong>τούτοις</strong></span> <span class='ocrx_word' id='word_1_429' title='bbox 1165 5050 1441 5118; x_wconf 86' lang='grc' dir='ltr'><strong>ἀντιθέτοις</strong></span> <span class='ocrx_word' id='word_1_430' title='bbox 1459 5075 1471 5088; x_wconf 92' lang='grc'><em>·</em></span> <span class='ocrx_word' id='word_1_431' title='bbox 1512 5050 1718 5122; x_wconf 80' lang='grc' dir='ltr'><strong>ἐξέστην</strong></span> <span class='ocrx_word' id='word_1_432' title='bbox 1749 5053 1794 5109; x_wconf 90' lang='grc' dir='ltr'><strong>δ’</strong></span> <span class='ocrx_word' id='word_1_433' title='bbox 1832 5055 2060 5128; x_wconf 75' lang='grc' dir='ltr'><strong>ἐμαυτοῦ</strong></span> 
     </span>
     <span class='ocr_line' id='line_1_56' title="bbox 518 5136 2063 5220; baseline 0.003 -25"><span class='ocrx_word' id='word_1_434' title='bbox 518 5139 606 5196; x_wconf 77' lang='grc' dir='ltr'><strong>καὶ</strong></span> <span class='ocrx_word' id='word_1_435' title='bbox 628 5136 722 5208; x_wconf 78' lang='grc' dir='ltr'><strong>τὴν</strong></span> <span class='ocrx_word' id='word_1_436' title='bbox 743 5137 911 5197; x_wconf 78' lang='grc' dir='ltr'><strong>αἰτίαν</strong></span> <span class='ocrx_word' id='word_1_437' title='bbox 938 5139 1134 5219; x_wconf 83' lang='grc' dir='ltr'><strong>βαρέως</strong></span> <span class='ocrx_word' id='word_1_438' title='bbox 1160 5139 1381 5217; x_wconf 85' lang='grc' dir='ltr'><strong>ἤνεγκα,</strong></span> <span class='ocrx_word' id='word_1_439' title='bbox 1409 5137 1482 5198; x_wconf 82' lang='grc' dir='ltr'><strong>ὅθ’</strong></span> <span class='ocrx_word' id='word_1_440' title='bbox 1514 5137 1660 5219; x_wconf 75' lang='grc' dir='ltr'><strong>ὕὸριν</strong></span> <span class='ocrx_word' id='word_1_441' title='bbox 1679 5138 1770 5198; x_wconf 79' lang='grc' dir='ltr'><strong>καὶ</strong></span> <span class='ocrx_word' id='word_1_442' title='bbox 1789 5141 2063 5220; x_wconf 86' lang='grc' dir='ltr'><strong>παροινίαν</strong></span> 
     </span>
    </p>
   </div>
   <div class='ocr_carea' id='block_1_7' title="bbox 3406 407 3676 478">
    <p class='ocr_par' dir='ltr' id='par_1_14' title="bbox 3406 407 3676 478">
     <span class='ocr_line' id='line_1_57' title="bbox 3406 407 3676 478; baseline -0.015 0"><span class='ocrx_word' id='word_1_443' title='bbox 3406 407 3676 478; x_wconf 57' lang='grc' dir='ltr'><strong>(ιω-ιω)</strong></span> 
     </span>
    </p>
   </div>
   <div class='ocr_carea' id='block_1_8' title="bbox 2168 589 3643 802">
    <p class='ocr_par' dir='ltr' id='par_1_15' title="bbox 2168 589 3643 802">
     <span class='ocr_line' id='line_1_58' title="bbox 2871 589 2945 648; baseline -0.027 0"><span class='ocrx_word' id='word_1_444' title='bbox 2871 589 2945 648; x_wconf 81' lang='lat'><strong>11.</strong></span> 
     </span>
     <span class='ocr_line' id='line_1_59' title="bbox 2168 737 3643 802; baseline -0.003 0"><span class='ocrx_word' id='word_1_445' title='bbox 2168 740 2454 802; x_wconf 80' lang='lat' dir='ltr'><strong>ORATIO</strong></span> <span class='ocrx_word' id='word_1_446' title='bbox 2496 741 2597 800; x_wconf 86' lang='lat' dir='ltr'><strong>DE</strong></span> <span class='ocrx_word' id='word_1_447' title='bbox 2636 739 2851 800; x_wconf 77' lang='lat' dir='ltr'>MALE</span> <span class='ocrx_word' id='word_1_448' title='bbox 2890 737 3139 798; x_wconf 75' lang='lat' dir='ltr'>GESTA</span> <span class='ocrx_word' id='word_1_449' title='bbox 3178 739 3643 800; x_wconf 77' lang='lat' dir='ltr'><strong>LEGATIONE.</strong></span> 
     </span>
    </p>
   </div>
   <div class='ocr_carea' id='block_1_9' title="bbox 2674 911 3128 960">
    <p class='ocr_par' dir='ltr' id='par_1_16' title="bbox 2674 911 3128 960">
     <span class='ocr_line' id='line_1_60' title="bbox 2674 911 3128 960; baseline -0.007 0"><span class='ocrx_word' id='word_1_450' title='bbox 2674 911 3109 960; x_wconf 70' lang='lat' dir='ltr'><strong>ARGUMENTUM</strong></span> <span class='ocrx_word' id='word_1_451' title='bbox 3118 947 3128 958; x_wconf 95' lang='lat'><em>.</em></span> 
     </span>
    </p>
   </div>
   <div class='ocr_carea' id='block_1_10' title="bbox 2126 1067 3693 1259">
    <p class='ocr_par' dir='ltr' id='par_1_17' title="bbox 2126 1067 3693 1259">
     <span class='ocr_line' id='line_1_61' title="bbox 2126 1067 3691 1125; baseline -0.003 -9"><span class='ocrx_word' id='word_1_452' title='bbox 2126 1077 2263 1117; x_wconf 78' lang='lat' dir='ltr'><strong>Geato</strong></span> <span class='ocrx_word' id='word_1_453' title='bbox 2289 1071 2405 1115; x_wconf 81' lang='lat' dir='ltr'><strong>bello</strong></span> <span class='ocrx_word' id='word_1_454' title='bbox 2422 1081 2529 1114; x_wconf 89' lang='lat' dir='ltr'><strong>cum</strong></span> <span class='ocrx_word' id='word_1_455' title='bbox 2548 1069 2776 1125; x_wconf 79' lang='lat' dir='ltr'><strong>Philippo,</strong></span> <span class='ocrx_word' id='word_1_456' title='bbox 2806 1067 3113 1112; x_wconf 69' lang='lat' dir='ltr'><strong>Aristodemus</strong></span> <span class='ocrx_word' id='word_1_457' title='bbox 3132 1067 3338 1120; x_wconf 86' lang='lat' dir='ltr'><strong>taudem,</strong></span> <span class='ocrx_word' id='word_1_458' title='bbox 3368 1069 3691 1124; x_wconf 68' lang='lat' dir='ltr'>Neoptolemus</span> 
     </span>
     <span class='ocr_line' id='line_1_62' title="bbox 2178 1133 3693 1192; baseline -0.003 -10"><span class='ocrx_word' id='word_1_459' title='bbox 2178 1143 2225 1182; x_wconf 88' lang='lat' dir='ltr'><strong>et</strong></span> <span class='ocrx_word' id='word_1_460' title='bbox 2252 1137 2459 1192; x_wconf 83' lang='lat' dir='ltr'><strong>Ctesipho</strong></span> <span class='ocrx_word' id='word_1_461' title='bbox 2502 1141 2706 1179; x_wconf 84' lang='lat' dir='ltr'><strong>auctores</strong></span> <span class='ocrx_word' id='word_1_462' title='bbox 2735 1133 2916 1178; x_wconf 77' lang='lat' dir='ltr'><strong>ruerunt</strong></span> <span class='ocrx_word' id='word_1_463' title='bbox 2950 1134 3289 1178; x_wconf 73' lang='lat' dir='ltr'><strong>Atheniensibus</strong></span> <span class='ocrx_word' id='word_1_464' title='bbox 3326 1137 3450 1190; x_wconf 83' lang='lat' dir='ltr'><strong>pacis</strong></span> <span class='ocrx_word' id='word_1_465' title='bbox 3488 1147 3593 1178; x_wconf 86' lang='lat' dir='ltr'><strong>cum</strong></span> <span class='ocrx_word' id='word_1_466' title='bbox 3637 1149 3693 1178; x_wconf 73' lang='lat' dir='ltr'><strong>eo</strong></span> 
     </span>
     <span class='ocr_line' id='line_1_63' title="bbox 2182 1201 3693 1259; baseline -0.001 -11"><span class='ocrx_word' id='word_1_467' title='bbox 2182 1205 2411 1249; x_wconf 69' lang='lat' dir='ltr'><strong>faciendae.</strong></span> <span class='ocrx_word' id='word_1_468' title='bbox 2473 1207 2625 1258; x_wconf 81' lang='lat' dir='ltr'><strong>itaque</strong></span> <span class='ocrx_word' id='word_1_469' title='bbox 2664 1201 2730 1245; x_wconf 81' lang='lat' dir='ltr'><strong>bis</strong></span> <span class='ocrx_word' id='word_1_470' title='bbox 2760 1203 2926 1256; x_wconf 77' lang='lat' dir='ltr'><strong>legatos</strong></span> <span class='ocrx_word' id='word_1_471' title='bbox 2960 1201 3199 1254; x_wconf 85' lang='lat' dir='ltr'><strong>miseruut,</strong></span> <span class='ocrx_word' id='word_1_472' title='bbox 3239 1203 3462 1258; x_wconf 84' lang='lat' dir='ltr'><strong>principio</strong></span> <span class='ocrx_word' id='word_1_473' title='bbox 3504 1209 3693 1259; x_wconf 81' lang='lat' dir='ltr'><strong>propter</strong></span> 
     </span>
    </p>
   </div>
   <div class='ocr_carea' id='block_1_11' title="bbox 2178 1276 3691 1674">
    <p class='ocr_par' dir='ltr' id='par_1_18' title="bbox 2178 1276 3691 1674">
     <span class='ocr_line' id='line_1_64' title="bbox 2180 1276 3689 1336; baseline -0.001 -12"><span class='ocrx_word' id='word_1_474' title='bbox 2180 1291 2333 1336; x_wconf 73' lang='lat' dir='ltr'><strong>pacem</strong></span> <span class='ocrx_word' id='word_1_475' title='bbox 2346 1311 2361 1332; x_wconf 87' lang='lat'><em>,</em></span> <span class='ocrx_word' id='word_1_476' title='bbox 2376 1277 2538 1323; x_wconf 87' lang='lat' dir='ltr'><strong>deinde</strong></span> <span class='ocrx_word' id='word_1_477' title='bbox 2554 1277 2611 1322; x_wconf 89' lang='lat' dir='ltr'><strong>ad</strong></span> <span class='ocrx_word' id='word_1_478' title='bbox 2624 1277 2887 1331; x_wconf 80' lang='lat' dir='ltr'><strong>exigendum</strong></span> <span class='ocrx_word' id='word_1_479' title='bbox 2902 1276 3237 1331; x_wconf 64' lang='lat' dir='ltr'><strong>iusiurandum.</strong></span> <span class='ocrx_word' id='word_1_480' title='bbox 3291 1281 3416 1322; x_wconf 83' lang='lat' dir='ltr'><strong>inter</strong></span> <span class='ocrx_word' id='word_1_481' title='bbox 3432 1289 3545 1333; x_wconf 82' lang='lat' dir='ltr'><strong>quos</strong></span> <span class='ocrx_word' id='word_1_482' title='bbox 3560 1285 3689 1324; x_wconf 88' lang='lat' dir='ltr'><strong>utro-</strong></span> 
     </span>
     <span class='ocr_line' id='line_1_65' title="bbox 2178 1344 3691 1403; baseline 0.001 -13"><span class='ocrx_word' id='word_1_483' title='bbox 2178 1359 2265 1403; x_wconf 79' lang='lat' dir='ltr'><strong>que</strong></span> <span class='ocrx_word' id='word_1_484' title='bbox 2298 1352 2499 1402; x_wconf 85' lang='lat' dir='ltr'><strong>tempore</strong></span> <span class='ocrx_word' id='word_1_485' title='bbox 2530 1347 2849 1390; x_wconf 65' lang='lat' dir='ltr'><strong>Barnosthenes</strong></span> <span class='ocrx_word' id='word_1_486' title='bbox 2870 1349 2917 1390; x_wconf 88' lang='lat' dir='ltr'><strong>et</strong></span> <span class='ocrx_word' id='word_1_487' title='bbox 2948 1345 3173 1389; x_wconf 80' lang='lat' dir='ltr'><strong>AEschincs</strong></span> <span class='ocrx_word' id='word_1_488' title='bbox 3208 1344 3406 1390; x_wconf 75' lang='lat' dir='ltr'><strong>fuerunt.</strong></span> <span class='ocrx_word' id='word_1_489' title='bbox 3466 1351 3524 1391; x_wconf 77' lang='lat' dir='ltr'><strong>ct</strong></span> <span class='ocrx_word' id='word_1_490' title='bbox 3550 1349 3691 1402; x_wconf 80' lang='lat' dir='ltr'><strong>igitur</strong></span> 
     </span>
     <span class='ocr_line' id='line_1_66' title="bbox 2181 1412 3687 1470; baseline -0.001 -10"><span class='ocrx_word' id='word_1_491' title='bbox 2181 1427 2237 1460; x_wconf 81' lang='lat' dir='ltr'><strong>ex</strong></span> <span class='ocrx_word' id='word_1_492' title='bbox 2258 1415 2503 1470; x_wconf 79' lang='lat' dir='ltr'><strong>posteriore</strong></span> <span class='ocrx_word' id='word_1_493' title='bbox 2520 1415 2742 1468; x_wconf 77' lang='lat' dir='ltr'><strong>legatione</strong></span> <span class='ocrx_word' id='word_1_494' title='bbox 2772 1412 2827 1457; x_wconf 87' lang='lat' dir='ltr'><strong>ad</strong></span> <span class='ocrx_word' id='word_1_495' title='bbox 2844 1413 3161 1466; x_wconf 73' lang='lat' dir='ltr'><strong>jusjurandum</strong></span> <span class='ocrx_word' id='word_1_496' title='bbox 3176 1413 3443 1468; x_wconf 78' lang='lat' dir='ltr'><strong>exigendum</strong></span> <span class='ocrx_word' id='word_1_497' title='bbox 3460 1415 3593 1458; x_wconf 77' lang='lat' dir='ltr'><strong>missa</strong></span> <span class='ocrx_word' id='word_1_498' title='bbox 3614 1429 3687 1458; x_wconf 87' lang='lat' dir='ltr'><strong>re-</strong></span> 
     </span>
     <span class='ocr_line' id='line_1_67' title="bbox 2182 1481 3691 1539; baseline 0.001 -13"><span class='ocrx_word' id='word_1_499' title='bbox 2182 1484 2296 1526; x_wconf 81' lang='lat' dir='ltr'><strong>versi</strong></span> <span class='ocrx_word' id='word_1_500' title='bbox 2316 1482 2497 1526; x_wconf 80' lang='lat' dir='ltr'><strong>ruerunt</strong></span> <span class='ocrx_word' id='word_1_501' title='bbox 2506 1511 2520 1533; x_wconf 86' lang='lat'><strong>‚</strong></span> <span class='ocrx_word' id='word_1_502' title='bbox 2540 1481 2791 1525; x_wconf 80' lang='lat' dir='ltr'><strong>AEschinem</strong></span> <span class='ocrx_word' id='word_1_503' title='bbox 2806 1481 3118 1525; x_wconf 74' lang='lat' dir='ltr'><strong>Demosthenes</strong></span> <span class='ocrx_word' id='word_1_504' title='bbox 3130 1485 3177 1525; x_wconf 90' lang='lat' dir='ltr'><strong>et</strong></span> <span class='ocrx_word' id='word_1_505' title='bbox 3186 1481 3442 1526; x_wconf 78' lang='lat' dir='ltr'><strong>Timarchus</strong></span> <span class='ocrx_word' id='word_1_506' title='bbox 3454 1495 3691 1539; x_wconf 74' lang='lat' dir='ltr'><strong>perperam</strong></span> 
     </span>
     <span class='ocr_line' id='line_1_68' title="bbox 2184 1549 3689 1604; baseline -0.001 -9"><span class='ocrx_word' id='word_1_507' title='bbox 2184 1551 2318 1595; x_wconf 82' lang='lat' dir='ltr'><strong>obitae</strong></span> <span class='ocrx_word' id='word_1_508' title='bbox 2338 1549 2570 1604; x_wconf 73' lang='lat' dir='ltr'><strong>legationis</strong></span> <span class='ocrx_word' id='word_1_509' title='bbox 2587 1553 2865 1592; x_wconf 81' lang='lat' dir='ltr'><strong>accusarunt.</strong></span> <span class='ocrx_word' id='word_1_510' title='bbox 2924 1553 2987 1592; x_wconf 78' lang='lat' dir='ltr'><strong>Ac</strong></span> <span class='ocrx_word' id='word_1_511' title='bbox 3006 1549 3291 1592; x_wconf 70' lang='lat' dir='ltr'>Timarchum</span> <span class='ocrx_word' id='word_1_512' title='bbox 3323 1549 3510 1604; x_wconf 85' lang='lat' dir='ltr'><strong>quidem</strong></span> <span class='ocrx_word' id='word_1_513' title='bbox 3526 1583 3540 1604; x_wconf 87' lang='lat'><strong>‚</strong></span> <span class='ocrx_word' id='word_1_514' title='bbox 3561 1557 3689 1594; x_wconf 81' lang='lat' dir='ltr'><strong>anic·</strong></span> 
     </span>
     <span class='ocr_line' id='line_1_69' title="bbox 2180 1617 3687 1674; baseline -0.001 -11"><span class='ocrx_word' id='word_1_515' title='bbox 2180 1629 2313 1674; x_wconf 84' lang='lat' dir='ltr'><strong>quam</strong></span> <span class='ocrx_word' id='word_1_516' title='bbox 2338 1619 2383 1660; x_wconf 90' lang='lat' dir='ltr'><strong>in</strong></span> <span class='ocrx_word' id='word_1_517' title='bbox 2400 1617 2623 1671; x_wconf 85' lang='lat' dir='ltr'><strong>judicium</strong></span> <span class='ocrx_word' id='word_1_518' title='bbox 2652 1617 2824 1660; x_wconf 84' lang='lat' dir='ltr'><strong>veniret</strong></span> <span class='ocrx_word' id='word_1_519' title='bbox 2845 1627 2897 1660; x_wconf 84' lang='lat' dir='ltr'><strong>ea</strong></span> <span class='ocrx_word' id='word_1_520' title='bbox 2914 1627 3067 1669; x_wconf 70' lang='lat' dir='ltr'><strong>causa,</strong></span> <span class='ocrx_word' id='word_1_521' title='bbox 3091 1617 3312 1660; x_wconf 61' lang='lat' dir='ltr'><strong>aeschines</strong></span> <span class='ocrx_word' id='word_1_522' title='bbox 3330 1619 3583 1672; x_wconf 58' lang='lat' dir='ltr'><strong>prostitutae</strong></span> <span class='ocrx_word' id='word_1_523' title='bbox 3602 1631 3687 1674; x_wconf 79' lang='lat' dir='ltr'><strong>pu-</strong></span> 
     </span>
    </p>
   </div>
   <div class='ocr_carea' id='block_1_12' title="bbox 2180 1687 3693 1742">
    <p class='ocr_par' dir='ltr' id='par_1_19' title="bbox 2180 1687 3693 1742">
     <span class='ocr_line' id='line_1_70' title="bbox 2180 1687 3693 1742; baseline 0.003 -8"><span class='ocrx_word' id='word_1_524' title='bbox 2180 1691 2345 1735; x_wconf 78' lang='lat' dir='ltr'><strong>dicitiae</strong></span> <span class='ocrx_word' id='word_1_525' title='bbox 2382 1688 2666 1742; x_wconf 85' lang='lat' dir='ltr'><strong>convictum,</strong></span> <span class='ocrx_word' id='word_1_526' title='bbox 2692 1687 2875 1734; x_wconf 71' lang='lat' dir='ltr'><strong>infamia</strong></span> <span class='ocrx_word' id='word_1_527' title='bbox 2910 1691 3081 1734; x_wconf 81' lang='lat' dir='ltr'><strong>notavit</strong></span> <span class='ocrx_word' id='word_1_528' title='bbox 3114 1705 3127 1732; x_wconf 75' lang='grc' dir='ltr'><strong>ι</strong></span> <span class='ocrx_word' id='word_1_529' title='bbox 3158 1695 3317 1735; x_wconf 86' lang='lat' dir='ltr'><strong>contra</strong></span> <span class='ocrx_word' id='word_1_530' title='bbox 3344 1692 3693 1738; x_wconf 83' lang='lat' dir='ltr'><strong>Demosthenem</strong></span> 
     </span>
    </p>
   </div>
   <div class='ocr_carea' id='block_1_13' title="bbox 2182 1763 3697 2783">
    <p class='ocr_par' dir='ltr' id='par_1_20' title="bbox 2182 1763 3697 2783">
     <span class='ocr_line' id='line_1_71' title="bbox 2182 1763 3695 1823; baseline 0.001 -13"><span class='ocrx_word' id='word_1_531' title='bbox 2182 1769 2333 1810; x_wconf 87' lang='lat' dir='ltr'><strong>autem</strong></span> <span class='ocrx_word' id='word_1_532' title='bbox 2350 1775 2397 1808; x_wconf 86' lang='lat' dir='ltr'><strong>se</strong></span> <span class='ocrx_word' id='word_1_533' title='bbox 2412 1763 2631 1810; x_wconf 68' lang='lat' dir='ltr'><strong>defendit.</strong></span> <span class='ocrx_word' id='word_1_534' title='bbox 2684 1768 2797 1809; x_wconf 87' lang='lat' dir='ltr'><strong>sunt</strong></span> <span class='ocrx_word' id='word_1_535' title='bbox 2815 1765 2891 1820; x_wconf 79' lang='lat' dir='ltr'><strong>qui</strong></span> <span class='ocrx_word' id='word_1_536' title='bbox 2918 1765 3093 1817; x_wconf 72' lang='lat' dir='ltr'><strong>«licant,</strong></span> <span class='ocrx_word' id='word_1_537' title='bbox 3112 1769 3355 1823; x_wconf 83' lang='lat' dir='ltr'><strong>utrumque</strong></span> <span class='ocrx_word' id='word_1_538' title='bbox 3370 1767 3449 1812; x_wconf 81' lang='lat' dir='ltr'><strong>has</strong></span> <span class='ocrx_word' id='word_1_539' title='bbox 3466 1769 3695 1812; x_wconf 81' lang='lat' dir='ltr'><strong>orationes</strong></span> 
     </span>
     <span class='ocr_line' id='line_1_72' title="bbox 2182 1839 3691 1896; baseline 0.001 -12"><span class='ocrx_word' id='word_1_540' title='bbox 2182 1840 2404 1896; x_wconf 82' lang='lat' dir='ltr'><strong>scripsisse</strong></span> <span class='ocrx_word' id='word_1_541' title='bbox 2418 1871 2433 1892; x_wconf 87' lang='lat'><em>,</em></span> <span class='ocrx_word' id='word_1_542' title='bbox 2463 1839 2540 1882; x_wconf 84' lang='lat' dir='ltr'><strong>sed</strong></span> <span class='ocrx_word' id='word_1_543' title='bbox 2570 1850 2664 1882; x_wconf 91' lang='lat' dir='ltr'><strong>non</strong></span> <span class='ocrx_word' id='word_1_544' title='bbox 2690 1839 2891 1884; x_wconf 77' lang='lat' dir='ltr'><strong>habuisse</strong></span> <span class='ocrx_word' id='word_1_545' title='bbox 2912 1855 2925 1882; x_wconf 75' lang='grc' dir='ltr'><strong>ι</strong></span> <span class='ocrx_word' id='word_1_546' title='bbox 2943 1844 3049 1884; x_wconf 87' lang='lat' dir='ltr'><strong>sunt</strong></span> <span class='ocrx_word' id='word_1_547' title='bbox 3067 1840 3147 1896; x_wconf 85' lang='lat' dir='ltr'><strong>qui</strong></span> <span class='ocrx_word' id='word_1_548' title='bbox 3165 1841 3299 1885; x_wconf 82' lang='lat' dir='ltr'><strong>etiam</strong></span> <span class='ocrx_word' id='word_1_549' title='bbox 3324 1841 3493 1884; x_wconf 82' lang='lat' dir='ltr'><strong>habitas</strong></span> <span class='ocrx_word' id='word_1_550' title='bbox 3510 1853 3607 1886; x_wconf 80' lang='lat' dir='ltr'><strong>esse</strong></span> <span class='ocrx_word' id='word_1_551' title='bbox 3624 1842 3691 1886; x_wconf 74' lang='lat' dir='ltr'><strong>af-</strong></span> 
     </span>
     <span class='ocr_line' id='line_1_73' title="bbox 2186 1909 3697 1968; baseline 0.004 -16"><span class='ocrx_word' id='word_1_552' title='bbox 2186 1909 2386 1962; x_wconf 81' lang='lat' dir='ltr'><strong>tirment,</strong></span> <span class='ocrx_word' id='word_1_553' title='bbox 2408 1914 2454 1954; x_wconf 88' lang='lat' dir='ltr'><strong>ct</strong></span> <span class='ocrx_word' id='word_1_554' title='bbox 2472 1911 2721 1954; x_wconf 76' lang='lat' dir='ltr'><strong>AEschinem</strong></span> <span class='ocrx_word' id='word_1_555' title='bbox 2741 1910 2921 1965; x_wconf 80' lang='lat' dir='ltr'><strong>triginta</strong></span> <span class='ocrx_word' id='word_1_556' title='bbox 2934 1910 3167 1956; x_wconf 79' lang='lat' dir='ltr'><strong>dumtaxat</strong></span> <span class='ocrx_word' id='word_1_557' title='bbox 3184 1913 3457 1956; x_wconf 84' lang='lat' dir='ltr'><strong>calculorum</strong></span> <span class='ocrx_word' id='word_1_558' title='bbox 3482 1913 3697 1968; x_wconf 66' lang='lat' dir='ltr'><strong>presidio</strong></span> 
     </span>
     <span class='ocr_line' id='line_1_74' title="bbox 2191 1977 3695 2037; baseline 0.001 -13"><span class='ocrx_word' id='word_1_559' title='bbox 2191 1979 2402 2032; x_wconf 74' lang='lat' dir='ltr'><strong>evasisse,</strong></span> <span class='ocrx_word' id='word_1_560' title='bbox 2420 1983 2550 2033; x_wconf 81' lang='lat' dir='ltr'><strong>atquc</strong></span> <span class='ocrx_word' id='word_1_561' title='bbox 2569 1977 2820 2021; x_wconf 80' lang='lat' dir='ltr'><strong>absolutum</strong></span> <span class='ocrx_word' id='word_1_562' title='bbox 2838 1989 2931 2022; x_wconf 80' lang='lat' dir='ltr'><strong>esse</strong></span> <span class='ocrx_word' id='word_1_563' title='bbox 2951 1979 3106 2022; x_wconf 75' lang='lat' dir='ltr'><strong>Eubuli</strong></span> <span class='ocrx_word' id='word_1_564' title='bbox 3124 1991 3258 2036; x_wconf 79' lang='lat' dir='ltr'><strong>opera</strong></span> <span class='ocrx_word' id='word_1_565' title='bbox 3270 2012 3283 2033; x_wconf 85' lang='lat'>‚</span> <span class='ocrx_word' id='word_1_566' title='bbox 3298 1979 3383 2023; x_wconf 81' lang='lat' dir='ltr'><strong>viri</strong></span> <span class='ocrx_word' id='word_1_567' title='bbox 3398 1981 3446 2023; x_wconf 89' lang='lat' dir='ltr'><strong>iu</strong></span> <span class='ocrx_word' id='word_1_568' title='bbox 3460 1982 3695 2037; x_wconf 75' lang='lat' dir='ltr'><strong>republica</strong></span> 
     </span>
     <span class='ocr_line' id='line_1_75' title="bbox 2184 2047 3693 2104; baseline 0.001 -12"><span class='ocrx_word' id='word_1_569' title='bbox 2184 2061 2359 2104; x_wconf 70' lang='lat' dir='ltr'><strong>magnas</strong></span> <span class='ocrx_word' id='word_1_570' title='bbox 2385 2047 2689 2100; x_wconf 77' lang='lat' dir='ltr'><strong>auctoritatis,</strong></span> <span class='ocrx_word' id='word_1_571' title='bbox 2730 2057 2827 2091; x_wconf 88' lang='lat' dir='ltr'><strong>non</strong></span> <span class='ocrx_word' id='word_1_572' title='bbox 2856 2051 3005 2092; x_wconf 84' lang='lat' dir='ltr'><strong>tamen</strong></span> <span class='ocrx_word' id='word_1_573' title='bbox 3041 2048 3098 2091; x_wconf 85' lang='lat' dir='ltr'><strong>ah</strong></span> <span class='ocrx_word' id='word_1_574' title='bbox 3123 2048 3333 2092; x_wconf 71' lang='lat' dir='ltr'><strong>omnibus</strong></span> <span class='ocrx_word' id='word_1_575' title='bbox 3368 2049 3607 2094; x_wconf 80' lang='lat' dir='ltr'><strong>liberatum</strong></span> <span class='ocrx_word' id='word_1_576' title='bbox 3642 2063 3693 2094; x_wconf 82' lang='lat' dir='ltr'><strong>ea</strong></span> 
     </span>
     <span class='ocr_line' id='line_1_76' title="bbox 2182 2113 3695 2174; baseline 0 -12"><span class='ocrx_word' id='word_1_577' title='bbox 2182 2117 2457 2174; x_wconf 70' lang='lat' dir='ltr'><strong>suspicione,</strong></span> <span class='ocrx_word' id='word_1_578' title='bbox 2480 2115 2607 2174; x_wconf 77' lang='lat' dir='ltr'><strong>quasi</strong></span> <span class='ocrx_word' id='word_1_579' title='bbox 2628 2126 2734 2162; x_wconf 89' lang='lat' dir='ltr'><strong>cum</strong></span> <span class='ocrx_word' id='word_1_580' title='bbox 2752 2115 2959 2171; x_wconf 85' lang='lat' dir='ltr'><strong>Philippo</strong></span> <span class='ocrx_word' id='word_1_581' title='bbox 2975 2113 3165 2171; x_wconf 76' lang='lat' dir='ltr'><strong>taceret,</strong></span> <span class='ocrx_word' id='word_1_582' title='bbox 3184 2119 3237 2162; x_wconf 85' lang='lat' dir='ltr'><strong>ut</strong></span> <span class='ocrx_word' id='word_1_583' title='bbox 3256 2117 3415 2172; x_wconf 84' lang='lat' dir='ltr'><strong>etipse</strong></span> <span class='ocrx_word' id='word_1_584' title='bbox 3438 2118 3489 2161; x_wconf 89' lang='lat' dir='ltr'><strong>in</strong></span> <span class='ocrx_word' id='word_1_585' title='bbox 3506 2118 3695 2162; x_wconf 80' lang='lat' dir='ltr'><strong>exordio</strong></span> 
     </span>
     <span class='ocr_line' id='line_1_77' title="bbox 2186 2187 3693 2246; baseline 0.001 -14"><span class='ocrx_word' id='word_1_586' title='bbox 2186 2190 2361 2239; x_wconf 85' lang='lat' dir='ltr'><strong>innuit,</strong></span> <span class='ocrx_word' id='word_1_587' title='bbox 2394 2194 2441 2234; x_wconf 87' lang='lat' dir='ltr'><strong>et</strong></span> <span class='ocrx_word' id='word_1_588' title='bbox 2474 2191 2791 2234; x_wconf 84' lang='lat' dir='ltr'><strong>Demosthenes</strong></span> <span class='ocrx_word' id='word_1_589' title='bbox 2813 2187 2865 2234; x_wconf 87' lang='lat' dir='ltr'><strong>ln</strong></span> <span class='ocrx_word' id='word_1_590' title='bbox 2898 2187 3103 2232; x_wconf 84' lang='lat' dir='ltr'><strong>oratione</strong></span> <span class='ocrx_word' id='word_1_591' title='bbox 3140 2193 3203 2232; x_wconf 85' lang='lat' dir='ltr'><strong>De</strong></span> <span class='ocrx_word' id='word_1_592' title='bbox 3236 2200 3419 2233; x_wconf 86' lang='lat' dir='ltr'><strong>corona.</strong></span> <span class='ocrx_word' id='word_1_593' title='bbox 3476 2193 3527 2234; x_wconf 85' lang='lat' dir='ltr'><strong>tu</strong></span> <span class='ocrx_word' id='word_1_594' title='bbox 3558 2191 3693 2246; x_wconf 82' lang='lat' dir='ltr'><strong>primi</strong></span> 
     </span>
     <span class='ocr_line' id='line_1_78' title="bbox 2186 2255 3693 2313; baseline 0 -11"><span class='ocrx_word' id='word_1_595' title='bbox 2186 2258 2355 2302; x_wconf 84' lang='lat' dir='ltr'><strong>exordii</strong></span> <span class='ocrx_word' id='word_1_596' title='bbox 2374 2257 2502 2301; x_wconf 87' lang='lat' dir='ltr'><strong>initio</strong></span> <span class='ocrx_word' id='word_1_597' title='bbox 2522 2257 2881 2303; x_wconf 82' lang='lat' dir='ltr'><strong>benevolentiam</strong></span> <span class='ocrx_word' id='word_1_598' title='bbox 2914 2260 3063 2313; x_wconf 79' lang='lat' dir='ltr'><strong>captat</strong></span> <span class='ocrx_word' id='word_1_599' title='bbox 3092 2255 3325 2312; x_wconf 77' lang='lat' dir='ltr'><strong>judicum,</strong></span> <span class='ocrx_word' id='word_1_600' title='bbox 3359 2257 3619 2302; x_wconf 75' lang='lat' dir='ltr'><strong>adversario</strong></span> <span class='ocrx_word' id='word_1_601' title='bbox 3649 2263 3693 2303; x_wconf 84' lang='lat' dir='ltr'><strong>et</strong></span> 
     </span>
     <span class='ocr_line' id='line_1_79' title="bbox 2185 2325 3695 2384; baseline -0.001 -13"><span class='ocrx_word' id='word_1_602' title='bbox 2185 2327 2466 2371; x_wconf 74' lang='lat' dir='ltr'><strong>accusatione</strong></span> <span class='ocrx_word' id='word_1_603' title='bbox 2483 2326 2786 2380; x_wconf 86' lang='lat' dir='ltr'><strong>criminanda‚</strong></span> <span class='ocrx_word' id='word_1_604' title='bbox 2818 2331 2866 2371; x_wconf 87' lang='lat' dir='ltr'><strong>et</strong></span> <span class='ocrx_word' id='word_1_605' title='bbox 2898 2327 3203 2381; x_wconf 75' lang='lat' dir='ltr'><strong>magnitudine</strong></span> <span class='ocrx_word' id='word_1_606' title='bbox 3220 2325 3405 2384; x_wconf 83' lang='lat' dir='ltr'><strong>periculi</strong></span> <span class='ocrx_word' id='word_1_607' title='bbox 3432 2337 3485 2370; x_wconf 80' lang='lat' dir='ltr'><strong>ac</strong></span> <span class='ocrx_word' id='word_1_608' title='bbox 3506 2325 3695 2370; x_wconf 62' lang='lat' dir='ltr'><strong>falsitate</strong></span> 
     </span>
     <span class='ocr_line' id='line_1_80' title="bbox 2186 2393 3693 2451; baseline 0 -13"><span class='ocrx_word' id='word_1_609' title='bbox 2186 2394 2419 2438; x_wconf 68' lang='lat' dir='ltr'><strong>calumnia</strong></span> <span class='ocrx_word' id='word_1_610' title='bbox 2452 2393 2785 2448; x_wconf 84' lang='lat' dir='ltr'><strong>conquerenda.</strong></span> <span class='ocrx_word' id='word_1_611' title='bbox 2848 2397 2901 2437; x_wconf 78' lang='lat' dir='ltr'><strong>ln</strong></span> <span class='ocrx_word' id='word_1_612' title='bbox 2930 2394 3067 2438; x_wconf 85' lang='lat' dir='ltr'><strong>altera</strong></span> <span class='ocrx_word' id='word_1_613' title='bbox 3094 2395 3331 2446; x_wconf 80' lang='lat' dir='ltr'><strong>sententia.</strong></span> <span class='ocrx_word' id='word_1_614' title='bbox 3353 2397 3527 2451; x_wconf 74' lang='lat' dir='ltr'><strong>partein</strong></span> <span class='ocrx_word' id='word_1_615' title='bbox 3552 2405 3693 2451; x_wconf 82' lang='lat' dir='ltr'><strong>quan·</strong></span> 
     </span>
     <span class='ocr_line' id='line_1_81' title="bbox 2186 2461 3697 2518; baseline 0.003 -14"><span class='ocrx_word' id='word_1_616' title='bbox 2186 2461 2289 2504; x_wconf 86' lang='lat' dir='ltr'><strong>dam</strong></span> <span class='ocrx_word' id='word_1_617' title='bbox 2315 2461 2607 2506; x_wconf 69' lang='lat' dir='ltr'><strong>accusationis</strong></span> <span class='ocrx_word' id='word_1_618' title='bbox 2636 2461 2926 2518; x_wconf 70' lang='lat' dir='ltr'><strong>perstringit,</strong></span> <span class='ocrx_word' id='word_1_619' title='bbox 2952 2463 3001 2506; x_wconf 90' lang='lat' dir='ltr'><strong>et</strong></span> <span class='ocrx_word' id='word_1_620' title='bbox 3022 2471 3181 2517; x_wconf 77' lang='lat' dir='ltr'><strong>magna</strong></span> <span class='ocrx_word' id='word_1_621' title='bbox 3210 2463 3426 2516; x_wconf 77' lang='lat' dir='ltr'><strong>gravitate</strong></span> <span class='ocrx_word' id='word_1_622' title='bbox 3456 2465 3697 2508; x_wconf 83' lang='lat' dir='ltr'><strong>contirmat</strong></span> 
     </span>
     <span class='ocr_line' id='line_1_82' title="bbox 2186 2531 3697 2588; baseline 0.001 -12"><span class='ocrx_word' id='word_1_623' title='bbox 2186 2532 2393 2588; x_wconf 84' lang='lat' dir='ltr'><strong>eamipsa</strong></span> <span class='ocrx_word' id='word_1_624' title='bbox 2418 2533 2551 2576; x_wconf 86' lang='lat' dir='ltr'><strong>etiam</strong></span> <span class='ocrx_word' id='word_1_625' title='bbox 2577 2532 2785 2586; x_wconf 82' lang='lat' dir='ltr'><strong>judicum</strong></span> <span class='ocrx_word' id='word_1_626' title='bbox 2815 2532 3089 2577; x_wconf 81' lang='lat' dir='ltr'><strong>conscientia</strong></span> <span class='ocrx_word' id='word_1_627' title='bbox 3128 2543 3224 2576; x_wconf 84' lang='lat' dir='ltr'><strong>esse</strong></span> <span class='ocrx_word' id='word_1_628' title='bbox 3258 2531 3427 2578; x_wconf 71' lang='lat' dir='ltr'><strong>falsam.</strong></span> <span class='ocrx_word' id='word_1_629' title='bbox 3480 2536 3617 2588; x_wconf 85' lang='lat' dir='ltr'><strong>Quod</strong></span> <span class='ocrx_word' id='word_1_630' title='bbox 3648 2542 3697 2579; x_wconf 83' lang='lat' dir='ltr'><strong>et</strong></span> 
     </span>
     <span class='ocr_line' id='line_1_83' title="bbox 2188 2597 3696 2657; baseline 0.003 -14"><span class='ocrx_word' id='word_1_631' title='bbox 2188 2601 2333 2657; x_wconf 82' lang='lat' dir='ltr'><strong>ipsum</strong></span> <span class='ocrx_word' id='word_1_632' title='bbox 2358 2599 2413 2644; x_wconf 86' lang='lat' dir='ltr'><strong>ad</strong></span> <span class='ocrx_word' id='word_1_633' title='bbox 2443 2599 2799 2643; x_wconf 82' lang='lat' dir='ltr'><strong>criminationem</strong></span> <span class='ocrx_word' id='word_1_634' title='bbox 2822 2597 3060 2644; x_wconf 77' lang='lat' dir='ltr'><strong>adversarii</strong></span> <span class='ocrx_word' id='word_1_635' title='bbox 3090 2601 3298 2655; x_wconf 83' lang='lat' dir='ltr'><strong>pertinet.</strong></span> <span class='ocrx_word' id='word_1_636' title='bbox 3357 2600 3633 2646; x_wconf 73' lang='lat' dir='ltr'><strong>nerei-mitur</strong></span> <span class='ocrx_word' id='word_1_637' title='bbox 3650 2609 3696 2647; x_wconf 88' lang='lat' dir='ltr'><strong>ct</strong></span> 
     </span>
     <span class='ocr_line' id='line_1_84' title="bbox 2188 2667 3692 2727; baseline 0.003 -14"><span class='ocrx_word' id='word_1_638' title='bbox 2188 2673 2335 2713; x_wconf 87' lang='lat' dir='ltr'><strong>cetera</strong></span> <span class='ocrx_word' id='word_1_639' title='bbox 2362 2669 2571 2725; x_wconf 74' lang='lat' dir='ltr'><strong>deinceps</strong></span> <span class='ocrx_word' id='word_1_640' title='bbox 2600 2674 2695 2713; x_wconf 91' lang='lat' dir='ltr'><strong>tum</strong></span> <span class='ocrx_word' id='word_1_641' title='bbox 2722 2668 2778 2712; x_wconf 85' lang='lat' dir='ltr'><strong>ad</strong></span> <span class='ocrx_word' id='word_1_642' title='bbox 2812 2667 3167 2714; x_wconf 78' lang='lat' dir='ltr'><strong>benevolentiam</strong></span> <span class='ocrx_word' id='word_1_643' title='bbox 3196 2669 3279 2726; x_wconf 75' lang='lat' dir='ltr'><strong>ipat</strong></span> <span class='ocrx_word' id='word_1_644' title='bbox 3320 2671 3692 2727; x_wconf 76' lang='lat' dir='ltr'><strong>comparandam,</strong></span> 
     </span>
     <span class='ocr_line' id='line_1_85' title="bbox 2192 2735 3121 2783; baseline 0.002 -2"><span class='ocrx_word' id='word_1_645' title='bbox 2192 2743 2287 2782; x_wconf 91' lang='lat' dir='ltr'><strong>tum</strong></span> <span class='ocrx_word' id='word_1_646' title='bbox 2308 2737 2365 2782; x_wconf 87' lang='lat' dir='ltr'><strong>ad</strong></span> <span class='ocrx_word' id='word_1_647' title='bbox 2385 2737 2537 2782; x_wconf 87' lang='lat' dir='ltr'><strong>odium</strong></span> <span class='ocrx_word' id='word_1_648' title='bbox 2552 2737 2805 2782; x_wconf 73' lang='lat' dir='ltr'><strong>adversario</strong></span> <span class='ocrx_word' id='word_1_649' title='bbox 2820 2735 3121 2783; x_wconf 76' lang='lat' dir='ltr'><strong>conflandum.</strong></span> 
     </span>
    </p>
   </div>
   <div class='ocr_carea' id='block_1_14' title="bbox 2139 2873 3721 5213">
    <p class='ocr_par' dir='ltr' id='par_1_21' title="bbox 2139 2873 3721 5213">
     <span class='ocr_line' id='line_1_86' title="bbox 2200 2873 3695 2936; baseline 0.002 -12"><span class='ocrx_word' id='word_1_650' title='bbox 2200 2877 2238 2924; x_wconf 93' lang='lat'><strong>1.</strong></span> <span class='ocrx_word' id='word_1_651' title='bbox 2264 2877 2362 2923; x_wconf 86' lang='lat' dir='ltr'><strong>oro</strong></span> <span class='ocrx_word' id='word_1_652' title='bbox 2386 2884 2499 2935; x_wconf 81' lang='lat' dir='ltr'><strong>vos,</strong></span> <span class='ocrx_word' id='word_1_653' title='bbox 2524 2873 2833 2924; x_wconf 78' lang='lat' dir='ltr'><strong>Athenienses</strong></span> <span class='ocrx_word' id='word_1_654' title='bbox 2847 2909 2863 2936; x_wconf 90' lang='lat'><em>,</em></span> <span class='ocrx_word' id='word_1_655' title='bbox 2904 2877 2961 2924; x_wconf 87' lang='lat' dir='ltr'><strong>ut</strong></span> <span class='ocrx_word' id='word_1_656' title='bbox 2992 2887 3067 2924; x_wconf 85' lang='lat' dir='ltr'><strong>me</strong></span> <span class='ocrx_word' id='word_1_657' title='bbox 3089 2874 3328 2924; x_wconf 75' lang='lat' dir='ltr'><strong>dicentem</strong></span> <span class='ocrx_word' id='word_1_658' title='bbox 3350 2875 3585 2927; x_wconf 74' lang='lat' dir='ltr'><strong>benevole</strong></span> <span class='ocrx_word' id='word_1_659' title='bbox 3606 2892 3695 2927; x_wconf 90' lang='lat' dir='ltr'><strong>au-</strong></span> 
     </span>
     <span class='ocr_line' id='line_1_87' title="bbox 2139 2971 3697 3035; baseline 0.004 -16"><span class='ocrx_word' id='word_1_660' title='bbox 2139 2971 2242 3021; x_wconf 87' lang='lat' dir='ltr'><strong>dire</strong></span> <span class='ocrx_word' id='word_1_661' title='bbox 2266 2971 2419 3022; x_wconf 84' lang='lat' dir='ltr'><strong>velitis</strong></span> <span class='ocrx_word' id='word_1_662' title='bbox 2434 3009 2449 3033; x_wconf 91' lang='lat'>,</span> <span class='ocrx_word' id='word_1_663' title='bbox 2470 2971 2767 3022; x_wconf 81' lang='lat' dir='ltr'><strong>considerata</strong></span> <span class='ocrx_word' id='word_1_664' title='bbox 2786 2975 2837 3022; x_wconf 89' lang='lat' dir='ltr'><strong>et</strong></span> <span class='ocrx_word' id='word_1_665' title='bbox 2856 2972 3056 3034; x_wconf 83' lang='lat' dir='ltr'><strong>periculi</strong></span> <span class='ocrx_word' id='word_1_666' title='bbox 3082 2975 3409 3035; x_wconf 79' lang='lat' dir='ltr'><strong>magnitudine</strong></span> <span class='ocrx_word' id='word_1_667' title='bbox 3424 3011 3441 3035; x_wconf 83' lang='lat'><strong>,</strong></span> <span class='ocrx_word' id='word_1_668' title='bbox 3458 2980 3513 3024; x_wconf 92' lang='lat' dir='ltr'><strong>et</strong></span> <span class='ocrx_word' id='word_1_669' title='bbox 3532 2977 3697 3024; x_wconf 89' lang='lat' dir='ltr'><strong>multi·</strong></span> 
     </span>
     <span class='ocr_line' id='line_1_88' title="bbox 2148 3065 3695 3128; baseline 0.003 -15"><span class='ocrx_word' id='word_1_670' title='bbox 2148 3065 2319 3114; x_wconf 86' lang='lat' dir='ltr'><strong>tudine</strong></span> <span class='ocrx_word' id='word_1_671' title='bbox 2342 3065 2627 3126; x_wconf 79' lang='lat' dir='ltr'><strong>criminum,</strong></span> <span class='ocrx_word' id='word_1_672' title='bbox 2650 3079 2761 3128; x_wconf 79' lang='lat' dir='ltr'><strong>quae</strong></span> <span class='ocrx_word' id='word_1_673' title='bbox 2778 3065 3033 3116; x_wconf 79' lang='lat' dir='ltr'><strong>refutanda</strong></span> <span class='ocrx_word' id='word_1_674' title='bbox 3050 3066 3169 3116; x_wconf 86' lang='lat' dir='ltr'><strong>mihi</strong></span> <span class='ocrx_word' id='word_1_675' title='bbox 3198 3069 3343 3128; x_wconf 85' lang='lat' dir='ltr'><strong>sunt,</strong></span> <span class='ocrx_word' id='word_1_676' title='bbox 3368 3070 3421 3116; x_wconf 87' lang='lat' dir='ltr'><strong>et</strong></span> <span class='ocrx_word' id='word_1_677' title='bbox 3438 3075 3695 3119; x_wconf 80' lang='lat' dir='ltr'><strong>accusato-</strong></span> 
     </span>
     <span class='ocr_line' id='line_1_89' title="bbox 2141 3164 3699 3227; baseline 0.003 -15"><span class='ocrx_word' id='word_1_678' title='bbox 2141 3164 2206 3212; x_wconf 81' lang='lat' dir='ltr'><strong>ris</strong></span> <span class='ocrx_word' id='word_1_679' title='bbox 2220 3164 2401 3212; x_wconf 83' lang='lat' dir='ltr'><strong>artibus</strong></span> <span class='ocrx_word' id='word_1_680' title='bbox 2412 3199 2427 3224; x_wconf 93' lang='lat'>,</span> <span class='ocrx_word' id='word_1_681' title='bbox 2446 3164 2629 3214; x_wconf 81' lang='lat' dir='ltr'><strong>insidiis</strong></span> <span class='ocrx_word' id='word_1_682' title='bbox 2644 3167 2791 3226; x_wconf 88' lang='lat' dir='ltr'><strong>atque</strong></span> <span class='ocrx_word' id='word_1_683' title='bbox 2810 3164 3091 3214; x_wconf 78' lang='lat' dir='ltr'><strong>crudelitate</strong></span> <span class='ocrx_word' id='word_1_684' title='bbox 3114 3183 3127 3214; x_wconf 77' lang='lat' dir='ltr'><strong><em>z</em></strong></span> <span class='ocrx_word' id='word_1_685' title='bbox 3146 3165 3229 3227; x_wconf 86' lang='lat' dir='ltr'><strong>qui</strong></span> <span class='ocrx_word' id='word_1_686' title='bbox 3244 3179 3343 3214; x_wconf 85' lang='lat' dir='ltr'><strong>non</strong></span> <span class='ocrx_word' id='word_1_687' title='bbox 3364 3165 3599 3216; x_wconf 86' lang='lat' dir='ltr'><strong>dubitarit</strong></span> <span class='ocrx_word' id='word_1_688' title='bbox 3616 3181 3699 3216; x_wconf 86' lang='lat' dir='ltr'><strong>eos</strong></span> 
     </span>
     <span class='ocr_line' id='line_1_90' title="bbox 2140 3256 3697 3322; baseline 0.003 -18"><span class='ocrx_word' id='word_1_689' title='bbox 2140 3257 2268 3306; x_wconf 80' lang='lat' dir='ltr'><strong>viros</strong></span> <span class='ocrx_word' id='word_1_690' title='bbox 2298 3257 2567 3319; x_wconf 80' lang='lat' dir='ltr'><strong>exhortari,</strong></span> <span class='ocrx_word' id='word_1_691' title='bbox 2588 3256 2671 3319; x_wconf 89' lang='lat' dir='ltr'><strong>qui</strong></span> <span class='ocrx_word' id='word_1_692' title='bbox 2692 3260 2993 3307; x_wconf 86' lang='lat' dir='ltr'><strong>sacramento</strong></span> <span class='ocrx_word' id='word_1_693' title='bbox 3013 3257 3171 3307; x_wconf 86' lang='lat' dir='ltr'><strong>adacti</strong></span> <span class='ocrx_word' id='word_1_694' title='bbox 3194 3261 3306 3308; x_wconf 86' lang='lat' dir='ltr'><strong>sunt</strong></span> <span class='ocrx_word' id='word_1_695' title='bbox 3330 3271 3380 3308; x_wconf 87' lang='lat' dir='ltr'><strong>se</strong></span> <span class='ocrx_word' id='word_1_696' title='bbox 3408 3261 3567 3322; x_wconf 68' lang='lat' dir='ltr'><strong>inquis</strong></span> <span class='ocrx_word' id='word_1_697' title='bbox 3588 3261 3697 3309; x_wconf 87' lang='lat' dir='ltr'><strong>ani-</strong></span> 
     </span>
     <span class='ocr_line' id='line_1_91' title="bbox 2140 3349 3697 3413; baseline 0.003 -15"><span class='ocrx_word' id='word_1_698' title='bbox 2140 3349 2233 3398; x_wconf 88' lang='lat' dir='ltr'><strong>mis</strong></span> <span class='ocrx_word' id='word_1_699' title='bbox 2266 3353 2529 3413; x_wconf 88' lang='lat' dir='ltr'><strong>utrumque</strong></span> <span class='ocrx_word' id='word_1_700' title='bbox 2568 3350 2897 3400; x_wconf 74' lang='lat' dir='ltr'><strong>adversarium</strong></span> <span class='ocrx_word' id='word_1_701' title='bbox 2932 3351 3207 3413; x_wconf 80' lang='lat' dir='ltr'><strong>audituros,</strong></span> <span class='ocrx_word' id='word_1_702' title='bbox 3244 3355 3301 3402; x_wconf 89' lang='lat' dir='ltr'><strong>ut</strong></span> <span class='ocrx_word' id='word_1_703' title='bbox 3334 3353 3401 3402; x_wconf 88' lang='lat' dir='ltr'><strong>rei</strong></span> <span class='ocrx_word' id='word_1_704' title='bbox 3429 3367 3491 3402; x_wconf 91' lang='lat' dir='ltr'><strong>ne</strong></span> <span class='ocrx_word' id='word_1_705' title='bbox 3526 3368 3697 3403; x_wconf 74' lang='lat' dir='ltr'><strong>vocem</strong></span> 
     </span>
     <span class='ocr_line' id='line_1_92' title="bbox 2142 3440 3696 3516; baseline 0.004 -27"><span class='ocrx_word' id='word_1_706' title='bbox 2142 3440 2337 3503; x_wconf 87' lang='lat' dir='ltr'><strong>quidem</strong></span> <span class='ocrx_word' id='word_1_707' title='bbox 2378 3442 2604 3492; x_wconf 88' lang='lat' dir='ltr'><strong>tolerent.</strong></span> <span class='ocrx_word' id='word_1_708' title='bbox 2674 3443 2922 3516; x_wconf 54' lang='lat' dir='ltr'><strong>(vtique</strong></span> <span class='ocrx_word' id='word_1_709' title='bbox 2939 3443 3090 3506; x_wconf 77' lang='lat' dir='ltr'><strong>dixit,</strong></span> <span class='ocrx_word' id='word_1_710' title='bbox 3116 3457 3213 3492; x_wconf 90' lang='lat' dir='ltr'><strong>non</strong></span> <span class='ocrx_word' id='word_1_711' title='bbox 3240 3457 3323 3506; x_wconf 90' lang='lat' dir='ltr'><strong>per</strong></span> <span class='ocrx_word' id='word_1_712' title='bbox 3354 3443 3657 3495; x_wconf 82' lang='lat' dir='ltr'><strong>iracundiam</strong></span> <span class='ocrx_word' id='word_1_713' title='bbox 3685 3468 3696 3495; x_wconf 91' lang='lat'>:</span> 
     </span>
     <span class='ocr_line' id='line_1_93' title="bbox 2142 3541 3700 3606; baseline 0.003 -16"><span class='ocrx_word' id='word_1_714' title='bbox 2142 3555 2286 3590; x_wconf 85' lang='lat' dir='ltr'><strong>nemo</strong></span> <span class='ocrx_word' id='word_1_715' title='bbox 2332 3541 2459 3590; x_wconf 86' lang='lat' dir='ltr'><strong>enim</strong></span> <span class='ocrx_word' id='word_1_716' title='bbox 2507 3542 2743 3592; x_wconf 87' lang='lat' dir='ltr'><strong>mentiens</strong></span> <span class='ocrx_word' id='word_1_717' title='bbox 2782 3543 2838 3592; x_wconf 92' lang='lat' dir='ltr'><strong>iis</strong></span> <span class='ocrx_word' id='word_1_718' title='bbox 2882 3543 3118 3604; x_wconf 84' lang='lat' dir='ltr'><strong>irascitur,</strong></span> <span class='ocrx_word' id='word_1_719' title='bbox 3155 3543 3239 3606; x_wconf 91' lang='lat' dir='ltr'><strong>qui</strong></span> <span class='ocrx_word' id='word_1_720' title='bbox 3282 3543 3447 3606; x_wconf 90' lang='lat' dir='ltr'><strong>iniquo</strong></span> <span class='ocrx_word' id='word_1_721' title='bbox 3495 3546 3700 3596; x_wconf 85' lang='lat' dir='ltr'><strong>crimine</strong></span> 
     </span>
     <span class='ocr_line' id='line_1_94' title="bbox 2142 3635 3700 3701; baseline 0.004 -18"><span class='ocrx_word' id='word_1_722' title='bbox 2142 3636 2387 3697; x_wconf 87' lang='lat' dir='ltr'><strong>petuntur,</strong></span> <span class='ocrx_word' id='word_1_723' title='bbox 2408 3638 2457 3684; x_wconf 87' lang='lat' dir='ltr'><strong>et</strong></span> <span class='ocrx_word' id='word_1_724' title='bbox 2490 3636 2571 3697; x_wconf 90' lang='lat' dir='ltr'><strong>qui</strong></span> <span class='ocrx_word' id='word_1_725' title='bbox 2606 3648 2719 3684; x_wconf 79' lang='lat' dir='ltr'><strong>vera</strong></span> <span class='ocrx_word' id='word_1_726' title='bbox 2738 3635 2931 3698; x_wconf 81' lang='lat' dir='ltr'><strong>dicunt,</strong></span> <span class='ocrx_word' id='word_1_727' title='bbox 2952 3636 2983 3686; x_wconf 89' lang='lat' dir='ltr'><strong>ii</strong></span> <span class='ocrx_word' id='word_1_728' title='bbox 3002 3635 3215 3687; x_wconf 79' lang='lat' dir='ltr'><strong>dicendoe</strong></span> <span class='ocrx_word' id='word_1_729' title='bbox 3238 3651 3395 3687; x_wconf 65' lang='lat' dir='ltr'><strong>causae</strong></span> <span class='ocrx_word' id='word_1_730' title='bbox 3413 3642 3700 3701; x_wconf 82' lang='lat' dir='ltr'><strong>potestatem</strong></span> 
     </span>
     <span class='ocr_line' id='line_1_95' title="bbox 2143 3729 3701 3796; baseline 0.003 -18"><span class='ocrx_word' id='word_1_731' title='bbox 2143 3742 2239 3778; x_wconf 91' lang='lat' dir='ltr'><strong>non</strong></span> <span class='ocrx_word' id='word_1_732' title='bbox 2272 3729 2491 3778; x_wconf 88' lang='lat' dir='ltr'><strong>adimunt</strong></span> <span class='ocrx_word' id='word_1_733' title='bbox 2522 3742 2631 3791; x_wconf 88' lang='lat' dir='ltr'><strong>reo,</strong></span> <span class='ocrx_word' id='word_1_734' title='bbox 2664 3743 2821 3792; x_wconf 88' lang='lat' dir='ltr'><strong>neque</strong></span> <span class='ocrx_word' id='word_1_735' title='bbox 2858 3729 2985 3779; x_wconf 90' lang='lat' dir='ltr'><strong>enim</strong></span> <span class='ocrx_word' id='word_1_736' title='bbox 3024 3731 3265 3780; x_wconf 85' lang='lat' dir='ltr'><strong>accusatio</strong></span> <span class='ocrx_word' id='word_1_737' title='bbox 3290 3731 3423 3794; x_wconf 85' lang='lat' dir='ltr'><strong>prius</strong></span> <span class='ocrx_word' id='word_1_738' title='bbox 3447 3734 3579 3796; x_wconf 85' lang='lat' dir='ltr'><strong>apud</strong></span> <span class='ocrx_word' id='word_1_739' title='bbox 3610 3748 3701 3782; x_wconf 88' lang='lat' dir='ltr'><strong>au-</strong></span> 
     </span>
     <span class='ocr_line' id='line_1_96' title="bbox 2142 3823 3701 3890; baseline 0.004 -18"><span class='ocrx_word' id='word_1_740' title='bbox 2142 3823 2321 3872; x_wconf 85' lang='lat' dir='ltr'><strong>ditores</strong></span> <span class='ocrx_word' id='word_1_741' title='bbox 2357 3824 2511 3887; x_wconf 71' lang='lat' dir='ltr'><strong>valet,</strong></span> <span class='ocrx_word' id='word_1_742' title='bbox 2539 3836 2685 3886; x_wconf 88' lang='lat' dir='ltr'><strong>quam</strong></span> <span class='ocrx_word' id='word_1_743' title='bbox 2718 3837 2829 3872; x_wconf 88' lang='lat' dir='ltr'><strong>reus</strong></span> <span class='ocrx_word' id='word_1_744' title='bbox 2867 3824 3151 3874; x_wconf 73' lang='lat' dir='ltr'><strong>defensionis</strong></span> <span class='ocrx_word' id='word_1_745' title='bbox 3190 3826 3417 3875; x_wconf 80' lang='lat' dir='ltr'><strong>facultate</strong></span> <span class='ocrx_word' id='word_1_746' title='bbox 3446 3840 3701 3890; x_wconf 84' lang='lat' dir='ltr'><strong>concessa,</strong></span> 
     </span>
     <span class='ocr_line' id='line_1_97' title="bbox 2144 3915 3703 3981; baseline 0.002 -15"><span class='ocrx_word' id='word_1_747' title='bbox 2144 3915 2332 3978; x_wconf 82' lang='lat' dir='ltr'><strong>objecta</strong></span> <span class='ocrx_word' id='word_1_748' title='bbox 2363 3917 2559 3966; x_wconf 87' lang='lat' dir='ltr'><strong>crimina</strong></span> <span class='ocrx_word' id='word_1_749' title='bbox 2606 3917 2817 3967; x_wconf 80' lang='lat' dir='ltr'><strong>refellere</strong></span> <span class='ocrx_word' id='word_1_750' title='bbox 2852 3931 2949 3967; x_wconf 89' lang='lat' dir='ltr'><strong>non</strong></span> <span class='ocrx_word' id='word_1_751' title='bbox 2990 3920 3231 3981; x_wconf 81' lang='lat' dir='ltr'><strong>potuerit3</strong></span> <span class='ocrx_word' id='word_1_752' title='bbox 3269 3921 3337 3981; x_wconf 82' lang='grc'><strong>(3)</strong></span> <span class='ocrx_word' id='word_1_753' title='bbox 3369 3921 3455 3969; x_wconf 85' lang='lat' dir='ltr'><strong>sed</strong></span> <span class='ocrx_word' id='word_1_754' title='bbox 3486 3922 3609 3970; x_wconf 87' lang='lat' dir='ltr'><strong>illud</strong></span> <span class='ocrx_word' id='word_1_755' title='bbox 3656 3924 3703 3971; x_wconf 89' lang='lat' dir='ltr'><strong>in</strong></span> 
     </span>
     <span class='ocr_line' id='line_1_98' title="bbox 2144 4010 3721 4072; baseline 0.005 -14"><span class='ocrx_word' id='word_1_756' title='bbox 2144 4023 2287 4060; x_wconf 87' lang='lat' dir='ltr'><strong>causa</strong></span> <span class='ocrx_word' id='word_1_757' title='bbox 2318 4013 2413 4070; x_wconf 83' lang='lat' dir='ltr'><strong>est,</strong></span> <span class='ocrx_word' id='word_1_758' title='bbox 2440 4010 2571 4072; x_wconf 88' lang='lat' dir='ltr'><strong>quod</strong></span> <span class='ocrx_word' id='word_1_759' title='bbox 2592 4011 2931 4060; x_wconf 82' lang='lat' dir='ltr'><strong>Demosthenes</strong></span> <span class='ocrx_word' id='word_1_760' title='bbox 2976 4012 3100 4060; x_wconf 83' lang='lat' dir='ltr'><strong>veris</strong></span> <span class='ocrx_word' id='word_1_761' title='bbox 3138 4012 3435 4063; x_wconf 85' lang='lat' dir='ltr'><strong>orationibus</strong></span> <span class='ocrx_word' id='word_1_762' title='bbox 3476 4028 3577 4064; x_wconf 92' lang='lat' dir='ltr'><strong>non</strong></span> <span class='ocrx_word' id='word_1_763' title='bbox 3613 4017 3721 4066; x_wconf 84' lang='lat' dir='ltr'><strong>de-·</strong></span> 
     </span>
     <span class='ocr_line' id='line_1_99' title="bbox 2147 4103 3703 4166; baseline 0.004 -14"><span class='ocrx_word' id='word_1_764' title='bbox 2147 4104 2371 4164; x_wconf 88' lang='lat' dir='ltr'><strong>lectatur,</strong></span> <span class='ocrx_word' id='word_1_765' title='bbox 2408 4117 2562 4166; x_wconf 88' lang='lat' dir='ltr'><strong>neque</strong></span> <span class='ocrx_word' id='word_1_766' title='bbox 2594 4103 2661 4152; x_wconf 89' lang='lat' dir='ltr'><strong>ita</strong></span> <span class='ocrx_word' id='word_1_767' title='bbox 2698 4117 2749 4153; x_wconf 88' lang='lat' dir='ltr'><strong>se</strong></span> <span class='ocrx_word' id='word_1_768' title='bbox 2790 4105 3003 4166; x_wconf 84' lang='lat' dir='ltr'><strong>paravit,</strong></span> <span class='ocrx_word' id='word_1_769' title='bbox 3039 4105 3122 4155; x_wconf 86' lang='lat' dir='ltr'><strong>sed</strong></span> <span class='ocrx_word' id='word_1_770' title='bbox 3158 4109 3367 4156; x_wconf 75' lang='lat' dir='ltr'><strong>vestram</strong></span> <span class='ocrx_word' id='word_1_771' title='bbox 3401 4107 3703 4158; x_wconf 84' lang='lat' dir='ltr'><strong>iracundiam</strong></span> 
     </span>
     <span class='ocr_line' id='line_1_100' title="bbox 2146 4197 3703 4260; baseline 0.004 -15"><span class='ocrx_word' id='word_1_772' title='bbox 2146 4197 2441 4246; x_wconf 85' lang='lat' dir='ltr'><strong>inflammare</strong></span> <span class='ocrx_word' id='word_1_773' title='bbox 2476 4197 2657 4258; x_wconf 84' lang='lat' dir='ltr'><strong>voluit,</strong></span> <span class='ocrx_word' id='word_1_774' title='bbox 2682 4209 2853 4259; x_wconf 89' lang='lat' dir='ltr'><strong>meque</strong></span> <span class='ocrx_word' id='word_1_775' title='bbox 2874 4201 3181 4260; x_wconf 88' lang='lat' dir='ltr'><strong>acceptorum</strong></span> <span class='ocrx_word' id='word_1_776' title='bbox 3216 4211 3473 4249; x_wconf 87' lang='lat' dir='ltr'><strong>munerum</strong></span> <span class='ocrx_word' id='word_1_777' title='bbox 3502 4215 3703 4252; x_wconf 83' lang='lat' dir='ltr'><strong>accusa·</strong></span> 
     </span>
     <span class='ocr_line' id='line_1_101' title="bbox 2148 4296 3704 4361; baseline 0.002 -14"><span class='ocrx_word' id='word_1_778' title='bbox 2148 4297 2246 4358; x_wconf 81' lang='lat' dir='ltr'><strong>vit,</strong></span> <span class='ocrx_word' id='word_1_779' title='bbox 2269 4297 2413 4346; x_wconf 88' lang='lat' dir='ltr'><strong>homo</strong></span> <span class='ocrx_word' id='word_1_780' title='bbox 2434 4296 2492 4345; x_wconf 89' lang='lat' dir='ltr'><strong>ad</strong></span> <span class='ocrx_word' id='word_1_781' title='bbox 2514 4309 2619 4346; x_wconf 86' lang='lat' dir='ltr'><strong>eam</strong></span> <span class='ocrx_word' id='word_1_782' title='bbox 2642 4297 2957 4358; x_wconf 87' lang='lat' dir='ltr'><strong>suspicionem</strong></span> <span class='ocrx_word' id='word_1_783' title='bbox 2984 4297 3279 4346; x_wconf 75' lang='lat' dir='ltr'><strong>inserendam</strong></span> <span class='ocrx_word' id='word_1_784' title='bbox 3304 4298 3513 4361; x_wconf 87' lang='lat' dir='ltr'><strong>ineptus.</strong></span> <span class='ocrx_word' id='word_1_785' title='bbox 3580 4304 3704 4350; x_wconf 83' lang='lat' dir='ltr'><strong>Nam</strong></span> 
     </span>
     <span class='ocr_line' id='line_1_102' title="bbox 2148 4390 3695 4456; baseline 0.003 -16"><span class='ocrx_word' id='word_1_786' title='bbox 2148 4391 2228 4454; x_wconf 87' lang='lat' dir='ltr'><strong>qui</strong></span> <span class='ocrx_word' id='word_1_787' title='bbox 2253 4390 2436 4452; x_wconf 87' lang='lat' dir='ltr'><strong>judices</strong></span> <span class='ocrx_word' id='word_1_788' title='bbox 2464 4390 2686 4439; x_wconf 86' lang='lat' dir='ltr'><strong>hortatur</strong></span> <span class='ocrx_word' id='word_1_789' title='bbox 2703 4393 2758 4439; x_wconf 90' lang='lat' dir='ltr'><strong>ut</strong></span> <span class='ocrx_word' id='word_1_790' title='bbox 2776 4390 3077 4452; x_wconf 81' lang='lat' dir='ltr'><strong>largitionum</strong></span> <span class='ocrx_word' id='word_1_791' title='bbox 3096 4391 3378 4454; x_wconf 85' lang='lat' dir='ltr'><strong>corruptelis</strong></span> <span class='ocrx_word' id='word_1_792' title='bbox 3396 4392 3695 4456; x_wconf 85' lang='lat' dir='ltr'><strong>irascantur,</strong></span> 
     </span>
     <span class='ocr_line' id='line_1_103' title="bbox 2146 4482 3703 4546; baseline 0.004 -13"><span class='ocrx_word' id='word_1_793' title='bbox 2146 4497 2259 4533; x_wconf 90' lang='lat' dir='ltr'><strong>eum</strong></span> <span class='ocrx_word' id='word_1_794' title='bbox 2279 4485 2465 4545; x_wconf 85' lang='lat' dir='ltr'><strong>oportet</strong></span> <span class='ocrx_word' id='word_1_795' title='bbox 2482 4483 2636 4545; x_wconf 83' lang='lat' dir='ltr'><strong>ipsum</strong></span> <span class='ocrx_word' id='word_1_796' title='bbox 2656 4482 2718 4531; x_wconf 89' lang='lat' dir='ltr'><strong>ab</strong></span> <span class='ocrx_word' id='word_1_797' title='bbox 2732 4483 2965 4545; x_wconf 82' lang='lat' dir='ltr'><strong>ejusmodi</strong></span> <span class='ocrx_word' id='word_1_798' title='bbox 2989 4484 3125 4533; x_wconf 79' lang='lat' dir='ltr'><strong>factis</strong></span> <span class='ocrx_word' id='word_1_799' title='bbox 3140 4485 3403 4546; x_wconf 86' lang='lat' dir='ltr'><strong>plurimum</strong></span> <span class='ocrx_word' id='word_1_800' title='bbox 3422 4486 3703 4540; x_wconf 87' lang='lat' dir='ltr'><strong>abhorrere.</strong></span> 
     </span>
     <span class='ocr_line' id='line_1_104' title="bbox 2150 4577 3706 4640; baseline 0.003 -14"><span class='ocrx_word' id='word_1_801' title='bbox 2150 4579 2215 4639; x_wconf 76' lang='lat'><strong>(4)</strong></span> <span class='ocrx_word' id='word_1_802' title='bbox 2250 4579 2327 4628; x_wconf 91' lang='lat' dir='ltr'><strong>Sic</strong></span> <span class='ocrx_word' id='word_1_803' title='bbox 2356 4580 2518 4626; x_wconf 86' lang='lat' dir='ltr'><strong>autem</strong></span> <span class='ocrx_word' id='word_1_804' title='bbox 2554 4577 2757 4638; x_wconf 76' lang='lat' dir='ltr'><strong>accidit,</strong></span> <span class='ocrx_word' id='word_1_805' title='bbox 2786 4577 3119 4640; x_wconf 78' lang='lat' dir='ltr'><strong>Athenienses,</strong></span> <span class='ocrx_word' id='word_1_806' title='bbox 3146 4580 3203 4627; x_wconf 90' lang='lat' dir='ltr'><strong>ut</strong></span> <span class='ocrx_word' id='word_1_807' title='bbox 3229 4578 3393 4627; x_wconf 86' lang='lat' dir='ltr'><strong>audita</strong></span> <span class='ocrx_word' id='word_1_808' title='bbox 3418 4583 3706 4632; x_wconf 75' lang='lat' dir='ltr'><strong>Demosthe-</strong></span> 
     </span>
     <span class='ocr_line' id='line_1_105' title="bbox 2152 4670 3707 4734; baseline 0.002 -13"><span class='ocrx_word' id='word_1_809' title='bbox 2152 4671 2223 4722; x_wconf 82' lang='lat' dir='ltr'><strong>nis</strong></span> <span class='ocrx_word' id='word_1_810' title='bbox 2252 4670 2581 4730; x_wconf 77' lang='lat' dir='ltr'><strong>accusatione,</strong></span> <span class='ocrx_word' id='word_1_811' title='bbox 2610 4683 2764 4732; x_wconf 83' lang='lat' dir='ltr'><strong>neque</strong></span> <span class='ocrx_word' id='word_1_812' title='bbox 2792 4683 3007 4732; x_wconf 84' lang='lat' dir='ltr'><strong>unquam</strong></span> <span class='ocrx_word' id='word_1_813' title='bbox 3039 4672 3107 4719; x_wconf 90' lang='lat' dir='ltr'><strong>sic</strong></span> <span class='ocrx_word' id='word_1_814' title='bbox 3133 4673 3187 4720; x_wconf 91' lang='lat' dir='ltr'><strong>ut</strong></span> <span class='ocrx_word' id='word_1_815' title='bbox 3216 4671 3307 4720; x_wconf 87' lang='lat' dir='ltr'><strong>hoc</strong></span> <span class='ocrx_word' id='word_1_816' title='bbox 3337 4671 3416 4720; x_wconf 91' lang='lat' dir='ltr'><strong>die</strong></span> <span class='ocrx_word' id='word_1_817' title='bbox 3440 4675 3707 4734; x_wconf 85' lang='lat' dir='ltr'><strong>pertimue-</strong></span> 
     </span>
     <span class='ocr_line' id='line_1_106' title="bbox 2150 4763 3705 4828; baseline 0.003 -15"><span class='ocrx_word' id='word_1_818' title='bbox 2150 4765 2241 4813; x_wconf 88' lang='lat' dir='ltr'><strong>rim</strong></span> <span class='ocrx_word' id='word_1_819' title='bbox 2256 4801 2269 4825; x_wconf 89' lang='lat'><strong>,</strong></span> <span class='ocrx_word' id='word_1_820' title='bbox 2290 4777 2378 4813; x_wconf 86' lang='lat' dir='ltr'><strong>nec</strong></span> <span class='ocrx_word' id='word_1_821' title='bbox 2400 4763 2549 4824; x_wconf 76' lang='lat' dir='ltr'><strong>magis</strong></span> <span class='ocrx_word' id='word_1_822' title='bbox 2568 4763 2841 4826; x_wconf 80' lang='lat' dir='ltr'><strong>indignatus</strong></span> <span class='ocrx_word' id='word_1_823' title='bbox 2865 4763 2954 4812; x_wconf 89' lang='lat' dir='ltr'><strong>sim</strong></span> <span class='ocrx_word' id='word_1_824' title='bbox 2977 4777 3129 4826; x_wconf 87' lang='lat' dir='ltr'><strong>quam</strong></span> <span class='ocrx_word' id='word_1_825' title='bbox 3166 4776 3324 4825; x_wconf 90' lang='lat' dir='ltr'><strong>nunc,</strong></span> <span class='ocrx_word' id='word_1_826' title='bbox 3364 4778 3523 4828; x_wconf 85' lang='lat' dir='ltr'><strong>neque</strong></span> <span class='ocrx_word' id='word_1_827' title='bbox 3560 4769 3705 4818; x_wconf 88' lang='lat' dir='ltr'><strong>etiam</strong></span> 
     </span>
     <span class='ocr_line' id='line_1_107' title="bbox 2150 4857 3711 4922; baseline 0.004 -16"><span class='ocrx_word' id='word_1_828' title='bbox 2150 4858 2251 4922; x_wconf 86' lang='lat' dir='ltr'><strong>pari</strong></span> <span class='ocrx_word' id='word_1_829' title='bbox 2278 4857 2443 4906; x_wconf 78' lang='lat' dir='ltr'><strong>loetitia</strong></span> <span class='ocrx_word' id='word_1_830' title='bbox 2460 4857 2753 4906; x_wconf 83' lang='lat' dir='ltr'><strong>exsultarim.</strong></span> <span class='ocrx_word' id='word_1_831' title='bbox 2800 4857 2958 4906; x_wconf 85' lang='lat' dir='ltr'><strong>Timui</strong></span> <span class='ocrx_word' id='word_1_832' title='bbox 2980 4857 3106 4906; x_wconf 90' lang='lat' dir='ltr'><strong>enim</strong></span> <span class='ocrx_word' id='word_1_833' title='bbox 3121 4895 3135 4919; x_wconf 90' lang='lat'>,</span> <span class='ocrx_word' id='word_1_834' title='bbox 3160 4857 3302 4920; x_wconf 88' lang='lat' dir='ltr'><strong>idque</strong></span> <span class='ocrx_word' id='word_1_835' title='bbox 3314 4872 3444 4908; x_wconf 88' lang='lat' dir='ltr'><strong>nunc</strong></span> <span class='ocrx_word' id='word_1_836' title='bbox 3464 4863 3613 4910; x_wconf 87' lang='lat' dir='ltr'><strong>etiam</strong></span> <span class='ocrx_word' id='word_1_837' title='bbox 3635 4877 3711 4912; x_wconf 87' lang='lat' dir='ltr'><strong>me</strong></span> 
     </span>
     <span class='ocr_line' id='line_1_108' title="bbox 2152 4955 3711 5018; baseline 0.003 -13"><span class='ocrx_word' id='word_1_838' title='bbox 2152 4957 2340 5018; x_wconf 83' lang='lat' dir='ltr'><strong>turbat,</strong></span> <span class='ocrx_word' id='word_1_839' title='bbox 2360 4969 2421 5004; x_wconf 92' lang='lat' dir='ltr'><strong>ne</strong></span> <span class='ocrx_word' id='word_1_840' title='bbox 2437 4956 2519 5018; x_wconf 89' lang='lat' dir='ltr'><strong>qui</strong></span> <span class='ocrx_word' id='word_1_841' title='bbox 2540 4958 2753 5004; x_wconf 62' lang='lat' dir='ltr'><strong>vostrum</strong></span> <span class='ocrx_word' id='word_1_842' title='bbox 2774 4969 2850 5005; x_wconf 89' lang='lat' dir='ltr'><strong>me</strong></span> <span class='ocrx_word' id='word_1_843' title='bbox 2870 4955 3122 5017; x_wconf 85' lang='lat' dir='ltr'><strong>ignorent,</strong></span> <span class='ocrx_word' id='word_1_844' title='bbox 3144 4956 3328 5006; x_wconf 85' lang='lat' dir='ltr'><strong>deliniti</strong></span> <span class='ocrx_word' id='word_1_845' title='bbox 3349 4956 3595 5008; x_wconf 78' lang='lat' dir='ltr'><strong>insidiosis</strong></span> <span class='ocrx_word' id='word_1_846' title='bbox 3610 4959 3711 5008; x_wconf 81' lang='lat' dir='ltr'><strong>istis</strong></span> 
     </span>
     <span class='ocr_line' id='line_1_109' title="bbox 2152 5053 3707 5117; baseline 0 -12"><span class='ocrx_word' id='word_1_847' title='bbox 2152 5057 2201 5105; x_wconf 90' lang='lat' dir='ltr'><strong>et</strong></span> <span class='ocrx_word' id='word_1_848' title='bbox 2218 5053 2463 5104; x_wconf 84' lang='lat' dir='ltr'><strong>malitiosis</strong></span> <span class='ocrx_word' id='word_1_849' title='bbox 2484 5054 2829 5116; x_wconf 85' lang='lat' dir='ltr'><strong>contrapositis.</strong></span> <span class='ocrx_word' id='word_1_850' title='bbox 2868 5056 2927 5103; x_wconf 79' lang='lat' dir='ltr'><strong>Et</strong></span> <span class='ocrx_word' id='word_1_851' title='bbox 2950 5056 3087 5104; x_wconf 84' lang='lat' dir='ltr'><strong>extra</strong></span> <span class='ocrx_word' id='word_1_852' title='bbox 3100 5067 3177 5104; x_wconf 88' lang='lat' dir='ltr'><strong>me</strong></span> <span class='ocrx_word' id='word_1_853' title='bbox 3200 5053 3355 5116; x_wconf 87' lang='lat' dir='ltr'><strong>ipsum</strong></span> <span class='ocrx_word' id='word_1_854' title='bbox 3380 5058 3555 5117; x_wconf 79' lang='lat' dir='ltr'><strong>raptus</strong></span> <span class='ocrx_word' id='word_1_855' title='bbox 3571 5071 3679 5105; x_wconf 88' lang='lat' dir='ltr'><strong>sum</strong></span> <span class='ocrx_word' id='word_1_856' title='bbox 3694 5093 3707 5112; x_wconf 87' lang='lat'><em>.</em></span> 
     </span>
     <span class='ocr_line' id='line_1_110' title="bbox 2153 5148 3709 5213; baseline -0.002 -12"><span class='ocrx_word' id='word_1_857' title='bbox 2153 5149 2425 5212; x_wconf 85' lang='lat' dir='ltr'><strong>crimenque</strong></span> <span class='ocrx_word' id='word_1_858' title='bbox 2442 5150 2646 5213; x_wconf 79' lang='lat' dir='ltr'><strong>graviter</strong></span> <span class='ocrx_word' id='word_1_859' title='bbox 2672 5149 2760 5201; x_wconf 86' lang='lat' dir='ltr'><strong>tuli</strong></span> <span class='ocrx_word' id='word_1_860' title='bbox 2776 5186 2789 5211; x_wconf 92' lang='lat'><strong>,</strong></span> <span class='ocrx_word' id='word_1_861' title='bbox 2816 5163 2967 5212; x_wconf 90' lang='lat' dir='ltr'><strong>quum</strong></span> <span class='ocrx_word' id='word_1_862' title='bbox 2999 5163 3076 5200; x_wconf 87' lang='lat' dir='ltr'><strong>me</strong></span> <span class='ocrx_word' id='word_1_863' title='bbox 3108 5148 3414 5200; x_wconf 62' lang='lat' dir='ltr'><strong>contumeliae</strong></span> <span class='ocrx_word' id='word_1_864' title='bbox 3439 5151 3490 5199; x_wconf 90' lang='lat' dir='ltr'><strong>et</strong></span> <span class='ocrx_word' id='word_1_865' title='bbox 3518 5153 3709 5213; x_wconf 86' lang='lat' dir='ltr'><strong>proter-</strong></span> 
     </span>
    </p>
   </div>
  </div>
 </body>
</html>
