3825 5834
466 385 573 436 ¹92

464 536 551 597 νὺν
580 537 627 596 εἰ
650 536 799 613 μόνοι
822 538 925 597 τῶν
966 537 1237 611 Ἑλλήνων
1268 540 1338 607 εἰς
1360 539 1454 611 τὴν
1484 539 1769 613 Ἑλληνίδα
1798 562 2019 619 συμμα-

464 625 590 704 χίαν
619 627 677 684 οὐ
704 626 1225 705 συναριθμησόμεθας
1253 630 1427 690 Τοῦτο
1454 628 1499 687 δ’
1520 627 1639 687 ὅσον
1669 628 1841 707 ἐστίν,
1870 628 2024 696 αὐτὸς

466 706 614 780 οὗτος
637 713 927 785 δεδήλωκεν
944 737 958 752 ·
996 717 1265 792 ἐπιθυμῶν
1291 716 1393 795 γὰρ
1423 717 1515 775 καὶ
1539 716 1792 795 χρήματα
1836 715 2021 797 βουλό·

468 822 619 877 μενος
651 808 757 867 τοῖς
793 798 1055 872 Ἕλλησιν
1097 802 1273 860 δοῦναι
1302 803 1444 870 ὅπως
1486 803 1685 880 γένοιτο
1713 802 1993 881 σύμμαχος
2009 848 2024 875 ,

396 911 422 949 ι
468 890 561 947 οὐκ
587 888 811 960 ἐδυνήθη
858 887 1262 966 διαπράξασθαι.
1350 889 1459 950 Καὶ
1502 894 1654 948 τοῦτο
1690 888 1875 970 σχεδόν
1916 892 2026 947 ἐστι

468 977 609 1037 δυοῖν
640 976 855 1052 σημεῖον
872 1020 889 1054 ,
916 974 1009 1035 καὶ
1035 973 1115 1035 ὅτι
1144 974 1337 1054 ἀγαθόν
1375 978 1484 1035 ἐστι
1512 975 1602 1035 καὶ
1644 974 1725 1034 ὅτι
1767 974 2024 1055 χαλεπόν.

470 1062 603 1143 Περὶ
624 1060 719 1139 μὲν
744 1054 831 1121 οὐν
855 1063 1050 1123 τούτων
1064 1109 1083 1142 ,
1100 1063 1191 1123 ἰὰν
1210 1063 1379 1123 ταῦτά
1398 1087 1476 1132 τις
1498 1062 1741 1143 ἀντιλέγῃ
1760 1108 1777 1137 ,
1792 1062 2028 1122 τοσαῦτά

468 1174 558 1229 μοι
581 1150 833 1229 λελέχθω.

546 1258 594 1301 5.
637 1234 780 1309 Ἤδη
830 1236 885 1296 δὲ
925 1238 1077 1316 λόγον
1113 1238 1316 1310 ἥκουσα
1356 1236 1667 1315 λεγόμενον,
1707 1234 1761 1304 ὅς
1801 1259 1889 1313 μοι
1931 1260 2024 1309 ση-

470 1323 616 1400 μεῖόν
645 1328 783 1383 ἐστιν
807 1324 983 1384 ἱκανὸν
1012 1325 1090 1384 ὅτι
1122 1324 1366 1406 βέλτιστά
1394 1328 1535 1384 ἐστιν
1564 1322 1597 1382 ἃ
1628 1324 1731 1401 ἐγὼ
1758 1323 1895 1402 λέγω
1924 1330 2030 1390 τοῖς

466 1412 943 1491 ἐναντιωσομένοις.
1028 1413 1196 1491 Εἴπερ
1221 1417 1249 1471 ὁ
1282 1412 1433 1491 λόγος
1472 1412 1663 1478 ἐκεῖνος
1690 1410 2029 1491 ἰσχυρότατός

468 1502 637 1571 ἐστιν,
666 1502 758 1559 οὐκ
800 1500 938 1568 ἄξιόν
968 1503 1109 1561 ἐστιν
1150 1500 1228 1560 ἔτι
1256 1500 1573 1583 φοὸηθῆναι.
1658 1499 1885 1579 Λέγουσι
1925 1498 2028 1579 γὰρ

468 1591 535 1650 ὥς
562 1587 814 1665 κρείσσων
848 1588 1127 1668 Ἀρχέλαός
1156 1590 1297 1661 ἔστι,
1330 1590 1420 1649 καὶ
1448 1593 1677 1654 τοιοῦτος
1698 1585 1771 1645 ὢν
1812 1586 2027 1667 πρόσοι-

390 1695 441 1735 10
470 1696 557 1740 κος
582 1676 783 1751 μᾶλλον
810 1674 845 1745 ἢ
888 1676 1321 1747 Πελοποννήσιοι·
1346 1681 1529 1736 τοῦτον
1561 1674 1655 1753 μὲν
1679 1673 1781 1753 γὰρ
1810 1676 1855 1731 εἰ
1898 1676 2028 1751 βου-

470 1760 718 1837 λοίμεθα,
776 1762 1042 1839 δυναίμεθ’
1093 1761 1156 1820 ἂν
1214 1761 1529 1838 ἀμύνεσθαι,
1580 1761 2030 1832 Πελοποννησίους

470 1850 517 1908 δ’
538 1850 632 1907 οὐκ
652 1850 713 1907 ἄν
731 1873 745 1888 ·
763 1852 947 1909 οὐκοῦν
968 1850 1205 1929 κρεῖσσον
1226 1850 1521 1918 στασιάζειν
1544 1848 1670 1929 πρὸς
1692 1850 1823 1925 ὑμᾶς
1846 1847 2031 1916 αὐτοὺς

472 1938 672 2012 μᾶλλον
700 1935 734 2008 ἦ
769 1938 1027 1997 δουλεύειν
1052 1937 1262 2017 ἑτέροις.
1348 1936 1493 2017 Ἐγὼ
1514 1938 1559 1996 δ’
1597 1941 1641 1996 εἷ
1668 1937 1762 2014 μὲν
1794 1938 2030 2016 ἀνάγκην

472 2024 647 2103 ἑώρων
679 2016 837 2083 οὖσαν
868 2026 993 2102 ἡμῖν
1022 2026 1230 2083 ἑλέσθαι
1258 2026 1397 2084 δυοῖν
1430 2026 1645 2103 θάτερον
1662 2069 1681 2101 ,
1710 2024 2028 2084 ἑὸουλευσά-

472 2136 576 2190 μην
596 2113 659 2171 ἂν
678 2111 921 2194 ὁπότερον
940 2112 1045 2193 χρή
1066 2113 1122 2190 μ’
1143 2112 1375 2172 ἑλέσθαι·
1392 2112 1486 2183 τὴν
1507 2114 1551 2171 δ’
1565 2113 1789 2191 ἡσυχίαν
1811 2114 2032 2193 εὑρίσκω

470 2199 597 2281 πρὸς
640 2201 1090 2273 Πελοποννησίους
1136 2192 1316 2262 οὖσαν.
1399 2202 1676 2279 Θαυμάζω
1704 2200 1759 2259 δὲ
1796 2200 1889 2259 καὶ
1927 2206 2030 2259 τῶν

394 2306 444 2345 ts
470 2288 825 2347 ἄντιτιθέντων
854 2287 920 2347 τὰ
948 2287 1239 2370 πράγματα
1270 2292 1375 2355 τοῖς
1402 2288 1731 2369 πράγμασιν.
1816 2291 1897 2348 Οὐ
1929 2290 2030 2369 γὰρ

471 2375 628 2452 ὅμοια
655 2375 783 2455 πρὸς
808 2375 965 2453 ὅμοια
992 2375 1287 2435 συντιθέασι
1305 2422 1322 2453 ,
1346 2377 1552 2455 πρῶτον
1589 2375 1685 2452 μὲν
1720 2374 1797 2433 ὅτι
1832 2374 1901 2433 τὰ
1936 2374 2030 2452 μὲν

472 2462 575 2521 ὑπὸ
598 2462 790 2522 τούτων
814 2466 992 2544 σαφῶς
1014 2462 1341 2539 ἐπιστάμεθα
1357 2506 1375 2539 ,
1392 2461 1461 2521 τὰ
1486 2464 1531 2521 δ’
1558 2465 1646 2521 ὑπ’
1669 2464 1875 2522 ἐκείνων
1902 2467 2030 2521 ὓπο-

472 2555 711 2628 νοοῦμεν.
792 2551 879 2611 Τὰ
920 2552 1015 2625 μὲν
1042 2550 1145 2629 γὰρ
1186 2550 1481 2628 ὶπάθομεν,
1511 2548 1579 2609 τὰ
1610 2552 1653 2608 δ’
1692 2552 1784 2608 οὐκ
1814 2549 2031 2609 ἐπιστά-

474 2644 609 2714 μεθα
634 2640 679 2696 εἰ
706 2638 1014 2716 πεισόμεθα.
1102 2641 1227 2705 Πῶς
1255 2631 1342 2697 οὖν
1370 2636 1482 2696 ἴσον
1507 2638 1621 2695 ἐστὶ
1648 2641 1753 2704 τοῖς
1793 2636 1887 2713 μὲν
1928 2637 2030 2709 ἤδη

472 2724 831 2804 γεγενημένοις
872 2724 946 2802 μὴ
976 2730 1291 2801 θυμοῦσθαι,
1320 2724 1388 2782 τὰ
1428 2723 1471 2781 δ’
1502 2723 1809 2799 εἰκαζόμενα
1854 2724 2030 2803 φοὸεἶ-

473 2817 596 2871 σθαι
631 2814 864 2889 μᾶλλον,
894 2813 953 2870 ἐκ
991 2811 1153 2871 ποίων
1182 2810 1237 2870 δὲ
1260 2810 1365 2891 χρὴ
1400 2808 1840 2890 παραδειγμάτων
1866 2814 2029 2891 ὀρρω-

474 2902 581 2959 δεῖν
630 2899 801 2979 αὐτάς
847 2899 1064 2978 πότερον
1098 2901 1197 2979 οὐχ
1226 2902 1427 2977 ὁρῶμεν
1467 2898 1585 2963 τοὺς
1624 2899 2033 2968 πλησιαιτάτους

394 3006 450 3046 20
473 2990 601 3064 ἡμῖν
633 2992 1037 3067 προσοικοῦντας
1060 2991 1162 3045 τῶν
1188 2985 1459 3056 Ἑλλήνων
1493 2984 1719 3054 Φωκέας
1742 2984 2035 3066 ἐλευθέρους

473 3074 652 3147 ὄντας,
670 3074 1086 3153 προσεχομένους
1106 3073 1161 3133 δὲ
1186 3073 1444 3140 Βοιωτοὺς
1470 3072 1587 3133 οὔτε
1602 3071 1757 3153 φόρον
1784 3072 2033 3153 φέροντας

474 3152 719 3231 ἐκείνοις,
744 3151 861 3211 οὔτε
899 3153 1127 3233 ἄρχοντα
1164 3153 1347 3212 οὐδένα
1385 3152 1811 3228 Λακεδαιμονίων
1839 3152 2032 3225 αὐτόθι,

477 3240 554 3299 ἔτι
596 3242 651 3299 δὲ
688 3238 774 3299 διὰ
814 3240 1049 3306 πλείονος
1092 3240 1387 3321 Κορινθίους
1416 3239 1726 3316 αὐτονόμους
1752 3236 1903 3305 ὄντας
1943 3239 2034 3297 καὶ

473 3330 580 3387 τῶν
626 3330 823 3387 ἑαυτῶν
880 3332 1227 3407 κρατοῦντας,
1276 3325 1515 3407 Ἀχαιοὺς
1559 3323 1614 3383 δὲ
1661 3324 1787 3405 πρὸς
1835 3325 2033 3392 τούτοις

475 3414 593 3475 οὔτε
611 3416 851 3482 πλείονας
868 3414 1019 3482 ὄντας
1042 3418 1191 3491 ἡμῶν
1215 3414 1333 3473 οὔτε
1356 3413 1492 3472 κατὰ
1515 3413 1721 3479 πλείους
1745 3416 2031 3491 οἰκοῦντας,

478 3504 717 3571 Ἠλείους
746 3504 799 3563 δὲ
824 3503 915 3563 καὶ
948 3503 1220 3581 Τεγεάτας
1261 3502 1353 3562 καὶ
1378 3500 1496 3568 τούς
1540 3502 1725 3566 ἄλλους
1749 3499 2002 3579 Ἀρκάδας
2019 3548 2034 3573 ,

477 3593 846 3673 ἀστυγείτονας
870 3590 1054 3663 ὄντας;
1080 3586 1231 3651 Ἔνθ’
1256 3587 1422 3655 οὐδεὶς
1446 3587 1633 3668 εὔρηκέ
1660 3610 1745 3645 πω
1769 3588 2035 3647 Λακεδαι-

394 3701 447 3741 25
477 3680 653 3756 μόνιον
698 3679 959 3761 ἄρχοντα,
994 3678 1173 3757 ὥσπερ
1200 3680 1307 3737 οὐδ’
1332 3677 1511 3735 ἐνθάδε
1541 3676 1848 3736 Μακεδόνα·
1878 3678 2033 3733 πολι-

475 3768 617 3836 τείας
650 3766 705 3826 δὲ
746 3772 1021 3847 πανταχοῦ
1066 3766 1156 3825 καὶ
1182 3766 1371 3843 νόμους
1394 3763 1717 3841 ἐπιστάμεθα
1742 3761 2034 3843 κειμένους,

475 3857 567 3915 καὶ
595 3854 662 3913 τὰ
688 3853 837 3914 κοινὰ
866 3858 1012 3933 κοινῇ
1042 3852 1451 3934 καρπουμένους.

555 3964 603 4005 o.
647 3940 807 4009 Ἴσως
836 3942 899 4001 ἄν
927 3965 1005 4008 τις
1032 3940 1193 4015 εἴποι,
1236 3943 1353 3999 ἀλλ’
1392 3937 1699 4019 ὀλιγαρχίαν
1726 3938 2030 4017 ἁπανταχοῦ

476 4036 778 4092 καθιστᾶσι.
863 4028 1130 4101 Τοιαύτην
1159 4052 1219 4106 γε
1256 4026 1369 4087 οἵαν
1395 4032 1545 4103 ἡμεῖς
1573 4025 1842 4105 εὐχόμενοι
1870 4024 2032 4083 πολὺν

476 4118 660 4198 χρόνον
690 4117 781 4175 καὶ
805 4121 1107 4190 ποθοῦντες,
1142 4114 1314 4193 ὀλίγον
1343 4116 1531 4196 χρόνον
1572 4114 1796 4189 ἰδόντες,
1838 4112 2031 4193 ἀφῃρέ·

478 4212 669 4281 θημεν·
706 4207 751 4262 εἰ
788 4202 853 4275 δὴ
878 4208 1131 4282 προσήκει
1157 4204 1463 4283 ὀλιγαρχίας
1485 4204 1653 4279 λέγειν
1680 4200 1879 4265 ἐκείνας
1907 4200 2034 4279 πρὸς

476 4292 573 4360 τὰς
594 4291 795 4351 ἐνθάδε.
882 4294 996 4352 Ποῦ
1016 4289 1119 4372 γὰρ
1138 4290 1274 4349 οὕτω
1294 4287 1459 4368 μικρὰ
1482 4289 1629 4355 πόλις
1648 4288 1699 4343 ἐν
1720 4278 1757 4365 ᾗ
1783 4286 1842 4345 τὸ
1862 4287 2032 4365 τρίτον

396 4394 452 4435 ³0
479 4377 633 4459 μέρος
655 4379 713 4437 οὐ
739 4375 949 4457 μετέχει
971 4382 1075 4438 τῶν
1098 4378 1424 4459 πραγμάτων
1456 4376 1663 4448 αὐτόθι,
1689 4373 1794 4455 ὅτῳ
1819 4372 1875 4433 δὲ
1897 4374 2033 4450 μήτε

476 4463 615 4526 ὅπλα
642 4465 779 4541 μήτε
806 4465 943 4538 ἄλλη
974 4464 1190 4541 δύναμίς
1218 4467 1329 4523 ἔστι
1355 4462 1422 4522 τὰ
1446 4462 1593 4522 κοινὰ
1620 4461 1903 4542 πράσσειν,
1936 4464 2034 4543 οὐχ

478 4552 577 4613 ὑπὸ
619 4552 1049 4631 Λακεδαιμονίων
1082 4553 1199 4611 ἀλλ’
1234 4550 1335 4611 ὑπὸ
1372 4554 1462 4621 τῆς
1502 4550 1664 4629 τύχης
1705 4550 2032 4629 ἀπεστερήθη

475 4646 579 4701 τῶν
623 4640 968 4721 πραγμάτων.
1052 4639 1426 4720 Ἄπεστέρηται
1464 4638 1519 4697 δὲ
1550 4642 1791 4697 τοσοῦτον
1820 4638 2031 4717 χρόνον,

476 4728 573 4797 ἕως
603 4729 664 4787 ἂν
688 4728 1025 4837 παράδειγμα
1049 4732 1223 4799 θῆται.
1274 4726 1431 4807 Παρὰ
1460 4724 1513 4785 δὲ
1538 4730 1731 4798 ταῦτα,
1756 4726 1879 4806 παρ’
1900 4729 2032 4802 ὑμᾶς

477 4816 637 4876 ἐστίν.
725 4818 897 4893 Οιμαι
916 4814 1009 4893 μὲν
1032 4814 1136 4897 γὰρ
1152 4819 1294 4891 ἡμᾶς
1311 4815 1417 4874 οὐδ’
1438 4813 1501 4873 ἂν
1524 4812 1837 4893 εὐχομένους
1862 4812 2033 4880 ἄλλως

479 4903 723 4973 εὔξασθαι
768 4903 1163 4981 πολιτεύεσθαι,
1206 4902 1617 4981 παραδείγματα
1670 4900 1765 4977 μὲν
1811 4906 2030 4960 τοιαῦτα
2085 4952 2100 4969 ,

394 5014 449 5053 ³5
477 4990 865 5071 παρεχομένους
882 4991 1125 5071 ὀρρωδεῖν
1144 4992 1237 5050 οὐκ
1256 4990 1387 5058 εἰκὸς
1408 4988 1591 5057 αὐτούς
1605 5035 1623 5067 ,
1646 4990 1681 5048 ἃ
1701 4990 1775 5067 μὴ
1794 4988 2031 5067 γενέσθαι

479 5080 643 5138 δεινόν
681 5082 791 5138 ἐστι
816 5083 1017 5156 μᾶλλον
1042 5078 1077 5150 ἢ
1114 5078 1369 5156 γενέσθαι.
1458 5078 1563 5138 Καὶ
1588 5077 2031 5155 Λακεδαιμονίους

482 5171 577 5245 μὲν
600 5166 769 5227 οὐκέτι
794 5167 1017 5247 πέφυκεν
1042 5172 1169 5245 ἡμῖν
1190 5167 1529 5227 ἐπιτίθεσθαι·
1551 5164 1726 5246 πόρρω
1747 5164 1847 5247 γὰρ
1866 5169 2032 5227 οἰκοῦ-

1552 412 1855 472 ΗΡΩΔΟΥ
1896 411 2080 473 ΠΕΡΙ
2125 410 2488 476 ΠΟΔῘΤΕῘΑ
2497 415 2561 475 Σ.

2113 553 2398 604 Graecorum
2433 554 2482 605 in
2513 556 2746 607 societate
2779 560 2952 609 Groeca
2981 572 3080 609 non
3114 562 3452 613 censebimus-1*
3476 562 3534 615 tn
3567 576 3696 615 ven)

2112 675 2348 735 quantum
2371 674 2460 736 sit,
2481 675 2560 725 liic
2583 677 2792 728 ostendit
2809 678 2909 741 ipse
2927 694 2940 729 ε
2955 692 3068 729 nam
3085 694 3238 745 quum
3257 684 3459 745 pecunia
3480 686 3698 746 cuperet

2113 798 2394 847 Groecorum
2413 798 2692 850 societatem
2721 814 2912 865 emere,
2940 816 3042 853 non
3059 804 3220 866 potuit
3237 805 3470 857 obtinere.
3537 805 3700 863 Quod

2115 918 2310 981 quidem
2333 922 2384 971 et
2399 922 2705 972 commodam
2727 936 2828 973 rem
2847 936 2950 975 esse
2967 927 3018 975 et
3043 925 3290 977 difficilem
3313 928 3456 979 simin
3471 929 3704 979 dunan-

2115 1034 2250 1082 strat.
2317 1038 2388 1084 Ao
2406 1034 2468 1084 de
2491 1035 2564 1085 his
2581 1036 2777 1099 quidem
2791 1076 2807 1100 ,
2839 1038 2879 1089 si
2901 1039 3011 1102 quis
3033 1052 3090 1089 co
3107 1042 3274 1091 contra
3295 1042 3508 1105 proferat
3529 1078 3546 1105 ,
3577 1044 3704 1094 hmo

2117 1144 2246 1197 dictu
2263 1148 2374 1197 sint.

2181 1259 2228 1301 5.
2263 1252 2356 1303 sed
2385 1253 2538 1305 alium
2564 1255 2706 1306 audio
2723 1270 2994 1309 sermon-
3009 1294 3026 1321 ,
3057 1261 3144 1324 qui
3165 1274 3224 1311 ea
3247 1276 3358 1325 qum
3377 1268 3556 1315 contra
3577 1266 3708 1315 dico

2117 1362 2298 1426 optimo
2319 1378 2426 1415 csse
2445 1368 2694 1430 perspicue
2714 1370 2938 1420 ostendit.
3007 1372 3200 1423 Etenim
3223 1374 3264 1423 si
3292 1376 3702 1429 adver-sariorum

2120 1480 2242 1529 ratio
2261 1481 2383 1532 soret
2410 1482 2710 1545 firmissimo,
2731 1484 3044 1547 deponendus
3061 1490 3163 1549 jam
3188 1492 3498 1541 essetmetus.
3539 1495 3708 1544 Aiunt

2119 1592 2247 1641 enim
2269 1597 2498 1655 praestare
2517 1595 2836 1659 Archelaum,
2869 1600 3091 1661 quamvis
3112 1600 3284 1665 talem,
3307 1604 3522 1653 accolam
3551 1608 3710 1656 Peto—

2119 1702 2358 1763 ponnesiis
2378 1719 2394 1756 ι
2413 1716 2528 1755 nam
2539 1704 2671 1755 hunc
2685 1706 2824 1757 facile
2835 1709 2876 1757 si
2895 1708 3104 1760 velimus
3123 1712 3425 1776 repellamus,
3447 1716 3706 1779 Pelopon-

2119 1814 2276 1864 nesios
2287 1828 2382 1865 non
2397 1816 2512 1867 item
2531 1832 2543 1866 :
2560 1830 2710 1879 quare
2720 1818 2954 1870 seditione
2963 1824 3158 1883 praestat
3173 1823 3298 1873 inter
3309 1836 3398 1875 nos
3415 1827 3704 1879 conflictari

2119 1938 2265 1987 quam
2285 1926 2390 1975 aliis
2405 1927 2601 1977 servire.
2628 1930 2690 1977 At
2708 1942 2796 1991 ego
2813 1930 2852 1979 si
2871 1931 3144 1981 necessario
3177 1933 3386 1983 viderem
3407 1936 3704 1998 eligendum

2121 2035 2406 2087 alterutrum
2421 2074 2436 2097 ,
2451 2040 2616 2087 utrum
2639 2040 2800 2103 potius
2819 2043 2944 2092 esset
2962 2042 3278 2095 deliberarem
3301 2060 3317 2094 ε
3343 2059 3522 2097 verum
3545 2052 3704 2112 quie·

2121 2148 2220 2193 tem
2245 2144 2383 2195 nobis
2423 2158 2538 2195 cum
2573 2147 2937 2211 Peloponnesiis
2977 2152 3276 2203 intercedere
3311 2154 3472 2205 video.
3541 2160 3704 2208 miror

2122 2258 2350 2317 praeterea
2373 2256 2574 2307 istomm
2596 2261 2953 2312 contentionem
2975 2264 3059 2325 qui
3080 2263 3326 2315 dissimilia
3347 2266 3474 2316 inter
3491 2282 3546 2318 se
3559 2282 3702 2319 com·

2121 2368 2308 2427 parent.
2374 2370 2514 2417 Paria
2535 2369 2662 2419 «nim
2697 2382 2810 2421 cum
2841 2372 3038 2435 paribus
3055 2374 3335 2438 neutiquam
3367 2384 3704 2441 comparant,

2121 2476 2332 2563 primum
2353 2478 2548 2540 quidem
2565 2482 2680 2544 quin
2707 2482 2880 2532 luorum
2905 2484 3032 2533 sacta
3061 2487 3392 2549 cognoscimus
3409 2494 3612 2551 aperte,
3637 2494 3702 2543 il-

2123 2588 2280 2637 lorum
2303 2590 2572 2654 suspicione
2586 2594 2969 2657 complectimur.
3037 2596 3086 2648 sl
3106 2598 3302 2662 quidem
3319 2600 3402 2649 illa
3427 2603 3702 2664 sensimus,

2127 2692 2236 2742 haec
2264 2706 2325 2743 nn
2345 2696 2530 2746 sensuri
2551 2696 2700 2747 simus
2727 2698 3016 2761 ignoramus.
3081 2703 3190 2751 Non
3211 2702 3356 2766 igitur
3381 2716 3584 2767 aequum
3624 2712 3706 2756 εει

2121 2795 2186 2845 ob
2210 2810 2286 2846 res
2302 2800 2456 2859 gestas
2473 2812 2572 2848 non
2604 2799 2868 2865 indignari,
2906 2816 3027 2865 quas
3055 2806 3220 2855 autem
3241 2808 3547 2868 assequimur
3567 2823 3700 2859 con·

2119 2900 2308 2961 iectura
2331 2902 2481 2966 magis
2501 2902 2690 2953 timere.
2755 2906 2947 2963 Quibus
2969 2920 3084 2957 vero
3103 2908 3333 2971 exemplis
3349 2912 3540 2961 metium
3559 2912 3700 2963 bunc

2123 3005 2478 3067 concipiamus?
2513 3008 2620 3056 Non
2645 3007 2864 3059 videmus
2898 3010 3144 3071 proximos
3171 3010 3308 3061 nobis
3333 3014 3538 3063 Graeoos
3561 3016 3700 3065 Pho·

2125 3120 2291 3159 censes
2325 3122 2428 3159 esse
2453 3109 2658 3173 liberos,
2687 3112 2981 3175 propinquos
3017 3114 3212 3163 Boeotos
3249 3128 3342 3165 nec
3379 3116 3570 3171 tributo
3601 3133 3702 3169 nee

2124 3216 2405 3277 magistratu
2431 3216 2532 3263 ullo
2554 3217 2787 3265 Laconico
2817 3214 3001 3279 premi,
3027 3218 3308 3267 remotiores
3337 3218 3484 3269 etim
3515 3223 3700 3272 Corin-

2125 3320 2249 3371 thios
2273 3320 2484 3383 suijuris
2501 3334 2603 3371 esse
2621 3322 2816 3384 suisque
2845 3324 2965 3385 frui,
2996 3322 3205 3375 Achivos
3235 3326 3466 3387 praterea
3487 3327 3574 3388 qul
3603 3342 3700 3379 nos

2123 3436 2214 3474 nec
2235 3424 2544 3475 multitudine
2565 3438 2655 3476 nec
2677 3426 2863 3490 oppidis
2883 3431 3139 3491 superant,
3159 3442 3250 3479 nec
3267 3442 3364 3480 non
3395 3431 3540 3483 Eleos
3556 3469 3571 3494 ‚
3595 3438 3698 3485 Te-

2123 3534 2284 3594 geates
2305 3534 2354 3581 et
2377 3532 2586 3583 Arcadas
2609 3533 2816 3597 reliquos
2841 3534 3012 3585 eodem
3029 3548 3082 3585 se
3106 3536 3280 3587 haba-e
3301 3538 3482 3587 modo?
3505 3538 3608 3603 sic,
3637 3546 3698 3593 ut

2123 3638 2285 3689 nullus
2301 3638 2368 3687 ibi
2385 3640 2596 3702 regnarit
2619 3640 2778 3689 adhuc
2793 3642 2919 3690 Laco
2932 3678 2947 3703 ‚
2971 3641 3098 3691 sicut
3115 3655 3206 3692 nec
3227 3642 3308 3691 hic
3321 3642 3544 3693 Μιοαίο.
3575 3650 3698 3697 Jam

2125 3744 2414 3806 respublicas
2435 3744 2616 3809 ubique
2635 3747 2923 3797 constitutas
2939 3750 2989 3797 et
3011 3746 3137 3809 leges
3155 3748 3334 3810 positus
3350 3750 3615 3815 novimus,
3637 3768 3700 3805 ac
3781 3748 3783 3772 ¹

2124 3862 2284 3899 rerum
2304 3850 2634 3899 communium
2659 3862 2818 3899 usum·
2832 3862 2936 3901 esse
2949 3862 3274 3902 communem.

2185 3954 2231 3997 6.
2266 3946 2360 3997 sed
2393 3959 2476 3997 eos
2499 3948 2621 3997 l'orte
2643 3947 2750 4010 quis
2767 3960 3031 4009 paucorum
3051 3948 3304 4012 imperium
3341 3947 3529 4011 ubique
3555 3950 3698 4002 dicet

2123 4051 2387 4103 instituere.
2409 4052 2524 4102 Tale
2541 4053 2772 4115 prolecto,
2786 4052 2929 4115 quale
2943 4066 3030 4102 nos
3045 4066 3198 4115 quum
3209 4052 3288 4101 diu
3301 4054 3616 4115 optassemus
3633 4070 3696 4105 ac

2122 4157 2548 4220 desider-essemus,
2565 4156 2698 4207 brevi
2713 4170 2878 4207 sumus
2899 4156 3160 4207 constituto
3178 4156 3364 4219 spoliati
3387 4158 3460 4207 :si
3485 4159 3694 4221 quidem
3775 4156 3777 4161 ’

2123 4265 2442 4328 comparanda
2464 4265 2579 4314 sunt
2615 4264 2694 4314 illa
2727 4276 2990 4326 paucorum
3015 4274 3128 4312 cum
3165 4262 3266 4313 istis
3305 4262 3525 4325 imperia.
3594 4268 3696 4319 L’bi
3773 4288 3775 4291 ⁴

2123 4370 2250 4419 enim
2269 4372 2369 4419 tnm
2391 4381 2592 4432 parvam
2626 4368 2794 4417 urbem
2827 4368 3057 4430 reperias,
3085 4368 3132 4417 in
3167 4381 3263 4431 qua
3285 4382 3384 4417 non
3402 4370 3546 4419 tertia
3577 4384 3698 4433 pars

2123 4479 2286 4541 proesit
2317 4476 2492 4527 rebus?
2517 4476 2595 4525 cui
2625 4478 2788 4525 autem
2807 4486 2962 4538 neque
2979 4488 3226 4524 armorum
3253 4474 3576 4538 gerendorum
3601 4492 3698 4529 ne·

2123 4592 2218 4642 que
2240 4578 2438 4642 reliqua:
2465 4576 2739 4640 reipublicae
2757 4577 3148 4628 administrandae
3169 4579 3373 4629 facultas
3394 4581 3496 4641 est,
3525 4580 3570 4631 is
3589 4596 3698 4632 non

2123 4686 2222 4733 tam
2243 4696 2328 4747 per
2361 4680 2749 4733 Lacedaemonios
2767 4694 2914 4745 quam
2959 4694 3044 4744 per
3067 4682 3310 4731 fortunam
3343 4681 3568 4744 privatus
3621 4690 3702 4736 σει

2123 4780 2336 4845 imperio.
2357 4780 2578 4830 Privatus
2597 4778 2792 4841 quidem
2810 4782 2899 4837 est,
2917 4777 3070 4827 donec
3087 4778 3434 4827 documentum
3453 4778 3696 4832 ediderit.

2121 4880 2296 4930 Omnia
2319 4890 2430 4927 vero
2451 4878 2540 4926 ista
2567 4890 2712 4939 penes
2735 4888 2821 4925 vos
2833 4878 2962 4926 suut.
3029 4877 3150 4923 Nam
3181 4874 3464 4937 reipublicae
3483 4878 3698 4939 quidem

2122 4976 2324 5026 sormam
2349 4973 2430 5022 vix
2451 4974 2596 5023 aliam
2611 5007 2624 5032 ,
2655 4972 2880 5033 arbitror,
2899 4971 3136 5034 possimus
3161 4972 3426 5033 exoptare;
3447 4976 3702 5037 exemplis

2119 5075 2283 5122 autem
2321 5069 2574 5134 propositis
2595 5082 2652 5118 oa
2687 5081 2782 5117 non
2805 5066 3035 5117 debemus
3071 5067 3270 5129 timere,
3303 5080 3416 5129 quae
3443 5082 3544 5117 nou
3569 5082 3700 5119 con·

2121 5172 2304 5234 tingere
2326 5170 2388 5219 sit
2409 5182 2556 5232 quam
2575 5168 2850 5230 contingere
2872 5164 3082 5229 gravius».
3151 5164 3506 5216 Lacedaemonii
3541 5180 3700 5231 porro
3758 5214 3761 5225 ,
