3825 5834
168 461 362 531 (ata—2
372 479 383 515 l
395 457 429 532 ι)

89 615 134 651 a
273 587 500 662 τρίαιναν
529 587 685 667 ὀρθὴν
717 598 915 646 στᾶσαν
947 591 1000 648 ἐν
1021 590 1218 656 πόλεως
1242 591 1450 670 βάθροις

271 674 548 752 Εὔμολπος
573 673 692 732 οὐδὲ
711 673 860 755 Θρᾲξ
888 677 1164 757 ἀναστέψει
1185 678 1313 745 λεὼς

269 761 595 840 στεφάνοισι,
627 761 848 828 Παλλὰς
873 763 919 820 δ’
945 763 1176 837 οὐδαμοῦ
1205 765 1501 839 τιμήσεται.

269 847 504 924 Χρῆσθ’,
524 837 570 904 ῶ
599 849 830 918 πολῖται,
855 856 959 914 τοῖς
981 852 1120 924 ἐμοῖς
1145 850 1490 930 λοχεύμασιν,

269 934 521 1005 σώζεσθε,
549 937 738 993 νικᾶτ’·
769 935 884 994 ἀντὶ
911 935 1012 1015 γὰρ
1039 941 1209 1016 ψυχῆς
1237 944 1360 1015 μιᾶς

89 1049 134 1086 ³0
269 1024 361 1079 οὐκ
387 1021 492 1078 ἔσθ’
521 1021 662 1088 ὅπως
693 1026 814 1100 ὑμῖν
844 1022 946 1100 ἐγὼ
977 1025 1034 1082 οὔ
1059 1023 1216 1082 σώσω
1243 1025 1408 1082 πόλιν.

267 1094 342 1167 Ὦ
373 1108 593 1188 πατρίς,
624 1109 726 1167 εἴθε
748 1107 938 1174 πάντες
959 1109 1010 1166 οἳ
1035 1109 1234 1168 ναίουσί
1255 1133 1312 1167 σε

269 1193 404 1252 οὕτω
428 1196 626 1274 φιλοῖεν
651 1199 721 1260 ὡς
752 1195 878 1273 ἐγώ·
913 1195 1002 1254 καὶ
1029 1195 1215 1276 ῥαδίως

269 1283 500 1358 οἰκοῖμεν
529 1283 594 1340 ἄν
615 1305 674 1340 σε
695 1325 712 1354 ,
739 1281 915 1341 κούδὲν
946 1281 1006 1340 ἂν
1031 1283 1253 1361 πάσχοις
1283 1281 1464 1343 κακόν.

235 1441 326 1480 101.
371 1425 562 1480 Ίάῦτα
583 1467 598 1494 ,
637 1410 680 1480 ῶ
727 1420 934 1501 ἄνδρες,
964 1421 1080 1487 τοὺς
1105 1421 1334 1501 πατέρας
1370 1425 1518 1499 ἡμῶν
1565 1423 1708 1482 ἐπαί-

91 1531 136 1568 25
162 1508 284 1564 δευε.
309 1508 486 1568 Φύσει
505 1506 610 1586 γὰρ
624 1511 788 1566 οὐσῶν
807 1508 1118 1588 φιλοτέκνων
1133 1513 1316 1567 πασῶν
1336 1513 1438 1568 τῶν
1451 1513 1706 1583 γυναικῶν

159 1595 344 1664 ταύτην
373 1585 590 1665 ἐποίησε
631 1594 728 1664 τὴν
755 1595 978 1674 πατρίδα
1019 1598 1217 1670 μᾶλλον
1255 1601 1358 1654 τῶν
1387 1596 1588 1654 παίδων
1617 1620 1708 1676 φι-

159 1682 359 1754 λοῦσαν,
389 1681 775 1758 ἐνδεικνύμενος
793 1681 873 1738 ὅτι
895 1680 1038 1760 εἴπερ
1063 1686 1118 1740 αἱ
1149 1685 1386 1760 γυναῖκες
1417 1689 1568 1742 τοῦτο
1587 1686 1704 1742 τολ-

162 1767 374 1841 μήσουσι
400 1769 593 1840 ποιεῖν,
617 1770 734 1834 τούς
759 1791 818 1845 γε
849 1769 1035 1848 ἄνδρας
1066 1768 1460 1849 ἀνυπέρὸλητόν
1487 1793 1602 1827 τινα
1628 1771 1710 1828 δεῖ

159 1854 244 1924 τήν
265 1855 466 1913 εὔνοιαν
493 1854 626 1934 ὑπὲρ
644 1859 736 1925 τῆς
761 1855 1005 1934 πατρίδος
1034 1855 1190 1935 ἔχειν,
1217 1855 1348 1933 μηδὲ
1377 1856 1580 1938 φεύγειν
1612 1859 1704 1914 αὖ·

161 1941 246 2010 τὴν
275 1943 726 2019 ἐγκαταλιπόντας
757 1942 890 2018 μηδὲ
914 1945 1278 2022 καταισχύνειν
1321 1945 1445 2024 πρὸς
1473 1944 1707 2010 ἅπαντας

161 2029 266 2096 τοὺς
290 2029 568 2100 Ἓλληνας
593 2027 770 2107 ὥσπερ
797 2028 1129 2109 Λεωκράτης.

233 2136 322 2173 1⁰2.
369 2116 642 2190 Βούλομαι
681 2117 728 2172 δ’
769 2119 888 2192 ὑμῖν
923 2115 1012 2174 καὶ
1040 2116 1126 2174 τὸν
1153 2117 1398 2194 Ὅμηρον
1429 2118 1704 2196 παρασχέ-

91 2223 141 2260 so
167 2207 272 2258 σθαι
308 2206 556 2259 ἐπαινῶν.
589 2200 749 2261 Οὕτω
773 2200 876 2279 γὰρ
913 2201 1174 2260 ὑπέλαὸον
1215 2207 1360 2277 ὑμῶν
1399 2206 1446 2261 οἱ
1489 2205 1708 2283 πατέρες

163 2289 422 2346 σπουδαῖον
448 2280 588 2346 εἶναι
611 2289 856 2361 ποιητήν,
883 2287 1020 2346 ὥστε
1055 2291 1211 2366 νόμον
1239 2290 1410 2348 ἔθεντο
1443 2294 1557 2348 καθ’
1585 2290 1704 2350 ἑκά·

161 2397 278 2444 στην
301 2375 685 2452 πενταετηρίδα
711 2379 812 2432 τῶν
836 2378 1214 2446 Παναθηναίων
1234 2375 1390 2452 μόνου
1411 2379 1513 2434 τῶν
1533 2375 1706 2433 ἄλλων

163 2465 376 2530 ποιητῶν
397 2464 758 2542 ῥαιΙιῳδεῖσθαι
777 2461 844 2520 τὰ
861 2462 986 2534 ἔπη,
1005 2463 1244 2531 ἐπίδειξιν
1261 2461 1558 2540 ποιούμενα
1581 2463 1707 2543 πρὸς

164 2547 268 2613 τοὺς
287 2545 566 2621 Ἕλληνας
585 2546 665 2608 ὅτι
681 2550 752 2607 τὰ
773 2549 1030 2610 κάλλιστα
1056 2553 1160 2608 τῶν
1181 2551 1344 2630 ἔργων
1370 2545 1702 2630 προῃροῦντο.

169 2635 384 2700 Εἰκότως
400 2659 415 2672 ·
440 2639 489 2694 οἱ
520 2635 622 2712 μὲν
646 2635 750 2714 γὰρ
773 2635 922 2712 νόμοι
943 2638 1028 2695 διὰ
1051 2637 1148 2708 τὴν
1174 2638 1454 2714 συντομίαν
1476 2641 1536 2696 οὗ
1560 2637 1706 2694 διδά-

169 2744 362 2780 σκουσιν
388 2725 506 2780 ἀλλ’
539 2725 904 2782 ἐπιτάττουσιν
939 2723 974 2781 ἃ
1001 2725 1084 2782 δεῖ
1107 2728 1291 2795 ποιεῖν,
1327 2727 1375 2782 οἱ
1406 2723 1462 2782 δὲ
1493 2724 1707 2794 ποιηταὶ

169 2808 464 2885 μιμούμενοι
489 2809 582 2868 τὸν
613 2809 934 2890 ἀνθρώπινον
961 2811 1090 2890 βίον,
1115 2810 1184 2868 τὰ
1205 2812 1462 2869 κάλλιστα
1493 2815 1596 2869 τῶν
1622 2809 1706 2890 ἔρ-

81 2911 260 2970 ιΰξῑγων
310 2895 678 2973 ἐκλεξάμενοι,
733 2896 868 2972 μετὰ
907 2897 1062 2974 λόγου
1102 2898 1192 2954 καὶ
1233 2896 1538 2964 ἀποδείξεως
1591 2897 1708 2962 τοὺς

167 2981 452 3062 ἀνθρώπως
473 2984 872 3060 συμπείθουσιν.
903 2983 1018 3063 (toi)
1045 2983 1263 3063 Ἕκτωρ
1285 2984 1386 3064 γὰρ
1403 2993 1511 3051 τοῖς
1527 2982 1708 3064 Τρωσὶ

65 3119 76 3130 ,
163 3069 640 3149 παρακελευόμενος
662 3069 791 3149 ὑπὲρ
810 3074 912 3140 τῆς
939 3069 1185 3151 πατρίδος
1209 3069 1336 3128 τάδε
1361 3069 1586 3148 εἴρηκεν·

235 3205 382 3265 Ἀλλὰ
404 3205 634 3286 μάχεσθ’
661 3206 748 3262 ἐπὶ
770 3204 924 3276 νηυσὶ
945 3206 1244 3288 διαμπερές·
1271 3206 1328 3272 ὃς
1351 3207 1407 3264 δέ
1428 3230 1516 3266 κεν
1537 3206 1707 3284 ὑμέων

238 3294 486 3371 βλήμενος
516 3293 582 3364 ἠὲ
612 3291 791 3358 τυπεὶς
817 3293 1032 3352 θάνατον
1059 3293 1148 3352 καὶ
1173 3294 1373 3370 πότμον
1401 3293 1628 3374 ἐπίσπῃ,

121 3401 146 3437 s
237 3383 456 3440 τεθνάτω
472 3401 488 3417 ·
515 3381 578 3440 οὗ
605 3383 658 3438 οἱ
685 3377 849 3446 ἀεικὲς
867 3379 1170 3461 ἀμυνομένῳ
1199 3380 1316 3462 περὶ
1333 3380 1535 3460 πάτρης

243 3469 484 3545 τεθνάμεν
502 3491 518 3505 ·
543 3466 667 3526 ἀλλ’
694 3466 882 3546 ἄλοχός
903 3490 956 3525 τε
979 3467 1074 3537 σόη
1094 3469 1184 3526 καὶ
1216 3467 1376 3539 νήπια
1403 3466 1590 3540 τέκνα,

233 3557 320 3614 καὶ
348 3560 536 3634 κλῆρος
561 3554 658 3614 καὶ
681 3546 817 3620 οἶκος
845 3554 1102 3634 ἀκήρατος
1117 3599 1134 3628 ,
1154 3555 1308 3614 εἶκεν
1333 3553 1532 3634 Ἀχαιοὶ

233 3644 474 3722 οἴχωνται
501 3643 600 3701 σὺν
629 3641 782 3714 νηυσὶ
810 3641 963 3722 φίλην
989 3644 1044 3709 ἐς
1068 3643 1294 3722 πατρίδα
1317 3645 1496 3720 γαῖαν.

237 3811 326 3850 ιω.
345 3791 562 3850 Τούτων
586 3793 696 3848 τῶν
711 3790 850 3847 ἐπῶν
872 3785 1156 3860 ἀκούοντες,
1176 3777 1222 3846 ῶ
1241 3787 1434 3866 ἄνδρες,
1455 3790 1502 3846 οἱ
1522 3787 1710 3868 πρόγο-

105 3894 146 3930 le»
169 3899 236 3933 νοι
271 3881 410 3953 ὓμῶν
437 3876 531 3936 καὶ
577 3876 652 3934 τὰ
685 3883 898 3934 τοιαῦτα
926 3879 1026 3934 τῶν
1057 3875 1219 3953 ἔργων
1258 3879 1526 3946 ζηλοῦντες
1552 3875 1710 3940 οὕτως

169 3965 305 4042 ἔσχον
349 3963 480 4043 πρὸς
517 3963 734 4044 ἀρετήν,
782 3962 914 4021 ὥστε
953 3968 1008 4022 οὗ
1043 3962 1196 4039 μόνον
1241 3961 1369 4042 ὑπὲρ
1407 3965 1496 4033 τῆς
1541 3964 1708 4020 αὑτῶν

169 4051 396 4128 πατρίδος
413 4049 556 4108 ἀλλὰ
576 4051 669 4108 καὶ
695 4048 871 4120 πάσης
897 4053 988 4120 τῆς
1013 4048 1266 4114 Ἑλλάδος
1289 4051 1358 4114 ὡς
1387 4051 1558 4118 κοινῆς
1585 4048 1703 4118 ήθε·

173 4137 252 4192 λον
269 4136 634 4208 ἀποθνήσκειν.
659 4139 732 4196 Οἱ
755 4139 876 4212 γοῦν
897 4137 948 4193 ἐν
977 4139 1265 4214 Μαραθῶνι
1289 4133 1709 4212 παραταξάμενοι

169 4222 261 4286 τοῖς
288 4221 571 4300 βαρὸάροις
595 4221 689 4279 τὸν
722 4220 773 4288 ἐξ
804 4221 1012 4291 ἁπάσης
1039 4225 1129 4291 τ’ῆς
1153 4221 1325 4287 Ἀσίας
1347 4221 1528 4280 στόλον
1548 4219 1707 4300 ἐκρά-

173 4331 344 4380 τησαν,
375 4309 480 4375 τοῖς
511 4311 662 4374 ἰδίοις
691 4306 942 4372 κινδύνοις
981 4307 1154 4378 κοινὴν
1197 4307 1372 4365 ἄδειαν
1410 4306 1576 4365 ἅπασι
1603 4311 1708 4373 τοῖς

169 4393 384 4464 Ἕλλησι
413 4395 715 4472 κτώμενοι,
746 4397 840 4452 οὐκ
879 4394 964 4453 ἐπὶ
992 4401 1056 4474 τῇ
1083 4395 1200 4470 δόξῃ
1219 4394 1355 4470 μέγα
1384 4399 1703 4474 φρονοῦντες,

183 4479 377 4502 -----

111 4582 150 4621 ιε
173 4569 475 4644 προστάτας,
504 4571 611 4625 τῶν
645 4567 701 4624 δὲ
733 4566 1014 4646 βαρὸάρων
1037 4566 1293 4633 δεσπότας
1321 4566 1530 4634 ἑαυτοὺς
1553 4575 1702 4627 καθι·

171 4653 378 4720 στάντες·
395 4656 454 4712 οὗ
477 4653 586 4732 γὰρ
609 4653 754 4732 λόγῳ
764 4652 858 4722 τὴν
888 4653 1070 4730 ἀρετὴν
1091 4654 1416 4724 ἐπετήδευον,
1438 4655 1552 4713 ἀλλ’
1571 4654 1704 4734 ἔργῳ

172 4750 312 4798 πᾶσιν
329 4743 711 4801 ἐπεδείκνυντο.
744 4741 1352 4820 (ιοε)’1“οιγαρο’ὗν,οὕτως
1373 4733 1504 4813 ἦσαν
1529 4741 1705 4820 ἄνδρες

175 4829 420 4886 σπουδαῖοι
449 4828 543 4886 καὶ
569 4831 724 4904 κοινῇ
752 4829 842 4884 καὶ
865 4828 970 4907 ἰδίᾳ
1001 4831 1047 4886 οἱ
1069 4829 1184 4888 τότε
1209 4828 1302 4900 τὴν
1330 4829 1480 4886 πόλιν
1507 4833 1702 4888 οἰκοῦν-

173 4935 272 4985 τες,
299 4914 430 4974 ὥστε
477 4916 588 4980 τοῖς
628 4914 1004 4992 ἀνδρειοτάτοις
1043 4915 1470 4990 Λακεδαιμονίοις
1513 4917 1568 4973 ἐν
1603 4921 1706 4984 τοῖς

175 4998 440 5078 ἔμπροσθεν
463 5001 682 5081 χρόνοις
703 5003 987 5078 πολεμοῦσι
1011 5003 1138 5081 πρὸς
1161 5004 1483 5074 Μεσσηνίους
1509 5006 1706 5063 ἀνεῖλεν

176 5087 322 5153 ὁθεὸς
358 5089 480 5167 παρ’
512 5091 676 5164 ἡμῶν
707 5089 941 5164 ἡγεμόνα
983 5089 1160 5148 λαθεῖν
1196 5089 1286 5147 καὶ
1323 5090 1548 5160 νικήσειν
1585 5089 1703 5158 τοὺς

177 5173 426 5243 ἐναντίως.
451 5178 652 5235 Καίτοι
686 5177 731 5232 εἷ
753 5177 858 5232 τῶν
879 5175 966 5255 ἀφ’
993 5174 1310 5257 Ἡρακλέους
1330 5177 1703 5256 γεγενημένων,

1099 463 1430 524 LYCURGl
1468 465 1586 524 ou.
1629 464 1933 525 CONTRA
1978 465 2457 526 LEOCRATEM.
3272 483 3343 532 la

1887 599 2143 650 tridentem
2166 603 2381 651 erectum
2406 602 2453 650 in
2478 601 2611 650 urbis
2630 601 2989 654 fundaminibus

1891 689 2154 750 Eumolpus
2170 691 2255 738 ant
2277 689 2537 738 Thrac-icus
2559 689 2715 752 cingat
2733 691 2941 752 populus

1889 775 2105 835 coronis,
2131 775 2281 824 Pallas
2306 779 2467 824 antem
2488 789 2583 825 non
2604 776 2879 828 honoretur.

1895 862 2121 922 utimini,
2140 863 2267 912 cives
2278 898 2293 922 ,
2313 863 2431 912 meis
2448 865 2725 934 puerperiis,

1887 951 2005 999 salvi
2029 953 2206 1012 estote,
2224 951 2401 1000 vincite
2424 971 2435 1000 :
2458 953 2573 1002 nihil
2599 966 2693 1002 una
2711 955 2869 1004 anima
2888 956 3119 1018 impediet

1887 1037 2145 1099 quominus
2170 1037 2291 1088 hanc
2310 1039 2477 1087 urbem
2496 1053 2585 1100 ego
2604 1040 2737 1089 vobis
2762 1043 2987 1104 sospitem
3014 1047 3251 1106 pratens.

1890 1128 1933 1172 Ο
1955 1125 2136 1186 patria,
2156 1125 2343 1174 utinam
2366 1139 2535 1176 omnes
2552 1130 2637 1188 qui
2662 1133 2710 1176 te
2736 1127 2950 1180 incolunt

1889 1214 1955 1260 ita
1974 1215 2022 1260 te
2038 1216 2257 1261 amarent
2280 1213 2351 1262 uti
2374 1216 2490 1274 ego!
2522 1214 2737 1263 relic-iter

1887 1299 1939 1346 te
1956 1297 2293 1354 laederemus,
2322 1303 2370 1348 et
2392 1299 2507 1348 nihil
2530 1302 2765 1363 acciperes
2786 1303 2915 1352 mali.

1863 1433 1964 1474 101.
2000 1429 2143 1488 llaec,
2176 1427 2379 1490 indices,
2415 1428 2581 1479 docuit
2616 1434 2775 1492 patres
2807 1435 3007 1484 vestros.
3030 1437 3189 1490 Quum
3222 1437 3349 1486 enim

1799 1516 1971 1561 natura
2002 1513 2100 1562 sint
2136 1519 2352 1563 amantes
2387 1515 2565 1564 sobolis
2598 1530 2765 1568 omnes
2801 1522 3005 1580 matres,
3049 1521 3170 1570 hanc
3210 1522 3351 1573 tinxit

1799 1600 2003 1661 patriam
2037 1601 2207 1662 majori
2240 1615 2403 1650 amore
2416 1607 2718 1666 prosecutam
2741 1617 2889 1670 quam
2915 1607 3117 1668 liberos,
3138 1609 3349 1658 indicans

1797 1699 1880 1748 per
1899 1687 2020 1748 boc,
2044 1687 2213 1750 quodsi
2236 1689 2459 1738 mulieres
2478 1689 2569 1738 boc
2592 1691 2801 1744 audeant
2846 1693 3031 1754 facere,
3058 1694 3184 1744 viros
3201 1709 3345 1758 opor·

1797 1775 1898 1822 tere
1944 1774 2307 1837 inexsuperabili
2356 1775 2563 1840 quadam
2606 1779 2938 1829 benevolentia
2996 1795 3107 1842 erga
3142 1783 3347 1843 patriam

1796 1859 2116 1910 inflammatos
2135 1875 2251 1924 esse,
2272 1876 2429 1924 neque
2447 1863 2669 1924 fugiendo
2684 1867 2833 1928 ipsam
2848 1865 3175 1929 derelinquere
3196 1882 3351 1930 neque

1796 1945 2082 1997 dedecorare
2107 1950 2234 2012 apud
2266 1963 2432 2000 omnes
2452 1954 2673 2013 Graecos,
2702 1951 2899 2016 perinde
2920 1955 3065 2016 atque
3090 1955 3203 2004 fecit
3236 1959 3348 2006 Leo·

1797 2037 1969 2084 crates.

1867 2130 1972 2172 102.
2009 2124 2135 2172 Volo
2170 2127 2335 2174 antem
2358 2126 2492 2176 vobis
2530 2128 2793 2178 Homerum
2830 2143 3027 2192 qnoque
3048 2144 3161 2181 cum
3204 2132 3345 2181 laude

1797 2213 1951 2271 poetoe
1964 2210 2183 2272 allegare.
2204 2213 2333 2262 Adeo
2351 2214 2479 2262 enim
2498 2217 2729 2276 putarunt
2747 2219 2905 2278 patres
2928 2220 3076 2267 nostri
3096 2220 3347 2269 honestum

1795 2312 1896 2346 esse
1913 2303 2103 2360 poetam
2116 2335 2130 2358 ,
2156 2303 2210 2347 ut
2230 2300 2383 2362 legem
2404 2301 2683 2360 sanxerint,
2700 2316 2785 2364 per
2808 2304 2993 2366 singula
3008 2306 3340 2369 quinquenna-

1799 2385 1862 2433 lia
1899 2386 2325 2435 Panathenaeorum
2362 2387 2481 2436 festa
2505 2389 2653 2438 solius
2686 2389 2831 2452 hujus
2864 2405 2963 2453 prm
2989 2393 3096 2442 aliis
3126 2394 3350 2445 omnibus

1795 2475 1950 2532 poetm
1984 2473 2197 2522 carmina
2227 2487 2327 2522 esse
2364 2475 2633 2536 recitanda,
2674 2477 2855 2526 Graecis
2896 2479 2961 2528 ita
3002 2485 3347 2542 argumentum

1795 2559 2127 2620 praebentesae
2158 2573 2319 2610 rerum
2352 2562 2713 2623 praeclarissime
2730 2568 2970 2626 gestarum
3004 2567 3348 2630 expositionem

1795 2646 1965 2696 ceteris
1978 2647 2226 2696 anteferre.
2256 2647 2407 2710 idque
2430 2649 2601 2698 merito
2622 2664 2635 2698 :
2660 2650 2786 2712 leges
2806 2651 2935 2701 enim
2970 2653 3033 2702 oh
3056 2653 3345 2704 brevitatem

1794 2745 1931 2780 mam
1956 2745 2051 2782 non
2074 2733 2249 2783 docent
2282 2734 2366 2784 sed
2394 2735 2629 2798 imperant
2659 2750 2769 2799 quae
2794 2738 2892 2789 [ieri
2916 2743 3135 2802 oporteat
3150 2758 3165 2802 ς
3193 2746 3348 2805 poetm

1795 2823 1959 2868 autem
1974 2819 2215 2870 imitantes
2229 2821 2491 2870 humanam
2506 2824 2674 2887 vitam,
2694 2827 3077 2887 praeclarissimas
3092 2841 3165 2877 τω
3182 2829 3347 2890 eligen-

1795 2909 1868 2954 ιω
1879 2943 1895 2966 ,
1916 2919 2029 2956 cum
2044 2907 2229 2957 ratione
2242 2910 2290 2958 et
2305 2909 2711 2960 demonstratione
2726 2913 3009 2964 mortalibus
3040 2916 3345 2978 persuadent.

1800 2993 1931 3054 (10³)
1968 2995 2149 3044 Hector
2177 3007 2385 3058 namque
2400 3031 2417 3058 ‚
2440 2997 2659 3058 Troianis
2678 2997 2909 3048 mandans
2930 3001 2985 3048 nt
3002 3012 3089 3060 pro
3110 3002 3259 3062 patria
3276 3001 3348 3049 di·

1799 3079 2003 3142 micent,
2022 3081 2127 3130 haec
2143 3081 2296 3143 dixit,

1862 3221 2045 3268 Verum
2064 3223 2273 3282 pugnate
2289 3221 2351 3270 ad
2366 3235 2516 3272 naves
2536 3223 2755 3274 conserti.
2776 3225 2871 3282 Qui
2893 3227 3055 3274 autem
3074 3228 3287 3276 vestrum

1860 3307 2139 3358 vnlneratus
2149 3309 2225 3358 vel
2242 3321 2491 3370 percussus
2498 3313 2704 3360 mortem
2714 3312 2925 3362 etratum
2934 3316 3179 3364 assecutus
3186 3315 3347 3378 ruerit,

1859 3395 2112 3445 moriatur.
2134 3398 2241 3446 Non
2263 3397 2307 3445 ei
2328 3397 2603 3446 indecorum
2628 3399 2858 3462 pugnanti
2879 3411 2966 3461 pro
2982 3401 3136 3462 patria

1859 3481 2011 3546 mori;
2030 3482 2113 3532 sed
2134 3496 2260 3533 uxor
2281 3485 2413 3534 salva
2429 3487 2479 3533 et
2500 3484 2635 3534 liberi
2662 3485 2711 3534 in
2740 3487 2981 3546 posterum
2996 3523 3011 3548 ,

1860 3571 1908 3618 et
1926 3570 2100 3620 domus
2114 3573 2165 3620 et
2192 3570 2533 3632 patrimonium
2560 3572 2823 3634 integrum,
2844 3573 2883 3620 si
2910 3575 3073 3622 Achivi

1861 3656 2035 3706 abeant
2058 3669 2173 3706 cum
2191 3656 2395 3706 navibus
2412 3657 2637 3707 dilectam
2662 3659 2711 3706 in
2731 3658 2935 3720 patriam
2962 3663 3159 3712 terram.

1867 3798 1972 3844 104.
2010 3797 2126 3843 Haec
2157 3794 2371 3842 carmina
2406 3793 2683 3856 audientes,
2711 3794 2929 3857 judices,
2960 3799 3163 3860 majores
3200 3805 3347 3853 vestri

1801 3881 2007 3942 taliaque
2046 3893 2192 3942 opera
2226 3880 2509 3928 aemulantes
2541 3881 2789 3942 tantopere
2831 3881 3120 3932 studuerunt
3151 3887 3347 3949 virtuti,

1799 3969 1854 4016 ut
1885 3981 1981 4016 non
2005 3969 2161 4016 solum
2198 3979 2286 4028 pro
2323 3979 2413 4016 sua
2434 3967 2517 4028 ipsi
2549 3967 2701 4029 patria
2720 4003 2733 4027 ,
2762 3981 2929 4017 verum
2953 3970 3097 4019 etiam
3126 3973 3349 4023 universa

1800 4055 1983 4103 Graecia
2018 4067 2105 4103 ceu
2132 4053 2406 4114 communi,
2437 4053 2677 4104 voluerint
2708 4056 2846 4102 mori.
2914 4055 2985 4106 Ad
3019 4059 3345 4112 Marathonem

1798 4142 1959 4203 itaque
1992 4143 2283 4202 opponentes
2322 4153 2423 4189 sese
2458 4138 2671 4189 barbaris
2710 4141 2861 4190 totius
2909 4143 3031 4191 Asioe
3073 4147 3345 4200 exercitum

1801 4227 2044 4286 vicerunt,
2076 4227 2275 4289 propriis
2298 4227 2521 4288 periculis
2543 4239 2849 4276 communem
2872 4232 3175 4280 securitatem
3198 4235 3346 4284 omni-

1797 4314 1887 4363 bus
1907 4314 2090 4363 Gra-cis
2114 4315 2447 4374 comparantes
2464 4349 2478 4372 ,
2502 4327 2599 4362 non
2616 4313 2678 4360 ob
2698 4314 2902 4363 nominis
2923 4315 2997 4363 sui
3020 4318 3344 4371 celebritatem

1795 4413 1897 4450 sese
1915 4401 2187 4449 attollentes
2199 4435 2213 4458 ,
2238 4398 2321 4448 sed
2346 4399 2477 4461 quod
2498 4413 2571 4448 τω
2589 4398 2738 4460 gloria
2756 4413 2843 4448 sua
2861 4401 3027 4462 dignas
3046 4411 3341 4468 peragerent,

1797 4493 2073 4539 Graecorum
2102 4485 2296 4548 quidem
2324 4485 2574 4548 praesides,
2604 4485 2913 4535 barbarorum
2946 4491 3106 4537 autem
3126 4490 3345 4544 dominoe

1793 4574 2263 4624 seseconstituentes
2289 4587 2303 4620 ·.
2329 4585 2426 4620 non
2448 4573 2574 4620 enim
2596 4572 2743 4621 verbo
2768 4574 2935 4622 virtuti
2955 4575 3235 4639 studebant,
3260 4581 3343 4630 sed

1793 4677 1939 4726 opere
1971 4661 2159 4710 cunctis
2188 4661 2595 4710 demonstrabant.
2627 4662 2757 4722 (¹05)
2784 4663 2985 4712 Proinde
3006 4643 3125 4714 adeo
3150 4667 3343 4720 luerunt

1795 4751 1884 4799 viri
1905 4749 2140 4798 honestati
2162 4747 2309 4797 dediti
2334 4751 2381 4797 et
2408 4747 2595 4810 publice
2625 4751 2672 4796 et
2702 4749 2926 4810 privatim
2946 4751 3114 4800 urbem
3136 4755 3238 4804 tum
3264 4757 3342 4806 in—

1795 4825 2023 4897 colentes,
2044 4837 2097 4884 ut
2120 4835 2387 4884 fortissimis
2407 4835 2774 4884 Lacedaemoniis
2794 4837 3031 4898 prioribus
3049 4840 3344 4902 temporibus

1795 4925 1976 4973 bellum
1995 4923 2269 4984 gerentibus
2292 4921 2545 4971 adversum
2570 4923 2824 4972 Messenios
2840 4926 3089 4974 oraculum
3112 4927 3229 4979 deus
3246 4931 3343 4982 edi-

1793 5011 1947 5070 derit,
1973 5023 2071 5071 quo
2090 5009 2280 5070 jusserit
2302 5011 2357 5058 nt
2378 5023 2406 5058 a
2430 5009 2566 5058 nobis
2582 5007 2751 5058 ducem
2778 5011 3073 5074 acciperent,
3092 5015 3341 5068 victoriam

1793 5099 1860 5146 ita
1894 5099 1955 5146 de
1991 5097 2207 5146 hostibus
2247 5096 2461 5145 relaturi.
2528 5095 2705 5158 Atqui,
2748 5097 2789 5145 si
2828 5097 2883 5148 ils
2915 5101 2997 5162 qui
3030 5100 3091 5150 ab
3138 5105 3343 5154 Hercule

1791 5182 1979 5235 oriundi
2002 5183 2127 5246 apud
2152 5187 2407 5246 Spartanos
2436 5182 2611 5246 regiam
2634 5196 2823 5248 semper
2846 5185 3011 5236 tenent
3037 5187 3339 5250 dignitatem,

3104 5288 3149 5325 a.
