3825 5834
466 509 575 561 tos

463 629 609 696 δόξας
636 626 838 706 ἔχοντες
863 622 999 682 κατὰ
1028 625 1129 680 τῶν
1160 623 1425 698 λογισμῶν
1441 644 1455 658 ·
1490 621 1607 678 ἀλλ’
1636 616 1778 696 ὅμως
1800 616 2008 676 ἐπειδὰν

386 740 437 780 ιο
464 721 491 774 δ
536 713 781 792 λογισμὸς
820 713 1277 788 συγκεφαλαιωθῇ,
1314 707 1475 772 οὐδεὶς
1518 709 1663 783 ὑμῶν
1704 709 1841 764 ἔστιν
1876 704 2011 764 οὕτω

464 802 707 865 δύσκολος
730 798 825 868 τὴν
852 796 1025 876 φύσιν,
1058 794 1194 861 ὅστις
1218 797 1312 854 οὐκ
1334 794 1621 873 ἀπέρχεται
1650 793 1787 852 τοῦθ’
1816 795 2010 868 ὁμολο-

461 892 629 965 γήσας
658 883 747 944 καὶ
770 881 1041 949 ἐπινεύσας
1070 881 1253 952 ἀληθὲς
1280 873 1413 939 εἶναι
1444 881 1475 938 ὅ
1500 904 1551 940 τι
1578 880 1641 940 ἂν
1670 879 1820 946 αὐτὸς
1856 884 1883 937 ὁ
1921 882 2009 937 λο-

463 973 646 1051 γισμὸς
685 973 827 1049 αἱρῇ.
912 970 1003 1046 (ου)
1034 966 1293 1028 Οὸτωκαὶ
1332 973 1418 1026 νῦν
1450 965 1547 1038 τὴν
1579 966 1825 1046 ἀκρόασιν
1853 965 2014 1036 ποιή-

466 1065 641 1118 σασθε.
670 1057 737 1118 Et
753 1078 885 1122 τινες
907 1058 1049 1132 ὑμῶν
1070 1055 1129 1112 ε’κ
1152 1057 1253 1111 τῶν
1268 1052 1559 1130 ἔμπροσθεν
1578 1051 1775 1130 χρόνων
1800 1049 2014 1122 ἥκουσιν

468 1144 663 1202 οἴκοθεν
698 1142 941 1212 τοιαύτην
975 1139 1179 1218 ἔχοντες
1209 1139 1298 1210 τὴν
1328 1139 1503 1213 δόξαν,
1530 1143 1599 1204 ὥς
1627 1137 1729 1216 ἄρα
1765 1140 1795 1195 ὁ
1834 1143 2015 1212 Δημο-

472 1229 653 1302 σθένης
695 1227 840 1288 οὐδὲν
870 1226 1079 1286 πώποτε
1122 1227 1323 1306 εἴρηκεν
1364 1224 1493 1306 ὑπὲρ
1531 1225 1801 1286 Φιλίππου
1828 1221 2018 1290 συστὰς

474 1317 608 1394 μετὰ
655 1313 1046 1394 Φιλοκράτους,
1088 1346 1166 1357 -
1209 1309 1347 1378 ὅστις
1388 1312 1525 1372 οὕτω
1570 1311 1852 1383 διάκειται,
1890 1307 2016 1388 μήτ’

393 1426 446 1469 15
474 1402 757 1480 ἀπογνώτω
783 1400 943 1476 μηδὲν
971 1397 1102 1476 μήτε
1125 1398 1444 1475 καταγνώτω
1471 1397 1591 1479 πρὶν
1614 1396 1677 1455 ἂν
1707 1395 1902 1473 ἀκούσῃ
1921 1418 1934 1431 ·
1960 1396 2017 1451 οὗ

474 1490 571 1568 γὰρ
600 1487 794 1547 δίκαιον
818 1507 829 1520 ·
880 1487 995 1543 ἀλλ’
1038 1483 1127 1544 ἐὰν
1174 1487 1303 1561 ἐμοῦ
1349 1483 1433 1543 διὰ
1473 1484 1710 1564 βραχέων
1760 1481 2019 1553 ἀκούσητε

472 1573 951 1651 ὑπομιμνήσκοντος
968 1571 1083 1638 τοὺς
1104 1569 1311 1649 καιροὺς
1337 1571 1507 1630 καὶτὸ
1529 1570 1775 1651 ψήφισμα
1794 1588 2017 1648 παρεχο·

476 1663 631 1739 με’νου
670 1659 698 1717 ὃ
741 1658 875 1734 μετὰ
902 1657 1262 1736 Φιλοκράτους
1301 1657 1495 1738 ἔγραψε
1532 1657 1899 1732 Δημοσθένης,
1932 1653 2019 1713 ἐὰν

475 1747 625 1812 αὐτὸς
670 1749 699 1803 δ
736 1749 829 1816 τῆς
870 1745 1113 1816 ἀληθείας
1146 1742 1389 1820 λογισμὸς
1428 1739 1875 1820 ἐγκαταλαμβάνῃ
1932 1739 2019 1798 τὸν

476 1831 815 1908 Δημοσθένην
850 1829 1015 1889 πλείω
1043 1830 1138 1906 μὲν
1172 1829 1467 1909 γεγραφότα
1505 1828 1819 1909 ψηφίσματα
1854 1828 2022 1886 Φιλο-

475 1918 693 1997 κράτους
724 1917 849 1996 περὶ
880 1922 973 1988 τῆς
1020 1915 1070 1984 ἐξ
1106 1919 1271 1994 ἀρχῆς
1316 1915 1519 1993 εἰρήνης
1553 1915 1643 1974 καὶ
1679 1914 2020 1992 συμμαχίας,

478 2009 564 2081 (οι)
608 2006 722 2063 καθ’
764 2003 1057 2082 ὓπερὸολὴν
1098 2002 1151 2060 δὲ
1192 2002 1438 2080 αἰσχύνης
1464 2000 1879 2060 κεκολακευκότα
1912 1998 2016 2060 Φί-

394 2116 451 2156 20
480 2094 668 2150 λιππον
690 2088 914 2156 καὶτοὺς
942 2089 1068 2167 παρ’
1092 2087 1287 2146 ἐκείνου
1305 2086 1548 2165 πρέσὸεις
1563 2131 1579 2158 ,
1606 2087 1768 2145 αἴτιον
1794 2084 1849 2144 δὲ
1870 2108 2020 2163 γεγο·

478 2177 601 2236 νότα
624 2181 698 2256 τῷ
722 2175 873 2256 δήμῳ
895 2182 983 2235 τοῦ
1014 2175 1089 2254 μὴ
1123 2174 1257 2251 μετὰ
1285 2180 1455 2234 κοινοῦ
1481 2173 1743 2254 συνεδρίου
1772 2177 1877 2232 τῶν
1896 2172 2022 2234 Ἑλ·

478 2265 647 2336 λήνων
681 2261 997 2333 ποιήσασθαι
1031 2261 1124 2331 τὴν
1172 2261 1397 2339 εἰρήνην,
1432 2259 1637 2320 ἔκδοτον
1682 2259 1736 2318 δὲ
1769 2258 2026 2340 Φιλίππῳ

478 2349 798 2423 πεποιηκότα
825 2347 1224 2429 Κερσοὸλέπτην
1246 2346 1333 2406 τὸν
1356 2345 1569 2428 Θρᾴκης
1593 2345 1837 2425 βασιλέα,
1862 2346 2024 2425 ἄνδρα

480 2437 624 2518 φίλον
672 2436 761 2494 καὶ
797 2435 1075 2513 σύμμαχον
1118 2437 1185 2514 τῇ
1232 2433 1413 2506 πόλει,
1468 2467 1547 2478 -
1593 2435 1682 2491 ἐὰν
1724 2435 1868 2491 ταῦθ’
1904 2433 2024 2508 ὑμῖν

483 2527 657 2602 σαφῶς
684 2521 947 2592 ἐπιδείξω,
978 2520 1232 2595 δεήσομαι
1256 2523 1401 2596 ὑμῶν
1436 2518 1649 2598 μετρίαν
1679 2518 1877 2590 δέησιν·
1906 2521 2024 2576 ἐπι-

483 2608 701 2667 νεύσατέ
752 2629 841 2682 μοι
882 2605 1008 2684 πρὸς
1058 2609 1185 2664 θεῶν
1235 2606 1321 2664 τὸν
1364 2609 1566 2685 πρῶτον
1612 2609 1715 2663 τῶν
1764 2606 2026 2684 τεττάρων

404 2719 459 2758 21.
488 2698 681 2771 καιρῶν
719 2692 793 2768 μὴ
828 2693 999 2758 καλῶς
1028 2691 1181 2748 αὐτὸν
1209 2694 1626 2751 πεπολιτεῦσθαι.
1657 2690 1803 2759 Λέξω
1836 2691 1889 2750 δὲ
1912 2689 2027 2750 ὅθεν

487 2781 716 2857 μάλιστα
742 2777 1246 2858 παρακολουθήσετε.

565 2884 637 2926 ss.
683 2860 929 2943 Ἔγραψε
975 2861 1313 2941 Φιλοκράτης
1352 2861 1539 2930 ἐξεῖναι
1579 2863 1838 2943 Φιλίππῳ
1882 2864 2030 2942 δεῦρο

486 2950 689 3031 κήρυκα
715 2951 803 3010 καὶ
838 2948 1079 3030 πρίσὸεις
1110 2947 1337 3023 πέμπειν
1362 2950 1482 3027 περὶ
1513 2950 1743 3030 εἰρήνης’
1786 2955 1938 3010 τοῦτο
1969 2949 2030 3008 τὸ

487 3040 732 3118 ψήφισμα
779 3038 978 3116 ἐγράφη
1016 3035 1355 3114 παρανόμων.
1400 3027 1567 3098 ἲἸ-Ικον
1610 3041 1655 3096 οἱ
1684 3042 1775 3108 τῆς
1810 3035 2028 3116 κρίσεως

487 3125 688 3204 χρόνοι·
720 3122 997 3201 κατηγόρει
1021 3121 1114 3198 μὲν
1148 3123 1366 3188 Λυκῖνος
1388 3126 1417 3180 ὁ
1443 3122 1773 3203 γραψάμενος
1789 3167 1807 3198 ,
1836 3125 2025 3182 ἀπελο-

488 3213 625 3290 γεῖτο
653 3209 707 3269 δὲ
736 3209 1097 3288 Φιλοκράτης,
1134 3211 1537 3288 συναπελογεῖτο
1566 3209 1623 3268 δὲ
1646 3211 1737 3268 καὶ
1763 3208 2025 3286 Δημοσθέ-

409 3318 463 3358 ao
489 3321 608 3366 νης·
639 3295 869 3376 ἀπέφυγε
906 3293 1256 3373 Φιλοκράτης.
1283 3293 1433 3354 Μετὰ
1477 3302 1641 3355 ταῦτα
1681 3295 1829 3374 ἐπῄει
1853 3296 2032 3376 χρόνος

489 3385 852 3462 Θεμιστοκλῆς
884 3379 1087 3460 ἄρχων·
1118 3383 1320 3439 ἐνταῦθ’
1347 3383 1635 3463 εἰσέρχεται
1662 3383 1938 3462 βουλευτὴς
1964 3385 2034 3450 εἰς

480 3469 556 3536 ,τὸ
580 3467 942 3548 βουλευτήριον
972 3466 1306 3544 Δημοσθένης
1327 3513 1343 3540 ,
1372 3470 1487 3527 οὔτε
1517 3467 1695 3548 λαχὼν
1720 3468 1825 3527 οὔτ’
1848 3470 2030 3526 ἐπιλα-

490 3554 616 3635 χών,
649 3556 764 3612 ἀλλ’
795 3557 854 3612 ἐκ
878 3559 1208 3634 παρασκευῆς
1236 3555 1549 3631 πριάμενος,
1576 3553 1642 3610 ἵν’
1674 3556 1743 3621 εἰς
1775 3551 2032 3633 ὑποδοχὴν

496 3641 703 3700 ἅπαντα
730 3641 822 3701 καὶ
867 3641 1006 3719 λέγοι
1048 3641 1139 3700 καὶ
1183 3639 1403 3718 πράττοι
1430 3640 1774 3718 Φιλοκράτει,
1802 3643 1871 3707 ὡς
1911 3640 2036 3698 αὐτὸ

492 3728 648 3796 ἔδειξε
670 3727 729 3786 τὸ
751 3728 918 3872 ἕρξον.
963 3727 1054 3806 (63)
1103 3729 1244 3803 Νικᾷ
1267 3725 1366 3805 γὰρ
1391 3725 1560 3805 ἕτερον
1588 3727 1835 3806 ψήφισμα
1862 3730 2036 3787 Φιλο-

492 3815 711 3894 κράτης,
737 3817 789 3872 ἐν
816 3839 843 3894 ι.
886 3815 1085 3874 κελεύει
1126 3814 1332 3872 ἑλέσθαι
1368 3813 1491 3871 δέκα
1534 3814 1809 3892 πρέσὸεις,
1854 3812 2037 3881 οἵτινες

496 3903 798 3981 ἀφικόμενοι
838 3901 963 3980 πρὸς
1009 3901 1278 3959 Φίλιππον
1332 3899 1635 3968 ἀξιώσουσιν
1682 3900 1835 3959 αὐτὸν
1890 3903 2037 3980 δεῦρο

412 4013 465 4050 ss
496 3987 737 4064 πρίσὸεις
778 3987 1159 4066 αὐτοκράτορας
1208 3986 1433 4062 πέμπειν
1488 3988 1619 4066 ὑπὲρ
1672 3991 1764 4058 τ’ἧς
1819 3987 2036 4066 εἰρήνης.

496 4072 711 4132 Τούτων
739 4065 809 4139 εἷς
834 4066 897 4144 ἦν
926 4072 1285 4149 Δημοσθένης.
1316 4076 1565 4132 Κάκεῖθεν
1582 4072 1854 4144 ἐπανήκων
1880 4076 2036 4132 ἐπαι-

494 4159 645 4229 νέτης
668 4152 731 4230 ἦν
756 4164 848 4230 τῆς
870 4159 1075 4238 εἰρήνης
1092 4203 1109 4230 ,
1134 4159 1224 4218 καὶ
1246 4159 1411 4218 ταύτὰ
1430 4169 1535 4228 τοῖς
1563 4161 1735 4226 ἄλλοις
1761 4158 2040 4239 πρέσὸεσιν

500 4245 791 4323 ἀπήγγελλε
809 4290 826 4318 ,
858 4246 946 4304 καὶ
995 4246 1146 4321 μόνος
1174 4249 1279 4303 τῶν
1325 4245 1497 4306 ἄλλων
1530 4249 1817 4326 βουλευτῶν
1846 4246 2040 4326 ἔγραψε

498 4333 808 4390 σπείσασθαι
843 4335 916 4412 τῷ
949 4331 1133 4411 κήρυκι
1170 4335 1245 4412 τῷ
1273 4335 1377 4390 ἀπὸ
1402 4339 1491 4392 τοῦ
1516 4333 1790 4394 Φιλίππου
1818 4333 1909 4393 καὶ
1936 4341 2040 4399 τοῖς

498 4417 793 4501 πρέσὸεσιν,
841 4419 1094 4478 ἀκόλουθα
1138 4417 1349 4498 γράφων
1395 4419 1745 4497 Φιλοκράτει·
1786 4423 1813 4476 δ
1851 4416 1947 4495 μέν
1983 4440 2042 4495 γε

498 4505 593 4577 τὴν
631 4506 859 4574 ἐξουσίαν
900 4505 1091 4564 δέδωκε
1120 4511 1209 4563 τοῦ
1252 4506 1400 4583 δεῦρο
1428 4506 1631 4586 κήρυκα
1680 4505 1770 4566 καὶ
1804 4503 2044 4584 πρέσὸεις

418 4610 473 4649 ευ
501 4591 830 4669 πέμπεσθαι,
858 4594 885 4649 ὁ
914 4589 969 4650 δὲ
1003 4595 1068 4668 τῇ
1095 4590 1347 4672 πρεσὸεία
1375 4591 1673 4652 σπένδεται.
1760 4593 1848 4668 (οι)
1868 4589 1952 4651 Τὰ
1987 4589 2040 4648 δὲ

507 4678 639 4753 μετὰ
682 4683 848 4737 ταῦτα
900 4677 1000 4748 ἤδη
1042 4699 1149 4753 ,μοι
1199 4676 1395 4757 σφόδρα
1438 4675 1720 4755 προσέχετε
1768 4674 1855 4734 τὸν
1904 4680 2042 4736 νοῦν.

510 4764 825 4843 Ἐπράττετο
834 4763 934 4843 γὰρ
948 4765 1007 4822 οὐ
1025 4763 1151 4844 πρὸς
1167 4763 1281 4830 τοὺς
1296 4764 1479 4829 ἄλλους
1487 4763 1725 4840 πρέσὸεις
1744 4761 1856 4829 τοὺς
1874 4759 2045 4821 πολλὰ

506 4849 979 4928 συκοφαντηθέντας
1006 4847 1215 4929 ὕστερον
1241 4851 1301 4907 ἔκ
1328 4848 1621 4924 μεταὸολῆς
1649 4846 1749 4906 ὑπὸ
1775 4844 2043 4924 Δημοσθέ-

504 4959 619 5001 νους
632 4979 650 5005 ,
677 4936 813 4994 ἀλλὰ
830 4936 957 5016 πρὸς
975 4934 1312 5014 Φιλοκράτην
1325 4934 1415 4993 καὶ
1429 4931 1765 5008 Δημοσθένην
1784 4930 2020 5012 (εἰκότως
2031 4954 2045 4968 ·

504 5021 620 5088 τοὺς
654 5019 767 5096 ἅμα
804 5021 897 5098 μὶν
934 5021 1309 5102 πρεσὸεύοντας
1326 5065 1342 5093 ,
1382 5019 1496 5096 ἅμα
1533 5019 1586 5078 δὲ
1622 5017 1689 5077 τὰ
1732 5018 2045 5099 ψηφίσματα

510 5108 852 5187 γράφοντας),
893 5131 935 5166 π
970 5111 1095 5167 ”ccv
1138 5107 1231 5185 μὲν
1269 5106 1407 5175 ὅπως
1445 5105 1518 5184 μὴ
1562 5105 1891 5186 περιμείνητε
1932 5103 2047 5174 τοὺς

506 5193 745 5274 πρέσόεις
792 5191 879 5264 οὓς
922 5131 1013 5267 ξε

1370 489 1733 551 ΑΙΣΧΙΝΟΥ
1774 489 1825 548 Ο
1867 488 2076 547 ΚΑΤΑ
2123 483 2692 544 ΚΤΗΣΙΦΩΝΤΟΣ.

3379 483 3646 566 (ειν-ιν)

2099 624 2316 674 collectas
2349 623 2544 684 ruerint,
2575 635 2718 672 nuno
2752 623 2977 671 nostrum
2998 619 3118 670 adso
3153 621 3404 684 prmtracto
3423 623 3497 670 est
3521 622 3644 682 inge·

2101 726 2208 785 nio,
2227 723 2344 786 quin
2381 723 2502 773 illud
2527 722 2776 773 discedens
2800 723 3007 772 fateatur
3039 725 3090 772 et
3123 725 3302 772 annuat
3321 735 3424 773 esse
3451 735 3616 772 verum
3629 759 3644 783 ,

2101 825 2438 889 quodcumque
2473 827 2574 890 ipsa
2613 825 2852 876 rationum
2886 824 3140 875 mbductio
3174 825 3384 875 evicerit.
3452 826 3552 888 (60)
3582 827 3648 876 lta

2102 928 2247 978 etiam
2275 941 2406 977 nunc
2429 929 2614 978 animos
2629 927 2878 978 attendite.
2917 928 2968 978 Si
2995 928 3104 990 quis
3125 929 3338 977 vestrum
3371 927 3520 977 talem
3547 927 3646 989 opi-

2104 1029 2297 1080 nionem
2309 1028 2598 1090 iamdudum
2617 1030 3008 1093 comprehensam
3028 1029 3173 1079 domo
3191 1029 3393 1090 detulit,
3422 1028 3546 1078 nihil
3561 1041 3650 1078 un·

2105 1143 2252 1193 quam
2281 1130 2679 1191 Demosthenem,
2716 1130 2922 1180 coitione
2958 1132 3084 1182 iacta
3105 1143 3218 1179 cum
3243 1131 3520 1182 Philocrate
3533 1165 3548 1190 ,
3571 1143 3652 1194 pm

2107 1231 2320 1294 Philippo
2338 1231 2512 1280 dixisse
2528 1267 2543 1292 ,
2579 1230 2734 1294 quieo
2751 1268 2767 1294 ‚
2785 1233 3000 1294 iuquam,
3033 1231 3196 1281 animo
3214 1235 3314 1294 est,
3331 1233 3372 1282 is
3393 1245 3553 1294 neque
3573 1232 3648 1280 ab·

2106 1331 2261 1380 solvat
2293 1343 2452 1392 neque
2481 1329 2783 1390 condemnet,
2799 1329 3076 1392 priusquam
3108 1329 3339 1391 audierit;
3359 1343 3518 1393 neque
3533 1329 3653 1378 enim

2107 1429 2157 1479 id
2189 1443 2381 1492 oequum
2400 1433 2472 1478 est
2508 1446 2524 1480 ι
2548 1431 2600 1480 at
2633 1429 2674 1480 si
2700 1443 2778 1480 me
2819 1430 2984 1493 paucis
3012 1430 3344 1480 auscultantis
3377 1433 3429 1480 ot
3445 1432 3656 1492 tempora

2109 1535 2564 1582 commemorantem
2624 1534 2675 1583 et
2721 1531 2966 1582 decretum
2983 1568 2998 1594 ,
3035 1531 3166 1596 quod
3212 1533 3486 1582 Philon-ate
3533 1531 3658 1582 socio

2107 1634 2294 1698 scripsit
2314 1634 2654 1684 Deumthenes
2663 1668 2681 1694 ,
2699 1633 3016 1698 proferentem
3027 1669 3044 1696 ,
3063 1633 3102 1684 si
3121 1635 3222 1697 ipsa
3239 1636 3456 1686 veritatis
3469 1635 3658 1684 ratioci-

2109 1735 2240 1786 natio
2256 1736 2622 1786 Demosthenem
2641 1735 2936 1798 implicatum
2949 1735 3223 1799 coarguerit
3240 1737 3380 1800 plura
3396 1738 3660 1788 Philocrate

2109 1838 2300 1888 decreta
2321 1837 2380 1886 de
2397 1839 2548 1900 prima
2559 1838 2640 1887 illa
2657 1851 2774 1902 pace
2791 1841 2839 1888 et
2857 1839 3084 1888 societate
3099 1839 3451 1903 conscripsisse,
3465 1842 3568 1902 (ot)
3581 1855 3660 1903 per

2115 1954 2361 1993 summum
2381 1953 2523 2006 porro
2549 1939 2756 1992 dedecus
2775 1941 2992 2005 Philippo
3011 1941 3208 2006 eiusque
3224 1941 3394 2005 legatis
3415 1943 3660 1994 mutatum

2112 2059 2231 2108 esse,
2255 2049 2304 2096 iu
2321 2060 2464 2096 causa
2481 2049 2708 2108 preterea
2731 2046 2872 2096 ruisse
2905 2046 3165 2110 quominus
3181 2047 3447 2110 respublica
3470 2061 3662 2098 consen-

2112 2150 2258 2199 tiente
2291 2152 2571 2200 Gmeorum
2605 2149 2806 2199 concilio
2843 2162 3012 2212 pacem
3047 2149 3250 2211 faceret,
3279 2153 3526 2213 postremo
3559 2155 3662 2200 cer·

2113 2253 2376 2316 sobleptem
2403 2267 2562 2316 regem
2597 2253 2838 2314 Thraciae,
2865 2255 3076 2304 amicum
3105 2255 3254 2316 atque
3278 2255 3468 2304 socium
3495 2258 3664 2304 nostroe

2114 2355 2343 2417 civitatis,
2392 2355 2610 2419 Philippo
2651 2355 2906 2406 tradidisse
2933 2369 2948 2404 t
2982 2357 3094 2405 haec
3135 2355 3176 2404 si
3210 2355 3348 2405 vohis
3399 2356 3666 2406 luculenter

2115 2459 2382 2519 ostendero,
2401 2473 2501 2510 rem
2523 2459 2885 2522 oequissimama
2909 2460 3044 2509 vohis
3063 2461 3242 2522 petam,
3265 2459 3511 2510 ihtesmini
3535 2459 3664 2518 mihi,

2115 2575 2200 2625 per
2234 2562 2348 2612 deos
2375 2563 2686 2624 immortales,
2717 2563 3088 2614 Demosthenem
3121 2561 3216 2612 hoc
3232 2565 3478 2626 tempore,
3497 2563 3626 2626 quod
3641 2577 3668 2612 e

2115 2665 2344 2728 quattuor
2360 2666 2568 2729 primum
2583 2670 2673 2727 est,
2690 2665 3032 2730 rempublicam
3049 2677 3145 2716 non
3161 2666 3282 2716 bene
3297 2665 3666 2717 administram.

2117 2767 2234 2818 Inde
2265 2769 2427 2817 autem
2452 2767 2638 2830 ordiar,
2665 2768 2794 2818 unde
2815 2767 3037 2818 hcillime
3057 2767 3282 2832 subsequi
3309 2769 3517 2830 possitis

2181 2877 2261 2919 62.
2290 2870 2514 2920 Decrevit
2533 2869 2823 2920 Philocrates
2835 2906 2850 2932 ,
2869 2875 2926 2920 ut
2942 2870 3278 2920 caduceatores
3295 2870 3392 2920 huc
3413 2871 3463 2920 et
3491 2872 3670 2932 legatos

2118 2958 2178 3006 de
2205 2970 2320 3019 pace
2345 2971 2402 3007 ac
2418 2957 2642 3008 societate
2663 2957 2878 3008 mittendi
2911 2957 3048 3019 copia
3063 2957 3259 3007 daretur
3294 2957 3538 3021 Phiiippo.
3571 2959 3670 3009 Sci·

2119 3046 2222 3093 tum
2246 3045 2362 3105 hoc,
2381 3045 2612 3108 tanquam
2635 3045 2818 3106 legibus
2829 3043 3078 3093 adversum
3091 3081 3106 3104 ,
3118 3043 3168 3093 iu
3181 3043 3263 3104 jus
3283 3047 3508 3094 vocatur.
3533 3046 3672 3096 Venit

2116 3130 2280 3193 iudicii
2319 3129 2436 3180 dies.
2500 3131 2765 3180 Accusabat
2807 3130 3010 3192 Lycinus
3042 3129 3128 3192 qui
3189 3129 3346 3180 dicam
3387 3131 3670 3194 scr-ipsein,

2121 3229 2310 3267 causam
2337 3217 2525 3266 dicebat
2557 3217 2870 3278 Philocrates,
2895 3219 3126 3280 patronus
3159 3218 3264 3267 erat
3299 3220 3666 3268 Demosthenes.

2121 3303 2378 3354 Absolutus
2399 3305 2472 3354 est
2497 3304 2794 3354 Philocrates.
2859 3307 2973 3354 Post
2995 3303 3101 3354 haec
3113 3303 3304 3355 subibat
3329 3307 3524 3366 tempus
3537 3341 3554 3366 ,
3576 3318 3673 3368 quo

2123 3391 2312 3440 Archon
2331 3392 2435 3441 erat
2463 3391 2828 3441 Themistocles.
2891 3393 3018 3441 ‘rum
3041 3391 3090 3440 in
3113 3391 3296 3440 curiam
3325 3393 3524 3441 senator
3549 3393 3675 3442 venit

2123 3479 2486 3539 Demosthenes,
2510 3491 2665 3540 neque
2701 3481 2828 3528 sorte
2853 3491 3009 3540 neque
3039 3478 3300 3530 subsortito
3341 3493 3524 3529 munus
3561 3479 3674 3529 illud

2125 3569 2434 3626 consecutus,
2455 3565 2542 3616 sed
2567 3565 2774 3615 coitione
2795 3565 2918 3615 iacta
2949 3565 3242 3616 nundinatus
3255 3601 3272 3628 ,
3295 3567 3352 3616 ut
3370 3566 3604 3618 omnibus
3629 3569 3678 3616 et

2123 3652 2262 3702 dictis
2290 3654 2340 3702 et
2373 3652 2511 3702 sactis
2545 3652 2798 3701 Philocrati
2847 3651 3166 3714 subserviret,
3193 3652 3437 3714 quomodo
3475 3667 3560 3704 res
3581 3655 3677 3716 ipsa

2125 3737 2398 3788 declaravit.
2464 3739 2562 3799 (ns)
2595 3739 2833 3789 Pervincit
2855 3739 2982 3788 enim
3014 3739 3222 3788 aiterum
3235 3739 3484 3790 decretum
3515 3741 3676 3791 Philo·

2126 3827 2306 3886 crates,
2339 3839 2436 3887 qno
2459 3825 2598 3886 jubet
2617 3825 2784 3874 decem
2807 3825 2982 3887 legatos
3001 3823 3170 3887 deligi,
3191 3825 3276 3887 qui
3303 3823 3368 3874 a]
3403 3826 3676 3890 Philippum

2129 3911 2326 3973 profecti
2351 3911 2592 3973 postulent
2607 3911 2670 3959 ab
2692 3923 2776 3972 eo,
2796 3914 2851 3961 ut
2869 3910 3048 3972 legatos
3069 3911 3132 3960 de
3147 3923 3266 3973 pace
3285 3911 3423 3973 plena
3435 3915 3678 3974 potestate

2127 3997 2218 4046 inst
2225 3999 2386 4046 ructus
2403 3997 2495 4046 huc
2517 3997 2780 4048 mandaret.
2875 3999 2950 4046 Ex
2971 3997 3048 4048 his
3063 4009 3188 4048 unus
3199 4000 3304 4047 erat
3317 4000 3678 4049 Demosthenes.

2129 4085 2222 4140 Qui
2255 4084 2384 4132 illinc
2403 4095 2624 4133 reversus
2641 4082 2860 4133 laudator
2878 4083 3009 4145 pacis
3025 4083 3142 4144 i'uit,
3167 4083 3432 4145 eademque
3445 4087 3600 4147 atque
3617 4097 3682 4134 re·

2127 4171 2244 4232 liqui
2254 4171 2396 4232 legati
2411 4169 2721 4231 renuntiavit,
2739 4171 2868 4222 solus
2879 4172 3042 4220 autem
3061 4183 3122 4220 ex
3139 4170 3438 4220 senatoribus
3447 4169 3680 4230 detumit,

2129 4265 2186 4312 ut
2223 4277 2332 4312 cum
2369 4263 2572 4324 Philippi
2607 4263 2921 4314 caduceatore
2943 4266 2996 4314 et
3020 4263 3186 4325 legatis
3221 4262 3378 4314 toedus
3399 4263 3678 4324 tet-iremm,

2133 4356 2272 4419 plane
2289 4355 2348 4405 iis
2369 4357 2684 4404 consentanea
2697 4353 2908 4404 scribetis
2923 4368 3035 4416 quoe
3052 4355 3331 4406 decreverat
3353 4355 3652 4407 Philocrates
3665 4375 3680 4406 ε

2131 4450 2212 4499 ille
2243 4449 2371 4500 enim
2395 4451 2676 4512 potestatem
2709 4447 2840 4498 dedit
2871 4449 2929 4497 ut
2961 4447 3298 4498 caduceatores
3329 4448 3428 4498 huc
3447 4451 3500 4499 et
3539 4449 3680 4513 legati

2133 4543 2453 4602 mitterentur,
2481 4543 2563 4591 hic
2597 4554 2708 4591 cum
2733 4541 2900 4604 legatis
2925 4539 3079 4591 ioedus
3115 4542 3215 4591 icit.
3281 4541 3382 4604 (64)
3411 4543 3525 4592 Jam
3565 4555 3684 4592 vero

2131 4636 2192 4687 ad
2215 4651 2270 4687 ea
2295 4649 2407 4699 quae
2426 4637 2692 4698 sequuntur
2709 4635 3016 4685 vehementer
3037 4645 3202 4697 quaiso
3223 4634 3412 4685 animos
3427 4636 3680 4686 attendite.

2134 4732 2248 4779 Acta
2263 4729 2389 4779 enim
2408 4729 2521 4778 sunt
2539 4741 2636 4777 non
2653 4727 2754 4790 lam
2777 4727 2904 4791 apud
2921 4729 3107 4778 ceteros
3121 4727 3302 4790 legatos
3321 4741 3350 4777 a
3363 4730 3686 4779 Desnostheus

2131 4826 2293 4886 postea
2312 4821 2575 4872 mutatione
2597 4821 2724 4870 facta
2739 4834 2823 4883 per
2841 4820 3134 4870 calumniam
3151 4819 3360 4870 multum
3381 4821 3653 4883 exagitatos
3667 4855 3682 4878 ‚

2135 4916 2220 4968 sed
2242 4929 2454 4966 seorsum
2479 4914 2606 4979 apud
2629 4915 2946 4965 Philocratem
2965 4917 3016 4964 et
3037 4914 3407 4965 Demosthenem
3427 4914 3621 4977 (neque
3639 4913 3684 4962 id

2135 5012 2310 5059 mirum
2328 5045 2342 5070 ,
2370 5009 2545 5072 quippe
2563 5008 2645 5072 qui
2677 5020 2775 5059 una
2795 5007 3076 5071 legationem
3098 5007 3343 5069 obierant,
3367 5021 3464 5057 una
3495 5006 3684 5056 decreta

2134 5103 2392 5165 fecerant),
2417 5101 2624 5164 primum
2637 5136 2652 5162 ,
2679 5103 2737 5150 ut
2753 5101 2948 5162 legatos,
2966 5100 3050 5162 qui
3073 5111 3102 5148 a
3128 5097 3260 5148 vobis
3277 5099 3406 5150 missi
3425 5103 3621 5151 Graecos
3639 5101 3684 5152 iu

1061 5195 1445 5276 ἐκπεπομφότες
1490 5194 1913 5273 παρακαλοῦντες
1960 5191 2047 5251 ἐπὶ
2137 5197 2406 5261 Philippum
2422 5193 2742 5256 concitabant,
2773 5207 2868 5244 non
2900 5192 3259 5256 exqtectaretis,
3285 5205 3346 5243 ne
3367 5194 3684 5244 communiter
