3825 5834
128 439 382 508 (isi—isi)

983 438 1358 499 AEscles
1397 441 1519 500 OR-
1573 438 1872 502 CONTRA
1913 444 2397 507 TIMARCllUM.
3218 469 3289 518 63

125 565 344 630 τοιαύτας
361 564 558 646 φύσεις,
582 567 680 624 καὶ
697 566 766 624 τὰ
787 571 888 625 τῶν
907 567 1034 626 νέων
1053 570 1338 646 ζηλώματα
1361 571 1444 628 ἐπ’
1465 572 1652 652 ἀρετὴν
1747 579 2076 641 Athenien-sm,
2115 583 2227 632 talia
2262 583 2445 646 ingenia
2460 621 2477 646 ,
2514 590 2563 637 et
2600 588 2805 638 indolem
2844 591 3201 644 adolescentum
3238 594 3299 644 ad

119 653 470 731 προτρέψασθε.

189 760 274 800 192.
321 731 396 798 Εὖ
428 741 471 797 δ’
499 739 783 800 ἐπίστασθε
818 742 937 818 (καί
983 765 1074 817 μοι
1113 743 1310 823 σφόδρα
1355 746 1414 803 τὸ
1457 745 1648 820 μέλλον

126 825 418 904 ῥηθήσεσθαι
441 828 879 903 διαμνημονεύετε
899 829 915 908 )
932 853 944 866 ·
975 833 1020 888 εἰ
1049 829 1142 905 μὲν
1173 829 1328 890 δώσει
1347 835 1448 890 τῶν
1472 834 1651 904 ἐπιτη·

1745 666 1935 714 virtutis
1962 667 2325 719 admirationem
2348 673 2569 722 excitate.

1810 759 1912 802 192.
1966 757 2126 806 Unum
2170 761 2333 808 autem
2385 759 2611 820 quiddam
2652 763 2768 812 satis
2806 765 2977 816 scitote
3036 768 3208 831 (atque
3248 771 3297 818 id

1743 851 1876 913 quod
1905 851 2123 904 dicturus
2152 869 2289 916 sum,
2316 859 2363 906 in
2392 861 2623 909 memoria
2648 863 2895 924 reponite)
2924 883 2935 912 =
2958 865 2997 913 si
3030 865 3295 918 facinorum

65 934 104 970 ιε
124 914 370 990 δωμάτων
413 914 686 994 Τίμαρχος
727 916 906 990 δίκην,
945 917 1114 996 ἀρχὴν
1164 920 1442 995 ἰῦκῡσμῖας
1485 924 1534 978 ἓν
1585 925 1651 1012 ξῇ
1741 957 1939 994 suorum
1982 959 2148 1008 poenas
2182 951 2467 1000 Timarchus
2500 953 2711 1015 dederit,
2748 955 3045 1016 disciplinam
3082 960 3293 1010 civitatis

124 1004 256 1060 πόλει
283 1003 730 1060 κατασκεῦάσετν
759 1007 804 1062 εἷ
833 1005 876 1061 δ’
911 1004 1284 1084 ἅποῬεῦξεῗαῑι
1314 1007 1558 1086 κρείττων
1587 1013 1651 1078 ἢν
1743 1039 1933 1100 erigetis
1955 1059 1967 1088 ι
1988 1040 2061 1089 sin
2080 1042 2224 1091 suerit
2250 1043 2523 1106 absolutus,
2547 1048 2845 1108 praestitisset
2875 1063 3071 1102 causam
3096 1053 3221 1104 hanc
3243 1057 3293 1105 in

125 1092 150 1145 ὁ
180 1088 306 1162 ἀγὼν
343 1089 418 1165 μὴ
465 1088 829 1166 γεγενημένος.
915 1090 1052 1168 Πρὶν
1095 1090 1190 1166 μὲν
1233 1090 1334 1170 γὰρ
1374 1096 1446 1158 εἷς
1483 1092 1650 1170 κρίσιν

125 1177 376 1255 Τίμαρχον
397 1181 730 1248 καταστῆναι
749 1176 905 1256 quiem,
928 1179 1032 1234 τισὶ
1053 1185 1300 1258 παρεῖχεν
1331 1182 1358 1236 ὁ
1382 1179 1537 1254 νόμος
1559 1180 1650 1236 καὶ

124 1263 174 1321 τὸ
193 1267 283 1320 τῶν
313 1263 664 1342 δικαστηρίων
687 1263 850 1340 ὄνομα
867 1287 880 1300 ·
903 1267 950 1322 εἰ
973 1265 1018 1322 δ’
1049 1269 1078 1323 ὁ
1105 1264 1384 1343 πρωτεύων
1407 1265 1650 1348 βδελυρία

125 1351 202 1407 καὶ
233 1341 630 1430 γνωριμῶτατος
681 1350 924 1409 εἰσελθὼν
967 1351 1392 1430 περιγενήσεται,
1433 1353 1652 1419 πολλοὺς

126 1437 414 1512 ἁμαρτάνειν
429 1439 644 1517 ἐπαρεῖ,
658 1438 750 1496 καὶ
766 1441 1014 1496 τελευτῶν
1030 1443 1128 1517 οὐχ
1144 1443 1172 1498 ὁ
1185 1441 1349 1514 λόγος,
1367 1441 1482 1498 ἀλλ’
1498 1443 1526 1498 ὅ
1544 1463 1651 1499 και-

63 1541 106 1580 εο
123 1524 193 1604 ρὸς
227 1529 352 1600 ὑμᾶς
372 1523 612 1605 ἐξοργιεῖ.
699 1527 812 1602 (toa)
845 1527 936 1598 Μὴ
965 1517 1050 1584 οὖν
1081 1529 1150 1592 εἷς
1175 1527 1413 1605 ἀθρόους,
1438 1526 1557 1584 ἀλλ’
1580 1529 1651 1594 εἷς

127 1612 204 1668 ἕνα
235 1613 580 1692 ἀποσκήψατε
595 1657 614 1683 ,
639 1613 732 1671 καὶ
767 1611 860 1682 τὴν
883 1612 1218 1692 παρασκευὴν
1237 1613 1326 1670 καὶ
1355 1611 1470 1680 τοὺς
1494 1637 1646 1685 συνη-

121 1697 277 1775 γόρους
309 1701 479 1757 αὐτῶν
505 1703 890 1780 παρατηρεῖτε·
917 1689 988 1756 ὧν
1029 1700 1228 1767 οὐδενὸς
1265 1700 1367 1776 ἐγὼ
1403 1701 1652 1777 ὀνομαστὶ

122 1786 493 1861 μνησθήσομαι,
531 1785 622 1845 ἵνα
657 1787 730 1862 μὴ
768 1786 966 1858 ταύτην
991 1786 1160 1866 ἀρχὴν
1183 1792 1275 1845 τοῦ
1304 1786 1458 1865 λόγου
1491 1788 1646 1858 ποιή-

123 1894 324 1951 σωνται,
349 1878 418 1939 ὥς
435 1876 535 1932 οὔκ
564 1873 628 1931 ἂν
655 1876 922 1952 παρῆλθον
941 1876 986 1932 εἰ
1008 1874 1082 1951 μή
1105 1897 1179 1941 τις
1203 1877 1371 1932 αὐτῶν
1399 1873 1650 1952 ὀνομαστὶ

121 1959 347 2032 ἐμνήσθη.
431 1959 585 2020 Ἀλλ’
617 1963 782 2020 ἐκεῖνο
810 1959 1038 2030 ποιήσω·
1063 1959 1266 2041 ἀφελὼν
1294 1959 1358 2018 τὰ
1386 1960 1646 2038 ὀνόματα,

120 2043 290 2110 διεξιὼν
309 2046 364 2104 δὲ
380 2046 447 2104 τὰ
471 2044 872 2122 ἐπιτηδεύματα
891 2048 1061 2106 αὐτῶν
1079 2047 1168 2106 καὶ
1189 2046 1256 2105 τὰ
1277 2047 1500 2123 σώματα
1521 2047 1649 2124 γνώ·

121 2155 228 2208 ριμα
271 2135 614 2205 καταστήσω.
695 2130 890 2194 Ἔσται
935 2136 982 2193 δ’
1033 2135 1183 2202 αὐτὸς
1213 2139 1385 2214 ἑαυτῷ
1435 2135 1649 2202 ἕκαστος

57 2235 96 2272 2⁵
118 2219 278 2290 αἴτιος,
298 2222 386 2279 ἐὰν
408 2223 574 2301 δεῦρο
595 2220 767 2299 ἅναὸῇ
795 2221 886 2278 καὶ
904 2223 1240 2302 ἀναισχυντῇ.
1323 2224 1438 2301 (ist)
1460 2226 1512 2283 Τ
1513 2221 1649 2302 οὗτῳ

119 2303 202 2385 γὰρ
236 2306 464 2387 πάρεισιν
506 2311 580 2366 ἐκ
611 2310 768 2386 τριῶν
807 2309 954 2365 εἷδῶν
985 2307 1286 2388 συνήγοροι,
1330 2312 1378 2367 οἱ
1415 2306 1508 2386 μὲν
1535 2311 1648 2376 ταῖς

119 2397 214 2449 καθ’
235 2395 429 2472 ἡμέραν
449 2393 718 2460 δαπάναις
737 2393 1060 2465 ἀνηλωκότες
1079 2395 1172 2461 τὰς
1189 2395 1435 2475 πατρῴας
1455 2396 1646 2468 οὐσίας,

117 2481 156 2536 οἱ
171 2481 217 2538 δὲ
239 2483 344 2548 ταῖς
370 2482 610 2553 ἡλικίαις
642 2481 734 2539 καὶ
761 2489 866 2548 τοῖς
891 2485 1090 2539 ἑαυτῶν
1123 2481 1364 2558 σώμασιν
1391 2485 1452 2540 οὗ
1474 2485 1646 2550 καλῶς

117 2569 394 2646 κεχρημένοι
419 2568 516 2626 καὶ
557 2568 784 2634 δεδιότες
811 2571 868 2627 οὐ
891 2569 1010 2648 περὶ
1031 2569 1311 2651 Τιμάρχου
1327 2615 1346 2648 ,
1369 2569 1504 2628 ἀλλὰ
1528 2570 1646 2649 περὶ

121 2656 287 2712 ἑαυτῶν
313 2656 399 2714 καὶ
439 2660 546 2715 τῶν
576 2653 1011 2732 ἐπιτηδευμάτων
1027 2700 1044 2729 ,
1086 2655 1160 2732 μή
1200 2679 1328 2714 ποτε
1368 2657 1438 2723 εἰς
1478 2657 1644 2736 κρίσιν

120 2747 438 2801 καταστῶσιν·
467 2743 644 2822 ἕτεροι
682 2741 724 2800 δ’
753 2745 814 2802 ἐκ
841 2747 944 2802 τῶν
971 2743 1274 2802 ἀκολάστων
1299 2743 1390 2801 καὶ
1417 2747 1519 2801 τῶν
1541 2753 1646 2810 τοῖς

117 2829 330 2896 τοιούτοις
376 2831 730 2910 κεχρημένων
775 2830 1002 2910 ἀφθόνως
1019 2875 1038 2906 ,
1079 2828 1166 2888 ἵνα
1220 2833 1332 2897 ταῖς
1385 2830 1644 2908 βοηθείαις

55 2931 98 2968 so
118 2917 262 2974 αὐτῶν
274 2917 604 2985 πιστεύοντες
627 2917 752 2998 ῥᾷόν
767 2941 897 2984 τινες
914 2916 1356 2999 ἐξαμαρτάνωσιν.
1393 2918 1510 2996 (19⁵)
1533 2907 1642 2977 ''ss-v

117 3002 218 3080 πρὶν
225 3008 310 3075 τῆς
321 3006 636 3083 συνηγορίας
651 3007 870 3063 ἀκοῦσαι
886 3005 1001 3072 τοὺς
1019 3006 1157 3085 βίους
1168 3004 1643 3082 ἀναμιμνήσκεσθε,

117 3090 322 3157 καὶτοὺς
343 3092 436 3167 μὲν
461 3097 538 3158 εἷς
557 3091 630 3150 τὰ
649 3091 876 3168 σώματα
897 3091 1267 3172 ἡμαρτηκότας
1289 3090 1365 3167 μὴ
1392 3095 1512 3168 ὑμῖν
1531 3095 1640 3150 ἕνο-

113 3177 254 3252 χλεῖν,
275 3178 408 3237 ἀλλὰ
429 3179 746 3238 παύσασθαι
780 3181 1196 3260 δημηγοροῦντας
1223 3179 1458 3238 κελεύετε
1497 3179 1640 3255 (οὐδὲ

115 3259 198 3339 γὰρ
217 3267 242 3320 ὁ
259 3263 406 3340 νόμος
425 3265 546 3332 τοὺς
567 3265 932 3332 ἰδιωτεύοντας
949 3309 968 3337 ,
997 3263 1132 3324 ἀλλὰ
1160 3265 1278 3333 τοὺς
1303 3265 1639 3342 πολιτευομέ-

116 3368 212 3414 νους
231 3350 439 3430 ἐξετάζει
455 3352 474 3430 )
489 3375 504 3390 ·
521 3353 650 3419 τοὺς
669 3353 726 3412 δὲ
741 3352 809 3411 τὰ
826 3356 1046 3434 πατρῷα
1063 3353 1472 3424 κατεδηδοκότας
1489 3352 1640 3432 ἐργά-

117 3436 264 3500 ζεσθαι
295 3439 379 3497 καὶ
405 3440 662 3520 ἑτέρωθεν
690 3444 910 3499 κτᾶσθαι
949 3441 1037 3497 τὸν
1049 3439 1194 3526 ,Βίου
1219 3438 1481 3497 κελεύετε·
1524 3437 1639 3505 τοὺς

117 3519 162 3575 δὲ
181 3526 270 3579 τῶν
295 3524 449 3598 νέων,
477 3525 594 3585 ὅσοι
627 3526 819 3606 ῥᾳδίως
851 3525 1184 3597 ἁλίσκονται,
1212 3525 1460 3604 θηρευτὰς
1488 3523 1637 3591 ὄντας

57 3625 97 3665 ²5
117 3609 172 3672 Εἷς
191 3607 296 3678 τοὺς
329 3611 496 3680 ξένους
519 3615 614 3672 καὶ
641 3609 762 3681 τοὺς
784 3613 1048 3688 μετοίκους
1067 3611 1347 3693 τρέπεσθαι
1374 3612 1604 3670 κελεύετε
1623 3657 1638 3684 ,

115 3693 182 3750 ἵνα
219 3698 330 3770 μήτ’
372 3700 560 3758 ἐκεῖνοι
583 3703 684 3771 τ’ἧς
709 3699 1056 3780 προαιρέσεως
1099 3703 1486 3778 ἀποστερῶνται
1515 3699 1637 3775 μήθ’

114 3782 234 3856 ὑμεῖς
255 3785 572 3862 βλάπτησθε.

179 3889 260 3930 m.
297 3873 380 3932 Τὰ
421 3873 518 3948 μὲν
547 3865 644 3932 οὗν
671 3874 798 3952 παρ’
833 3876 962 3950 ἐμοῦ
1003 3872 1178 3932 δίκαια
1214 3873 1388 3931 πάντα
1417 3873 1634 3944 ἀπειλή-

115 3977 241 4034 φατε·
262 3959 462 4030 ἐδίδαξα
483 3961 606 4027 τοὺς
628 3961 844 4037 νόμους,
863 3959 1088 4032 ἐξήτασα
1108 3959 1195 4018 τὸν
1223 3960 1332 4040 βίον
1353 3965 1444 4018 τοῦ
1469 3983 1636 4040 κρινο-

115 4041 260 4113 μένου.
301 4051 414 4107 Νῦν
433 4049 529 4124 μὲν
551 4039 646 4106 οὖν
667 4049 815 4124 ὑμεῖς
834 4049 949 4106 ἐστε
971 4051 1073 4105 τῶν
1098 4050 1236 4124 ἐμῶν
1253 4047 1420 4125 λόγων
1436 4047 1635 4120 κριταί,

115 4131 270 4190 αὐτίκα
292 4135 334 4192 δ’
362 4136 609 4216 ὑμέτερος
637 4134 744 4214 ἐγὼ
766 4136 980 4206 θεατής·
1011 4138 1064 4194 ἐν
1091 4136 1192 4215 γὰρ
1229 4143 1340 4204 ταῖς
1363 4135 1636 4216 ὑμετέραις

113 4217 308 4296 γνώμαις
331 4228 362 4293 ἡ
383 4225 569 4303 πρᾶξις
595 4222 994 4282 καταλείπεται.

695 4509 987 4533 0--000—

1737 1129 1974 1191 judicium
1996 1147 2093 1183 non
2116 1137 2315 1186 venisse.
2357 1142 2477 1188 Nam
2512 1140 2789 1202 priusquam
2825 1144 3107 1196 Timarchus
3130 1149 3179 1196 in
3210 1149 3293 1210 ju·

1742 1225 1921 1274 dicium
1958 1227 2293 1290 adduceretur,
2335 1233 2569 1282 terrorem
2613 1236 2852 1298 aliquibus
2889 1239 3085 1289 incussit
3124 1243 3205 1291 lex
3242 1247 3293 1294 et

1739 1329 1914 1366 nomen
1930 1317 2219 1380 iudiciorum
2251 1341 2263 1370 :
2289 1323 2327 1372 si
2352 1327 2515 1374 autem
2536 1326 2755 1390 princeps
2773 1329 3093 1393 improbitatis
3116 1337 3165 1384 et
3196 1349 3286 1386 no-

1740 1409 2013 1472 bilissimus,
2032 1413 2081 1463 in
2099 1415 2332 1475 judicium
2356 1417 2591 1470 adductus
2609 1423 2811 1473 evaserit
2828 1425 3061 1477 indemnis
3075 1463 3091 1490 ‚
3114 1430 3295 1480 multos

1739 1502 1799 1551 ad
1837 1505 2131 1566 peccandum
2158 1507 2399 1571 incitabit,
2436 1525 2495 1560 ac
2524 1513 2719 1562 tandem
2754 1518 2961 1566 vestram
2995 1518 3289 1572 iracundiam

1737 1610 1834 1646 non
1853 1599 2033 1660 oratio,
2050 1599 2131 1650 sed
2153 1603 2341 1664 tempus
2360 1603 2515 1666 ipsum
2532 1609 2871 1660 commovebit.
2936 1613 3064 1674 (19³)
3082 1615 3153 1664 Ne
3174 1628 3290 1666 vero

1738 1701 1844 1737 eam
1867 1687 1916 1736 in
1936 1689 2142 1748 multos,
2160 1689 2243 1740 sed
2267 1691 2315 1740 in
2336 1705 2485 1743 unum
2502 1697 2733 1759 exserite,
2754 1712 3017 1764 eorumque
3036 1705 3291 1764 (Timarclii

1737 1783 1788 1829 et
1803 1783 2129 1844 consortium)
2149 1786 2429 1846 apparatum
2446 1789 2495 1836 et
2511 1787 2768 1840 advocatos
2784 1797 2951 1844 cavete
2973 1815 2985 1845 ε
3006 1796 3067 1845 de
3084 1811 3289 1860 quorum

1737 1883 1824 1934 ego
1841 1872 2029 1922 nemine
2046 1873 2201 1923 dicam
2222 1878 2504 1926 nominatim
2518 1915 2533 1940 ,
2554 1893 2617 1928 ne
2634 1879 2726 1930 lioc
2748 1885 2976 1935 orationis
2997 1901 3097 1938 sum
3118 1890 3290 1950 princi-

1738 1964 1868 2026 pium
1901 1971 2096 2016 sumant
2106 2004 2123 2030 ,
2158 1982 2211 2018 se
2242 1971 2513 2032 prodituros
2548 1986 2642 2022 non
2674 1975 2849 2038 luisse,
2878 1979 2970 2027 nisi
3004 1984 3289 2034 nominatim

1737 2061 2007 2122 compellati
2043 2062 2255 2112 fuissent.
2288 2065 2411 2113 lllud
2432 2069 2595 2116 autem
2616 2069 2783 2118 tactam
2812 2090 2825 2120 ε
2858 2073 3133 2125 nominibus
3150 2077 3287 2128 dissi·

1736 2154 1955 2215 mulatiS,
1974 2153 2055 2203 sed
2074 2169 2241 2204 eorum
2262 2145 2432 2206 studiis
2454 2162 2865 2226 commemoratis,
2894 2165 3041 2216 etiam
3060 2181 3289 2230 personas

1737 2246 1931 2296 reddam
1962 2251 2117 2298 notas.
2182 2249 2331 2310 Igitur
2364 2251 2571 2313 quisque
2590 2253 2679 2302 sibi
2716 2255 2819 2315 ipse
2840 2270 2983 2307 causa
3006 2263 3097 2311 erit
3114 2263 3153 2312 si
3186 2265 3288 2316 buc

1735 2339 2001 2389 ascenderit
2022 2343 2071 2390 et
2089 2342 2291 2390 frontem
2308 2343 2620 2404 perfricuerit.
2659 2347 2677 2408 (
2688 2349 2791 2410 194)
2808 2350 2993 2401 Adsunt
3004 2352 3081 2403 isti
3100 2355 3189 2405 tria
3204 2358 3285 2407 ad-

1736 2434 2019 2482 vocatorum
2038 2447 2209 2495 genera
2228 2454 2239 2484 :
2256 2435 2354 2496 alii,
2374 2438 2455 2498 qui
2476 2438 2591 2487 luxu
2612 2441 2890 2502 quotidiano
2904 2447 3187 2506 patrimonia
3201 2465 3287 2502 sua

1735 2528 2057 2576 exhauserunt
2072 2547 2084 2576 ι
2096 2529 2193 2589 alii,
2206 2529 2287 2592 qui
2300 2529 2417 2579 llore
2428 2533 2585 2582 aetatis
2592 2535 2641 2582 et
2650 2535 2929 2597 corporibus
2936 2539 3036 2588 suis
3048 2553 3145 2591 non
3159 2549 3288 2596 recta

1734 2619 1806 2669 usi
1829 2623 1969 2682 sunt,
1994 2635 2083 2670 nec
2117 2621 2178 2670 de
2200 2623 2453 2672 Timarcho
2479 2623 2810 2689 sollicitantur,
2836 2629 2918 2679 sed
2939 2631 2999 2681 de
3024 2637 3288 2700 semetipsis

1733 2713 1927 2776 suisque
1964 2715 2163 2776 studiis,
2191 2728 2253 2764 ne
2286 2715 2479 2778 quando
2500 2717 2550 2766 in
2568 2718 2803 2779 judicium
2824 2723 3125 2777 adducantur
3158 2749 3172 2779 ι
3204 2731 3285 2782 alii

1733 2807 1951 2856 homines
1976 2807 2169 2857 libidine
2190 2808 2387 2870 perditi,
2412 2813 2591 2873 quique
2626 2813 2891 2866 istiusmodi
2920 2818 3193 2872 bominibus
3222 2825 3283 2874 ad

1731 2899 1997 2949 satietatem
2014 2904 2127 2950 sunt
2146 2903 2310 2963 abusi,
2332 2905 2391 2952 ut
2418 2917 2585 2955 eorum
2610 2908 2801 2958 auxiliis
2822 2909 2929 2960 ireti
2954 2911 3135 2964 facilius
3172 2918 3282 2980 qui-

1731 2991 1842 3040 dam
1880 2993 2177 3055 delinquant.
2244 2994 2375 3056 (195)
2420 2999 2640 3054 Quorum
2666 2999 2989 3054 defensionem
3024 3010 3281 3072 antequam

1731 3087 1963 3147 audiatis,
1986 3089 2177 3150 qualem
2196 3090 2345 3140 vitam
2362 3092 2569 3153 egerint,
2591 3095 2921 3176 recordamini.
2988 3103 3055 3150 Ac
3073 3115 3154 3151 eos
3176 3105 3283 3166 qui—

1731 3181 1840 3229 dem
1857 3219 1871 3242 ,
1893 3181 1977 3243 qui
1996 3195 2082 3230 sua
2104 3197 2303 3246 corpora
2324 3183 2696 3248 dedecorarunt,
2718 3203 2814 3238 non
2840 3191 2975 3240 vobis
2995 3194 3280 3260 obturbare,

1730 3267 1812 3318 sed
1842 3269 2151 3319 concionibus
2173 3271 2411 3322 abstinere
2436 3273 2600 3334 iubete
2620 3275 2802 3338 (mque
2833 3280 2959 3328 enim
2992 3281 3071 3330 lex
3097 3283 3200 3333 lucc
3230 3287 3281 3336 in

1729 3355 1946 3405 homines
1971 3357 2181 3418 privatos
2196 3393 2210 3419 ,
2230 3357 2312 3406 sed
2340 3359 2387 3407 in
2413 3373 2495 3409 eos
2512 3363 2592 3424 qui
2614 3363 2813 3424 publicis
2833 3367 3031 3428 negotiis
3048 3382 3099 3418 se
3118 3369 3277 3423 immi-

1728 3443 1887 3502 scent,
1911 3443 2108 3505 inquirit
2137 3462 2150 3493 ε
2175 3456 2257 3493 eos
2290 3458 2433 3508 porro
2455 3448 2539 3509 qui
2571 3446 2893 3514 decoxerant,
2918 3467 3017 3503 rem
3044 3456 3199 3508 faetere
3228 3465 3279 3510 et

1729 3531 1923 3581 aliunde
1943 3533 2125 3582 victum
2142 3535 2397 3597 quaeritare
2420 3536 2583 3596 jubete
2609 3539 2726 3601 :qui
2758 3555 2871 3590 vero
2900 3544 3279 3598 adolescentulos

1727 3621 1979 3681 venantur,
1998 3619 2081 3683 qui
2100 3620 2235 3670 facile
2248 3634 2301 3671 se
2320 3625 2367 3670 ln
2380 3621 2597 3673 fraudem
2610 3627 2773 3676 sinunt
2788 3627 2916 3690 illici,
2930 3629 2991 3680 ad
3010 3633 3279 3695 peregrinos

1725 3709 1774 3755 et
1793 3706 2049 3768 inquilinos
2066 3709 2277 3757 converti
2292 3708 2481 3770 jubete,
2508 3713 2561 3760 ut
2586 3724 2676 3760 nec
2698 3713 2785 3775 ipsi
2806 3729 2943 3765 suain
2968 3719 3275 3780 cupiditatem

1725 3807 1820 3842 non
1847 3795 2099 3856 expleant,
2122 3797 2172 3844 et
2193 3808 2279 3844 vos
2300 3795 2418 3845 nihil
2437 3797 2709 3848 detrimenti
2734 3803 2947 3864 capiatis.

1792 3885 1896 3930 196.
1930 3883 2053 3940 Quae
2073 3881 2215 3944 igitur
2230 3895 2261 3931 a
2280 3897 2361 3932 me
2380 3885 2603 3946 priestari
2629 3887 2718 3936 fuit
2740 3902 2935 3952 oequum
2950 3929 2965 3952 ,
2984 3905 3041 3942 ea
3060 3897 3273 3956 praestita

1723 3997 1836 4045 sunt
1854 3996 2042 4057 omnia;
2062 3999 2257 4058 exposui
2292 3998 2419 4061 leges
2434 4034 2450 4060 ,
2486 4001 2639 4050 vitam
2672 4003 2739 4052 rei
2759 4007 2963 4057 excussi.
3026 4011 3166 4059 Nunc
3186 4025 3277 4062 vos

1723 4111 1834 4160 estis
1853 4122 1975 4160 meze
1988 4110 2172 4172 judices
2188 4112 2441 4174 orationis;
2459 4113 2621 4163 statim
2638 4117 2799 4166 autem
2818 4131 2904 4180 ego
2917 4123 3071 4170 vester
3084 4126 3273 4184 specta-

1724 4228 1800 4277 tor
1820 4239 1931 4287 ero;
1968 4229 2069 4278 tota
2092 4227 2221 4277 enim
2249 4241 2325 4280 res
2344 4229 2445 4292 jam
2467 4243 2498 4280 a
2519 4233 2689 4282 vestris
2726 4233 2899 4296 pendet
2925 4235 3269 4290 voluntatibus.

2318 4514 2661 4542 *—
