3825 5834
526 463 602 514 60
1533 446 1900 508 ΑΙΣΧῙΝΟΥ
1944 445 1995 507 Ο
2036 445 2241 505 ΚΑΤΑ
2284 445 2695 506 ΤΙΜΔΡΧΟΥ.

511 577 570 636 δὲ
598 579 688 637 καὶ
727 574 1059 648 τηλικούτους
1087 572 1456 632 ἐκκαλέσεσθαι
1493 572 1636 654 παρὰ
1676 577 1776 632 τῶν
1805 575 2062 632 δικαστῶν

507 663 752 742 θορύὸους
769 661 1154 742 παρεμὸάλλων
1175 660 1268 726 τὰς
1289 659 1418 735 ἐμὰς
1438 660 1756 740 δημηγορίας
1775 660 1864 718 καὶ
1887 659 2059 739 ψέγων

507 748 602 819 τὴν
626 749 830 829 εἰρήνην
850 748 944 818 τὴν
967 749 1028 806 δι’
1055 751 1180 824 ἐμοῦ
1203 746 1293 804 καὶ
1315 746 1672 826 Φιλοκράτους
1689 745 2061 823 γεγενημένην,

509 833 634 892 ὥστ’
657 835 775 893 οὐδὲ
803 832 1192 905 ἀπαντήσεσθαί
1215 855 1279 909 με
1310 831 1396 889 ἐπὶ
1423 831 1481 889 τὸ
1509 832 1841 912 δικαστήριον
1867 833 2060 889 ἀπολο-

508 921 793 1002 γησόμενον
821 919 945 979 ὅταν
972 919 1065 986 τὰς
1085 923 1179 990 τῆς
1206 917 1484 997 πρεσὸείας
1520 917 1730 984 εὐθύνας
1753 920 1909 989 διδῶ,
1947 917 2061 974 ἀλλ’

509 1007 799 1116 ἀγαπήσειν
823 1006 912 1064 ἐὰν
943 1005 1138 1084 μετρίῳ
1165 1004 1425 1080 τιμήματι
1453 1004 1718 1082 περιπέσω
1747 1003 1834 1062 καὶ
1869 1003 1943 1078 μὴ
1968 1007 2058 1060 θα-

421 1114 490 1166 25
510 1095 649 1175 νάτῳ
682 1097 976 1170 ζημιῶμαι.
1062 1093 1178 1170 (175)
1209 1090 1408 1160 Μηδενὶ
1443 1089 1504 1160 δὴ
1541 1089 1719 1170 τρόπῳ
1760 1089 1876 1148 καθ’
1915 1092 2061 1165 ὑμῶν

512 1183 682 1240 αὐτῶν
705 1181 910 1256 γέλωτα
937 1182 1012 1236 τῶ
1039 1182 1259 1256 σοφιστῇ
1295 1201 1385 1236 και
1413 1177 1703 1283 διατριὲἶὴνω
1721 1175 2063 1256 παράσχητε,

511 1268 626 1326 ἀλλ’
653 1265 930 1328 ὑπολάὸεθ”
953 1268 1079 1346 δρᾶν
1099 1263 1517 1334 εἷσεληλυθότα’
1487 1263 1592 1321 απὸ
1615 1268 1704 1321 τοῦ
1729 1262 2063 1342 δικαστηρίου

510 1355 710 1428 οικαδε,
732 1353 822 1412 καὶ
837 1351 1209 1427 σεμνυνόμενον
1231 1353 1283 1409 ἐν
1298 1355 1364 1430 τῇ
1382 1354 1482 1408 τῶν
1501 1348 1780 1429 μειρακίων
1799 1349 2061 1430 διατριὸῇ,

509 1441 600 1498 καὶ
623 1439 920 1507 διεξιόνταε
893 1463 962 1504 ως
985 1429 1042 1496 ευ
1064 1437 1124 1495 τὸ
1143 1446 1360 1547 πραγμα
1383 1437 1617 1516 ὑφείλετο
1645 1439 1748 1493 τῶν
1775 1437 2061 1494 δικαστῶν·

517 1554 542 1576 «ι
579 1523 867 1603 ἀπαγαγὼν
902 1523 1004 1602 γὰρ
1031 1525 1212 1590 αὐτους
1249 1523 1352 1582 ἀπὸ
1381 1527 1482 1580 τῶν
1509 1521 1628 1601 περὶ
1674 1521 1950 1600 Τίμαρχον
1982 1522 2063 1578 αἷ-

453 1633 480 1672 o
510 1615 634 1671 τιῶν
667 1612 933 1685 ἐπέστησα
957 1610 1124 1690 φέρων
1144 1611 1229 1670 ἐπι
1253 1611 1337 1668 τὸν
1359 1608 1646 1686 κατήγορον
1673 1607 1764 1667 καὶ
1789 1609 2061 1669 Φίλιππον

514 1699 604 1758 καὶ
626 1697 849 1765 Φωκέας
868 1743 886 1774 ,
912 1697 1000 1756 καὶ
1029 1697 1215 1778 φόὸους
1249 1697 1518 1777 ἐπήρτησα
1553 1703 1659 1762 τοῖς
1682 1693 2027 1774 ἀκροωμένοις
2044 1739 2061 1768 ,

511 1785 640 1846 ὥσθ’
660 1789 688 1844 ὅ
708 1787 800 1863 μὲν
821 1783 1044 1898 φεύγωνῒ
1041 1784 1338 1864 κατηγόρει,
1361 1790 1389 1842 ὃ
1409 1783 1462 1842 δὲ
1486 1787 1789 1862 κατηγορῶν
1814 1785 2062 1860 ἐκρίνετο,

512 1877 560 1932 οἱ
589 1871 642 1932 δὲ
686 1872 964 1948 δικασταί,
1005 1863 1078 1929 ων
1116 1871 1209 1949 μὲν
1249 1865 1382 1944 ἦσαν
1423 1869 1691 1940 δικασταί,
1723 1872 2061 1938 ἐπελάθοντο,

511 1951 585 2019 ων
603 1961 649 2018 δ’
663 1962 754 2018 οὐκ
773 1953 907 2031 ησαν
929 1958 1120 2040 κριταί,
1138 1959 1258 2018 πεοι
1271 1982 1465 2017 τουτων
1487 1957 1746 2028 ἤκουον.»
1721 1956 1921 2034 »“(176)
1930 1955 2065 2032 Υμέ-

511 2071 657 2127 τερον
701 2049 748 2105 δ’
790 2047 936 2125 ἔργον
979 2047 1089 2106 ἐστὶ
1133 2047 1260 2124 πρὸς
1312 2070 1476 2104 ταυτα
1541 2044 1902 2122 ἀντιτετάχθαι
1919 2089 1935 2115 ,
1976 2044 2065 2102 καὶ

512 2139 756 2213 πανταχῇ
827 2137 1342 2214 παρακολουθοῦντας
1415 2134 1635 2212 μηδαμῇ
1703 2131 2063 2210 παρεκκλίνειν

513 2221 665 2280 αὐτὸν
705 2225 796 2279 ἐᾶν
835 2221 967 2296 μηδὲ
1005 2225 1108 2288 τοῖς
1150 2219 1246 2289 ἔξω
1281 2224 1371 2278 τοῦ
1407 2223 1600 2298 ἀγῶνος
1651 2217 1818 2295 λόγοις
1864 2221 2065 2296 διισχυ-

438 2328 490 2366 10
517 2307 766 2387 ρίζεσθαι·
795 2307 907 2365 ἀλλ’
943 2305 1118 2386 ὥσπερ
1140 2309 1193 2364 ἐν
1219 2307 1332 2373 ταῖς
1359 2303 1724 2384 ἱπποδρομίαις
1751 2309 1821 2372 εἰς
1851 2303 1938 2362 τὸν
1975 2311 2065 2363 τοῦ

513 2393 816 2474 πράγματος
859 2395 924 2451 αὖ
936 2394 1012 2451 τὸν
1058 2392 1246 2473 δρόμον
1292 2391 1629 2450 εἰσελαύνετε.
1731 2390 1848 2450 Κᾶν
1894 2397 2061 2449 ταῦτα

513 2485 695 2552 ποιῆτε
719 2527 736 2554 ,
821 2483 878 2538 οὗ
957 2479 1502 2561 καταφρονηθήσεσθε,
1567 2479 1702 2537 ἀλλὰ
1755 2477 1849 2548 τὴν
1903 2478 2065 2550 αὐτὴν

514 2568 650 2634 ἕξετε
678 2565 889 2645 γνώμην
917 2573 1304 2642 νομοθετοῦντες
1334 2566 1424 2624 καὶ
1458 2566 1769 2634 δικάζοντες·
1791 2567 1837 2624 εί
1875 2566 1929 2623 δὲ
1962 2565 2067 2642 μή,

515 2653 682 2721 δόξετε
753 2653 1045 2729 μελλόντων
1101 2653 1194 2730 μὲν
1267 2652 1497 2732 γίνεσθαι
1560 2655 1662 2710 τῶν
1729 2653 2065 2728 ἀδικημάτων

515 2741 948 2820 προαισθάνεσθαι
989 2741 1081 2798 καὶ
1113 2740 1430 2820 ὀργίζεσθαι,
1473 2741 1756 2819 γεγονότων
1797 2739 1850 2798 δὲ
1896 2741 2067 2799 οὐκέτι

516 2827 817 2908 φροντίζειν.

599 2935 692 2976 177.
737 2915 828 2982 Ὡς
850 2917 896 2974 δ’
919 2917 974 2974 ε’ν
1002 2915 1270 2996 κεφαλαίῳ
1290 2917 1557 2996 εἰρῆσθαι,
1589 2913 1678 2974 ἐὰν
1703 2914 1796 2992 μὲν
1815 2915 2067 2988 κολάζητε

516 3027 632 3069 τους
655 3003 1030 3080 ἀδικοῦντας,”
1001 3026 1204 3062 εσονται
1224 3007 1344 3079 ὑμῖν
1365 3007 1411 3062 οἱ
1435 3003 1584 3080 νόμοι
1603 3003 1754 3061 καλοὶ
1777 3004 1866 3062 καὶ
1885 3003 2068 3083 κύριοι,

443 3112 491 3151 ιο
519 3090 606 3149 ἐαν
627 3091 672 3147 δ’
694 3093 908 3170 ἀφιῆτε,
929 3091 1080 3149 καλοὶ
1099 3089 1193 3165 μέν
1202 3089 1406 3169 ,κύριοι
1431 3091 1476 3148 δ’
1497 3092 1615 3148 οὐκε
1603 3090 1686 3150 ’τι.
1717 3080 1824 3148 Ὧν
1851 3090 1893 3148 δ’
1920 3089 2069 3150 ἕνεκα

518 3183 682 3236 ταῦτα
712 3177 881 3255 λέγω,
909 3181 998 3236 οὐκ
1022 3177 1228 3248 ὀκνήσω
1264 3178 1388 3257 πρὸς
1415 3181 1550 3253 υμας
1587 3179 2067 3257 παρρησιάσασθαι.

521 3259 718 3324 Ἔσται
739 3263 785 3320 δ’
815 3267 842 3322 ὁ
867 3263 1013 3340 λόγος
1039 3263 1124 3322 ε’πὶ
1150 3263 1588 3343 παραδείγματος.
1672 3263 1773 3322 Διὰ
1799 3263 1848 3322 τί
1869 3263 2063 3340 οἴεσθε,

516 3375 561 3408 ω
607 3350 892 3422 Ἀθηναῖοι,
933 3350 1049 3416 τους
1089 3351 1273 3426 νόμους
1308 3349 1401 3426 μὲν
1442 3352 1613 3417 καλως
1639 3357 1871 3426 κεῖσθαι,
1901 3351 1969 3408 τὰ
2015 3354 2067 3410 δὲ

519 3435 834 3536 ψηφίσματα
853 3429 984 3495 εἶναι
1007 3442 1096 3508 τῆς
1114 3439 1309 3504 πόλεως
1332 3437 1711 3538 καταδεέστερα
1737 3461 1826 3496 και
1847 3438 1939 3504 τὰς
1945 3439 2069 3556 κρί·

517 3537 622 3581 σεις
655 3515 815 3574 ἐνίοτε
852 3515 944 3582 τὰς
969 3518 1023 3574 ἐν
1065 3520 1167 3582 τοῖς
1187 3515 1597 3594 δικαστηρίοις’
1571 3539 1708 3594 εχειν
1747 3517 1994 3588 ἐπιπληξε
2002 3541 2067 3590 ις;

517 3601 662 3679 Ἐγὼ
695 3603 786 3671 τὰς
816 3604 1008 3663 τούτοιν
1037 3603 1204 3671 αἰτίας
1233 3604 1488 3671 ἐπιδείξω.
1522 3607 1590 3682 (17
1593 3607 1637 3682 8)
1668 3603 1796 3664 “ou
1829 3604 1947 3672 τους
1977 3605 2068 3682 μὲν

438 3711 491 3750 οο
515 3688 700 3764 νόμους
718 3689 913 3748 τίθεσθε
934 3691 1018 3750 ἔπι
1039 3701 1170 3750 πᾶσι
1194 3700 1296 3758 τοῖς
1316 3691 1556 3762 δικαίοις,
1576 3690 1691 3749 οὔτε
1712 3691 1919 3770 κέρδους
1940 3692 2067 3751 ἕνεκ’

515 3775 692 3833 ἀδίκου
713 3776 828 3834 οὔτε
854 3777 1064 3855 χάριτος
1083 3777 1187 3836 οὔτ’
1208 3803 1229 3836 ε
1214 3779 1424 3858 χθρας,
1453 3777 1588 3837 ἀλλὰ
1608 3802 1733 3858 προς
1758 3779 1883 3838 αὐτὸ
1911 3780 2067 3856 μόνον

514 3860 578 3918 τὸ
620 3862 814 3920 δίκαιον
860 3865 948 3921 καὶ
980 3864 1040 3922 τὸ
1081 3867 1339 3945 συμφέρον
1376 3865 1730 3925 ἀποὸλεποντε
1713 3890 1782 3932 ··ς
1833 3867 2070 3936 ἐπιδέξιοι

517 3937 738 4021 δὀἷμαι
762 3947 941 4027 φύντες
978 3948 1166 4026 ἑτέρων
1190 3951 1390 4026 μᾶλλον
1421 3951 1630 4016 εἰκότως
1658 3951 1963 4019 καλλίστους
1987 3955 2071 4011 νό-

519 4056 642 4108 μους
669 4033 885 4094 τίθεσθε.
918 4035 983 4094 'il
986 4058 1013 4092 ν
1037 4035 1092 4094 δὲ
1115 4041 1226 4104 ταῖς
1231 4037 1553 4150 ἐκκλησίαις
1576 4037 1665 4096 καὶ
1691 4047 1796 4105 τοῖς
1821 4040 2071 4112 δικαστη-

516 4119 641 4199 ρίοις
661 4122 959 4187 πολλάκις’
930 4123 1175 4202 αφέμενοι
1197 4127 1298 4181 τῶν
1327 4129 1395 4190 εἷς
1419 4125 1544 4183 αὐτὸ
1572 4125 1630 4184 τὸ
1657 4135 1877 4204 πρᾶγμα
1903 4127 2069 4204 λόγοιν

517 4207 618 4264 ὑπὸ
644 4211 736 4277 τῆς
777 4209 981 4282 ἀπάτης
1008 4210 1098 4268 καὶ
1125 4215 1228 4268 τῶν
1259 4213 1690 4288 ἀλαζονευμάτων
1719 4212 1933 4289 ἄγεσθε,
1980 4215 2071 4272 καὶ
2160 4245 2171 4256 ·

518 4293 726 4354 πάντων
750 4297 1069 4356 ἀδικώτατον
1093 4297 1200 4366 ἔθος
1227 4301 1297 4366 εἰς
1322 4299 1437 4365 τοὺς
1459 4303 1660 4374 ἀγῶνας
1683 4301 2039 4379 παραδέχεσθε
2054 4326 2071 4340 ·

434 4403 489 4443 aa
517 4383 638 4441 ἐᾶτε
679 4381 779 4464 γὰρ
831 4384 949 4452 τοὺς
1009 4386 1452 4464 ἀπολογουμένους
1500 4390 1921 4466 ἀντικατηγορεῖν
1969 4393 2070 4446 τῶν

517 4470 964 4548 κατηγορούντων.
1055 4474 1170 4551 (179)
1211 4473 1456 4534 Ἐπειδὰν
1477 4477 1521 4532 δ’
1549 4473 1651 4532 ἀπὸ
1672 4479 1761 4544 τῆς
1791 4476 2072 4552 ἀπολογίας

519 4557 892 4630 ἀποσπασθῆτε
933 4559 1020 4619 καὶ
1051 4560 1143 4628 τὰς
1167 4561 1339 4641 ψυχὰς
1371 4565 1450 4640 ἐφ’
1491 4562 1678 4640 ἑτέρων
1708 4561 1925 4638 γένησθε
1944 4606 1961 4639 ,
2002 4565 2071 4630 εἷς

518 4643 680 4714 λήθην
718 4647 1019 4715 ἐκπεσόντες
1056 4652 1150 4720 τῆς
1193 4648 1533 4726 κατηγορίας,
1570 4647 1826 4727 ἐξέρχεσθ’
1867 4651 1929 4706 ἐκ
1967 4652 2070 4706 τῶν

519 4729 863 4810 δικαστηρίων
901 4737 1016 4793 οὐδὲ
1057 4759 1164 4814 παρ
1215 4735 1384 4814 ἑτέρου
1423 4735 1568 4805 δίκην
1609 4736 1904 4813 εἰληφότες,
1955 4735 2069 4794 οὔτε

519 4817 661 4896 παρὰ
690 4825 778 4876 τοῦ
809 4823 1098 4902 κατηγόρου
1115 4823 1131 4902 (
1142 4826 1308 4902 ψῆφος
1330 4821 1430 4900 γὰρ
1449 4821 1564 4878 κατ’
1587 4825 1744 4880 αὐτοῦ
1768 4824 1824 4879 οὐ
1846 4821 2069 4902 δίδοται)

519 4900 635 4959 οὔτε
679 4905 822 4984 παρὰ
865 4931 954 4967 του
997 4908 1415 5018 ἀπολογουμένου
1449 4909 1596 4984 (ταις
1633 4931 1731 4984 γαρ
1776 4908 2071 4986 ἀλλοτρίαις

523 4989 708 5055 αἰτίαις
730 4993 1144 5102 ἀποτριψάμενος
1165 4993 1279 5053 τὰ*
1260 4993 1561 5074 υπάρχοντα
1590 4996 1730 5050 αυτῶ
1763 4993 2069 5071 ἐγκλήματα

441 5099 496 5138 30
518 5074 881 5154 ἐκπέφευγεν’
857 5103 915 5137 εκ
937 5088 1025 5140 τοῦ
1049 5081 1406 5162 δικαστηρίου)
1425 5104 1438 5117 ·
1467 5083 1514 5138 οἱ
1539 5079 1592 5137 δὲ
1615 5079 1758 5157 νόμοι
1783 5079 2064 5139 καταλύον·

522 5185 639 5239 ται,
681 5165 770 5223 καὶ
809 5171 840 5237 ἡ
877 5168 1200 5249 δημοκρατία
1243 5167 1614 5248 διαφθείρεται,
1643 5167 1812 5226 καὶτὸ
1852 5167 1961 5235 ἔθος
1986 5171 2068 5228 ἐπὶ

3756 0 3781 166 l

3434 453 3719 530 (ios-17³}
3784 521 3786 554 Ι

2156 584 2407 644 catut-um,
2432 583 2551 632 meis
2572 582 2883 633 concionibus
2906 585 3166 634 inserendis
3182 623 3195 647 ,
3224 588 3273 636 et
3300 599 3417 650 pace
3450 603 3538 650 per
3562 603 3643 638 nic
3676 593 3722 636 ct
3784 559 3786 572 ἕ

2156 692 2471 742 Philocratem
2492 693 2615 742 l'acta
2630 693 3033 757 reprehendenda,
3052 699 3107 746 ut
3124 709 3186 746 ne
3203 696 3253 746 in
3265 697 3509 758 judicium
3526 698 3723 760 quidem
3786 691 3788 732 Ι

2154 802 2389 848 venturus
2408 799 2497 848 sim
2522 799 2583 848 ad
2614 801 2709 848 mei
2735 799 3083 863 defensionem,
3100 815 3265 864 quum
3294 802 3443 852 obitae
3472 804 3727 864 legationis
3788 865 3790 868 Α

2152 904 2358 953 rationes
2387 903 2640 954 reddenda
2674 904 2793 953 milii
2826 907 3004 954 erunt:
3038 906 3123 955 sed
3156 906 3447 958 mediocrem
3482 910 3723 956 mulctam

2151 1011 2277 1072 oequi
2328 1010 2537 1074 bonique
2587 1011 2801 1061 facturus
2816 1047 2831 1073 ‚
2880 1011 3025 1061 modo
3074 1025 3136 1062 ne
3182 1013 3353 1076 capitis
3404 1014 3720 1064 condemner.
3790 1045 3792 1078 ,

2154 1111 2282 1172 (175)
2308 1110 2448 1160 Nullo
2470 1109 2613 1173 igitur
2638 1112 2809 1173 pacto,
2829 1110 3046 1173 judices,
3066 1113 3233 1161 contm
3252 1112 3486 1174 vosipsos
3512 1113 3595 1161 isti
3616 1114 3722 1162 rhe-

2151 1209 2243 1257 tori
2270 1209 2416 1258 risum
2454 1211 2505 1257 et
2540 1209 2713 1258 ludum
2736 1209 3035 1273 praebueritis
3068 1227 3083 1258 t
3126 1209 3209 1260 sed
3246 1211 3413 1272 putate
3440 1210 3611 1259 videre
3637 1225 3725 1259 vos

2152 1321 2179 1356 e
2196 1309 2297 1356 soro
2313 1305 2513 1356 domum
2526 1319 2789 1366 reversum,
2804 1309 2855 1356 et
2874 1306 3157 1368 gloriantem
3178 1306 3226 1355 in
3244 1306 3723 1358 adolescentulorum

2152 1411 2277 1456 coctu
2296 1442 2310 1468 ,
2328 1407 2377 1455 et
2395 1409 2853 1456 commemorantem
2868 1441 2883 1466 ,
2908 1419 3057 1468 quam
3074 1405 3329 1456 commode
3340 1407 3593 1468 iudicibus
3612 1421 3723 1454 cau·

2151 1519 2253 1556 sam
2272 1505 2538 1557 extorserit.
2604 1509 2723 1556 Nam
2740 1505 2993 1556 abduxisse
3010 1519 3094 1556 eos
3116 1519 3145 1554 a
3165 1507 3451 1556 criminibus
3463 1509 3723 1558 Timarcho

2152 1603 2375 1665 obiectis,
2398 1606 2448 1652 et
2466 1615 2637 1664 magna
2653 1602 2701 1652 vi
2717 1601 2779 1652 ad
2798 1605 3135 1651 accusatorem
3152 1603 3202 1651 et
3220 1601 3498 1664 Philippum
3520 1605 3573 1652 et
3596 1605 3723 1652 Pbo-

2152 1711 2315 1748 censea
2332 1697 2627 1760 traduxisse3
2648 1700 2698 1749 et
2720 1711 2832 1748 eum
2852 1700 3037 1747 metum
3060 1697 3359 1748 auditoribus
3384 1698 3610 1760 injecisse
3628 1737 3644 1758 ,
3672 1703 3725 1748 ut

2153 1801 2201 1846 ct
2224 1811 2331 1847 reus
2351 1799 2622 1859 accusaret,
2641 1799 2691 1847 et
2705 1799 2959 1846 accusator
2978 1810 3173 1847 causam
3196 1797 3378 1847 diceret
3403 1816 3417 1846 ι
3442 1801 3491 1848 et
3504 1799 3723 1860 iudicae,

2153 1897 2291 1954 cujus
2318 1895 2386 1943 rei
2413 1897 2569 1944 essent
2594 1893 2806 1956 judices,
2834 1895 2973 1944 obliti
3005 1899 3195 1958 essent,
3230 1909 3289 1946 ea
3320 1909 3438 1946 vero
3468 1899 3723 1960 audirent,

2154 2007 2359 2057 quocum
2372 1993 2558 2057 judices
2574 2007 2669 2043 non
2690 1997 2858 2045 essent.
2922 1996 3054 2058 (176)
3076 1997 3305 2046 Vestrum
3323 1999 3486 2046 autem
3502 1998 3725 2046 cilicium

2154 2097 2227 2142 est
2255 2096 2309 2143 ut
2326 2094 2427 2142 istis
2450 2107 2535 2144 vos
2552 2093 2735 2144 artibus
2750 2093 3000 2156 opponatis
3015 2130 3032 2156 ,
3056 2097 3113 2144 ut
3144 2095 3327 2158 ubique
3344 2097 3491 2146 istum
3510 2103 3723 2148 assecte·

2156 2193 2303 2252 mini,
2340 2205 2495 2254 neque
2528 2205 2730 2254 usquam
2762 2194 2983 2242 aberrare
3020 2193 3300 2257 patiamini,
3334 2197 3418 2244 aut
3454 2196 3725 2247 rationibus

2154 2291 2320 2341 alienis
2332 2303 2361 2340 a
2378 2303 2521 2340 causa
2544 2291 2629 2340 niti
2654 2310 2667 2340 ε
2690 2291 2773 2340 sed
2788 2328 2803 2353 ,
2820 2291 3231 2354 quemadmodum
3260 2293 3309 2342 in
3326 2293 3697 2346 decursionibus
3708 2334 3723 2358 ,

2156 2397 2205 2446 in
2223 2395 2377 2458 ipsum
2394 2395 2566 2457 negotii
2586 2407 2781 2444 cursum
2799 2395 3109 2458 compellatis.
3173 2401 3295 2455 Quae
3314 2398 3355 2446 si
3370 2398 3579 2448 feceritis
3591 2438 3605 2456 ‚
3624 2415 3723 2450 non
3806 2397 3809 2406 ’

2158 2495 2523 2544 contemnamini
2541 2531 2556 2556 ,
2575 2494 2657 2543 sed
2684 2493 2852 2544 iisdem
2870 2494 3043 2544 animis
3060 2495 3192 2545 eritis
3210 2496 3259 2545 in
3288 2497 3537 2548 sententiis
3560 2499 3728 2548 dicen-

2156 2595 2260 2657 dis,
2287 2597 2463 2658 quibus
2488 2596 2601 2645 catis
2620 2596 2669 2644 in
2690 2595 2871 2658 legibus
2890 2595 3127 2646 serendis:
3158 2597 3233 2646 ain
3264 2597 3451 2658 minus,
3470 2600 3725 2648 existima-

2158 2698 2279 2748 bunt
2296 2734 2311 2758 ,
2333 2712 2419 2748 vos
2431 2733 2446 2759 ,
2465 2712 2617 2760 quum
2636 2698 2977 2748 committenda
3000 2703 3143 2750 erunt
3164 2699 3425 2763 maleticia,
3444 2705 3727 2764 prrcsentire

2158 2803 2301 2862 atque
2322 2800 2491 2862 irasci,
2510 2799 2594 2848 ubi
2612 2800 2865 2850 commissa
2882 2801 3058 2849 suerint
3072 2838 3085 2860 ,
3104 2801 3221 2850 niliil
3240 2815 3297 2850 ea
3314 2814 3500 2852 curare.

2225 2903 2325 2950 177.
2359 2905 2427 2949 Ac
2456 2902 2511 2949 ut
2541 2889 2821 2948 summatim
2850 2897 3009 2948 dicam
3026 2935 3041 2961 ,
3062 2899 3101 2948 si
3134 2900 3416 2962 puniveritis
3444 2903 3724 2964 maleficos,

2160 3006 2285 3067 leges
2303 3005 2473 3055 vestrm
2492 3005 2541 3054 ct
2554 3003 2767 3054 lionoetae
2786 3005 2927 3054 erunt
2944 3007 2994 3053 et
3012 3007 3129 3054 ratoe
3148 3023 3161 3054 ι
3180 3004 3255 3054 sin
3274 3005 3575 3056 absolveritis
3590 3043 3605 3068 ,
3630 3009 3721 3058 bo-

2158 3117 2305 3164 nestae
2324 3113 2605 3174 dumtaxat,
2624 3126 2724 3162 non
2744 3113 2859 3162 item
2878 3115 3009 3162 τοίω.
3074 3113 3261 3171 Quibus
3285 3087 3447 3164 autem
3474 3115 3536 3164 «le
3566 3119 3725 3167 causis

2158 3219 2262 3268 lia’c
2279 3220 2462 3281 dicam,
2486 3232 2581 3268 non
2600 3219 2828 3268 dubitabo
2850 3219 2997 3268 libere
3021 3218 3149 3281 apud
3175 3233 3259 3268 ιιοε
3283 3233 3551 3282 exponere,
3572 3220 3723 3285 idque

2160 3324 2369 3374 adducto
2402 3323 2637 3386 exemplo.
2702 3326 2801 3372 cur
2840 3322 3049 3386 putatis,
3090 3323 3426 3384 Athenienses,
3474 3323 3603 3385 leges
3632 3339 3723 3376 vos

2160 3427 2337 3477 habere
2366 3426 2517 3476 bonas
2525 3464 2542 3490 ,
2568 3426 2761 3476 decreta
2784 3439 2897 3474 vero
2924 3424 3161 3474 deteriora
3178 3461 3193 3486 ‚
3227 3427 3277 3474 et
3306 3425 3569 3474 sententias
3586 3427 3721 3486 iudi-

2159 3527 2344 3575 ciorum
2391 3525 2647 3586 aliquando
2694 3522 3005 3586 reprebendi?
3086 3525 3186 3584 Ego
3234 3537 3403 3572 causas
3444 3525 3719 3576 ostendam.

2160 3625 2289 3686 (178)
2312 3624 2449 3682 Quod
2478 3624 2603 3685 legae
2624 3622 2843 3682 sancitis,
2872 3621 3031 3670 omnis
3048 3621 3289 3684 acquitatis
3318 3621 3481 3671 habita
3504 3625 3721 3686 ratione,

2158 3739 2257 3774 non
2291 3725 2453 3788 injusti
2488 3725 2606 3774 lucri
2639 3735 2782 3773 causa
2800 3758 2816 3783 ,
2848 3735 2945 3771 non
2974 3735 3034 3771 ex
3064 3721 3347 3783 inimicitiis,
3377 3723 3461 3772 sed
3488 3723 3537 3772 in
3568 3725 3723 3786 ipsam

2156 3830 2389 3892 justitiam
2412 3829 2666 3878 dumtaxat
2698 3831 2746 3877 ct
2774 3827 3027 3876 utilitatem
3070 3826 3338 3888 intuentem
3374 3839 3527 3888 quum
3554 3831 3723 3878 autem

2158 3932 2439 3981 dexteritate
2460 3929 2759 3992 ingeniorum
2790 3928 2895 3978 aliis
2920 3927 3245 3988 antecellatis,
3280 3941 3377 3976 non
3408 3928 3589 3976 mirum
3618 3933 3719 3988 est,

2160 4049 2245 4086 vos
2262 4035 2601 4098 pulcherrimas
2620 4034 2805 4084 sancire
2820 4033 2944 4094 legas
2964 4051 2977 4080 ε
2998 4033 3047 4080 in
3066 4032 3378 4082 concionibus
3398 4035 3563 4082 autem
3581 4036 3631 4082 et
3644 4035 3725 4094 Ju-

2158 4141 2292 4188 diciis
2309 4175 2323 4200 ,
2352 4151 2477 4200 soepe
2498 4137 2723 4198 neglectis
2752 4138 2963 4198 ipsorum
2994 4136 3296 4197 negotiorum
3318 4135 3613 4198 rationibus,
3658 4139 3727 4187 ab

2157 4342 2409 4393 suetudine
2426 4340 2474 4389 in
2497 4339 2838 4388 controversias
2856 4338 3073 4386 omnium
3092 4337 3398 4399 injustissima
3417 4337 3719 4390 introducta.

2162 4445 2437 4497 t’crmittitis
2461 4445 2615 4506 euim,
2650 4446 2707 4492 ut
2741 4443 2772 4492 ii
2808 4441 2894 4504 qui
2927 4455 3096 4492 causas
3122 4441 3315 4504 dicunt,
3348 4442 3725 4494 recrimiuentur

2158 4571 2256 4618 eos,
2276 4569 2305 4604 a
2318 4555 2493 4617 quibus
2505 4554 2804 4602 accusantur.
2872 4553 3003 4614 (179)
3023 4553 3187 4612 ltaque
3200 4551 3353 4600 avulsi
3372 4564 3401 4600 a
3418 4550 3721 4611 defensione,

2156 4657 2423 4719 animisque
2438 4655 2499 4704 ad
2516 4655 2609 4704 alia
2632 4653 2866 4704 traductis
2880 4688 2895 4714 ‚
2918 4652 2967 4701 in
2987 4651 3301 4701 accusationis
3316 4651 3611 4701 oblivionem
3628 4653 3722 4700 im-

2158 4765 2313 4829 pulsi,
2354 4777 2413 4812 ex
2442 4760 2677 4825 proetoriis
2697 4757 2963 4818 disceditis,
2982 4757 3042 4808 de
3072 4759 3243 4806 neutro
3276 4757 3429 4820 poenis
3458 4759 3664 4819 sumptis
3704 4779 3717 4808 ι

2158 4881 2315 4932 neque
2345 4867 2406 4917 de
2438 4868 2715 4914 accusatore
2746 4863 2995 4926 (calculus
3016 4863 3145 4912 enim
3168 4864 3334 4912 contra
3370 4875 3482 4911 eum
3508 4875 3609 4912 non
3632 4863 3721 4912 da-

2156 4971 2305 5032 tur),
2324 4979 2481 5029 neque
2516 4965 2575 5014 de
2598 4977 2679 5014 reo
2704 4963 2839 5026 (aliis
2864 4963 2992 5012 enim
3024 4961 3363 5022 criminandiS,
3399 4960 3593 5022 obiecta
3622 4963 3719 5012 sibi

2157 5071 2355 5121 crimina
2378 5069 2695 5132 propulsando
2720 5068 2888 5131 effugit
2910 5081 2938 5116 e
2956 5065 3161 5130 judicio)
3188 5085 3199 5114 :
3220 5066 3345 5127 leges
3374 5068 3540 5114 autem
3572 5066 3719 5118 abro-

2156 5179 2344 5240 gautur,
2368 5179 2417 5226 et
2436 5175 2699 5238 respublica
2720 5173 2913 5236 interit,
2932 5178 2983 5224 et
3014 5172 3309 5224 consuetudo
3328 5173 3430 5222 liaec
3450 5172 3547 5220 late
3566 5185 3715 5234 vaga·

3552 5426 3612 5447 ‘·-.

3634 5455 3704 5485 g-
3738 5490 3756 5506 ἱ,

3764 5506 3815 5540 ..ἦ
