3825 5834
506 453 613 504 1⁴16

497 557 1033 640 καταμαρτυρηθέντα
1084 605 1092 614 .
1116 561 1571 640 Ἀριστογείτονος,
1651 561 1727 620 ὅτ’
1789 563 2042 640 ἐμπορίου

416 673 471 711 20
496 644 815 725 ἐπιμελητὴς
841 646 1021 725 λαχὼν
1044 648 1439 725 ἀπεδοκιμάσθη
1470 653 1569 710 ὑπὸ
1603 655 1705 708 τῶν
1745 651 1863 708 τότε
1893 652 2041 708 δικα-

496 736 685 805 ζόντων
720 735 897 817 ἄρχειν
932 735 1125 808 ταύτην
1162 735 1258 807 τὴν
1288 736 1487 816 ἀρχήν,
1548 741 1637 813 (ιι)
1659 735 1869 798 'Exest’
1900 739 2046 817 εἶρω·

494 825 701 884 νεύεσθε
744 825 868 904 πρὸς
898 826 1033 900 ὑμᾶς
1078 823 1294 900 αὐτούς,
1332 825 1423 882 καὶ
1451 825 1571 902 περὶ
1621 825 2046 904 Ἀριστογείτονος

498 911 766 988 μέλλοντες
802 909 973 989 φέρειν
1016 909 1109 980 τὴν
1155 913 1327 990 ψῆφον
1378 912 1567 970 ἐλεεῖτε
1580 955 1597 984 ,
1640 909 1692 976 ὃς
1740 910 1829 968 τὸν
1876 915 2038 970 αὑτοῦ

495 998 697 1076 πατέρα
738 999 911 1062 κακῶς
938 996 1287 1074 διατιθέμενον
1326 997 1427 1055 ὑπὸ
1470 999 1623 1072 λιμοῦ
1656 997 1751 1054 οὐκ
1790 996 2044 1068 ἠλέησεν;

496 1085 675 1144 ἔπειτα
704 1085 829 1162 παρ’
859 1086 1010 1158 ἡμῶν
1050 1082 1128 1142 ἔτι
1164 1083 1345 1160 λόγους
1388 1083 1593 1141 ἀκούειν
1637 1081 1881 1161 βούλεσθε
1926 1081 2046 1162 περὶ

496 1177 588 1242 τῆς
617 1169 1040 1250 Ἀριστογείτονος
1078 1171 1375 1246 τιμήσεως,
1418 1168 1476 1230 δν
1528 1169 1637 1228 ἴστε
1680 1169 1911 1247 dapne&
1967 1171 2046 1228 ὅτι

495 1257 707 1324 δικαίως
742 1257 808 1314 ἂν
846 1257 935 1316 καὶ
978 1259 1037 1316 ἐκ
1084 1263 1175 1316 τοῦ
1223 1258 1381 1316 ἄλλου
1426 1258 1540 1336 βίου
1584 1256 1675 1316 καὶ
1722 1259 1784 1315 ἐκ
1814 1261 1918 1315 τῶν
1958 1263 2046 1315 νῦν

497 1347 637 1426 αὐτῷ
670 1345 1052 1425 πεπραγμένων
1085 1348 1179 1416 τῆς
1204 1347 1275 1402 ἐσ·
1304 1345 1431 1416 άτης
1458 1345 1609 1423 τύχοι
1638 1343 1923 1424 τιμωρίας;
1956 1349 2046 1422 (12)

412 1459 463 1494 σε»
494 1437 610 1494 Οὐκ
638 1433 1025 1511 Ἀριστογείτων
1048 1433 1184 1490 ἐστίν
1204 1477 1221 1509 ,
1246 1455 1291 1490 ω
1320 1431 1601 1510 Ἀθηναῖοι,
1629 1436 1657 1490 ὁ
1685 1432 1820 1490 κατὰ
1842 1437 1937 1504 τῆς
1965 1435 2042 1490 le-

498 1520 637 1598 ρείας
656 1525 749 1590 τῆς
779 1519 1073 1597 Ἀρτέμιδος
1094 1524 1188 1592 τῆς
1214 1521 1546 1600 Βραυρωνίας
1584 1519 1797 1578 καὶτῶν
1839 1519 2044 1578 οἰκείων

496 1611 655 1677 αὐτῆς
694 1611 909 1666 τοιαῦτα
951 1606 1155 1686 γράψας
1181 1607 1271 1664 καὶ
1308 1607 1657 1686 ψευσάμενος,
1700 1605 1826 1666 ὥσθ’
1863 1611 2032 1685 ὑμᾶς,

498 1694 674 1767 ἐπειδὴ
705 1694 801 1764 τὴν
830 1694 1076 1765 ἀλήθειαν
1104 1693 1351 1752 ἐπύθεσθε
1388 1693 1533 1771 παρὰ
1566 1699 1668 1752 τῶν
1710 1692 2013 1770 κατηγόρων
2031 1739 2046 1764 ,

496 1781 647 1840 πέντε
692 1779 961 1839 ταλάντων
1008 1783 1231 1856 τιμῆσαι
1258 1779 1465 1861 τούτῳ,
1498 1778 1717 1858 ὅσονπερ
1758 1773 1819 1851 ἦν
1857 1780 1944 1838 ἐπὶ
1974 1785 2040 1859 τῇ

496 1873 599 1926 τῶν
620 1867 939 1949 παρανόμων
970 1871 1142 1947 γραφῇ
1171 1867 1380 1944 τίμημα
1418 1867 1898 1945 ἐπιγεγραμμένον;
1947 1869 2048 1946 οὐχ

497 1949 641 2024 οἶτος
682 1957 802 2035 πρὶν
842 1958 1042 2015 ἐκτῖσαι
1086 1963 1265 2026 τοῦτο,
1308 1961 1642 2035 συκοφαντῶν
1674 1955 1759 2014 τὸν
1795 1956 2046 2034 {vro-skei-

416 2061 469 2098 :io
496 2067 649 2102 νοντα
677 2046 822 2119 ὑμῶν
858 2042 948 2102 καὶ
976 2041 1141 2119 λέγων
1170 2043 1259 2099 καὶ
1282 2041 1493 2120 γράφων
1516 2043 1570 2098 ἐν
1589 2046 1665 2120 τῷ
1692 2039 1845 2120 δήμῳ
1867 2043 2048 2099 διατε-

496 2132 704 2201 τέλεκε,
754 2131 845 2188 καὶ
890 2133 1227 2208 καταφρονῶν
1276 2129 1495 2187 ἁπασῶν
1542 2133 1647 2188 τῶν
1696 2131 1960 2206 τιμωριῶν
1993 2127 2052 2186 αἳ

496 2217 633 2277 κατὰ
650 2222 753 2277 τῶν
780 2215 1091 2276 ἀδικούντων
1116 2219 1170 2274 ἐν
1192 2225 1299 2282 τοῖς
1324 2216 1500 2292 νόμοις
1527 2217 1627 2274 εἶσὶ
1651 2216 2046 2293 γεγραμμέναις

498 2306 585 2382 (ιε)
614 2310 697 2366 Οὐ
724 2305 785 2364 τὸ
802 2307 1100 2363 τελευταῖον
1123 2295 1269 2370 οὗτος
1298 2303 1573 2381 ἐνδειχθεὶς
1595 2301 1698 2362 ὑπὸ
1728 2303 2048 2382 Λυκούργου,

497 2393 587 2451 καὶ
615 2393 925 2471 ἐξελεγχθεὶς
955 2393 1174 2470 ὀφείλων
1204 2395 1279 2468 τῷ
1311 2390 1547 2470 δημοσίῳ
1594 2389 1782 2466 λέγειν,
1806 2394 1901 2447 οὐκ
1941 2389 2054 2457 ἐξὸν

499 2481 666 2559 αὐτῷ,
695 2481 785 2538 καὶ
818 2478 1130 2558 παραδοθεὶς
1156 2485 1266 2544 τοῖς
1295 2477 1477 2536 ἕνδεκα
1510 2479 1649 2537 κατὰ
1678 2477 1794 2544 τοὺς
1822 2478 2008 2554 νόμους
2029 2524 2047 2554 ,

498 2569 798 2645 περιπατῶν
838 2565 1128 2643 ἔμπροσθεν
1168 2567 1272 2622 τῶν
1316 2565 1661 2645 δικαστηρίων
1709 2567 1796 2625 καὶ
1846 2567 1918 2632 εἷς
1954 2565 2049 2636 τὴν

497 2653 775 2734 προεδρίαν
801 2657 902 2712 τῶν
924 2653 1224 2730 πρυτάνεων
1254 2651 1519 2728 ἐκάθιζεν;

588 2762 656 2802 ιι.
694 2731 833 2817 Εἶτ’,
860 2730 903 2799 ὦ
933 2741 1109 2819 ἄνδρες
1138 2739 1421 2812 Ἀθηναῖοι,
1449 2739 1503 2797 ὃν
1531 2742 1578 2797 οἱ
1600 2742 1753 2815 νόμοι
1784 2742 1879 2818 μὲν
1912 2743 2051 2800 πολ-

425 2852 473 2890 ss
504 2829 652 2894 λάκις
692 2830 814 2903 ὑμῖν
860 2825 1267 2905 παραδεδώκασι
1316 2825 1713 2905 τιμωρήσασθαι
1760 2831 2054 2911 κατεψηφι-

501 2917 696 2994 σμένον
725 2918 826 2974 ὑπὸ
852 2919 956 2974 τῶν
984 2917 1210 2974 πολιτῶν
1235 2915 1591 2993 ἐνδειχθέντα,
1620 2913 1841 2995 φυλάξαι
1866 2917 1908 2974 δ’
1945 2917 2051 2976 οὔθ’

502 3011 549 3064 οἱ
602 3005 784 3064 ἕνδεκα
844 3002 1143 3074 δεδύνηνται
1190 3001 1303 3060 οὔτε
1344 3002 1402 3059 τὸ
1458 3003 1841 3082 δεσμωτήριον,
1884 3004 2054 3084 τούτῳ

502 3091 813 3172 βουλήσεσθε
838 3089 1119 3170 συμὸούλῳ
1141 3093 1397 3169 χρῆσθαι;
1432 3090 1539 3149 Καὶ
1560 3093 1589 3148 ὁ
1613 3089 1707 3163 μὲν
1732 3091 1883 3167 νόμος
1904 3091 2052 3157 εὖξά·

502 3203 653 3255 μενον
682 3179 879 3237 κελεύει
908 3179 992 3236 τὸν
1034 3179 1237 3255 κήρυκα
1278 3179 1392 3251 μετ’
1418 3175 1674 3258 εὐφημίας
1709 3179 1930 3250 πολλῆς,
1958 3177 2055 3234 οὗ-

500 3291 601 3334 τως
624 3272 747 3342 ὑμῖν
778 3265 835 3322 τὸ
865 3263 1199 3343 βουλεύεσθαι
1236 3263 1357 3342 περὶ
1386 3267 1487 3321 τῶν
1521 3263 1846 3345 πραγμάτων
1879 3287 2051 3344 παρα-

502 3355 720 3414 διδόναι·
752 3357 896 3428 ὗμεῖς
928 3352 982 3411 δὲ
1011 3351 1097 3410 τὸν
1128 3349 1329 3409 ἀνόσιον
1354 3351 1442 3410 καὶ
1466 3351 1583 3429 περὶ
1610 3347 1808 3418 πάντας
1830 3352 2055 3431 πονηρὸν

508 3442 597 3501 καὶ
649 3439 879 3519 μάλιστα
928 3438 1048 3518 περὶ
1090 3437 1175 3495 τὸν
1206 3439 1391 3494 ἑαυτοῦ
1428 3435 1634 3517 πατέρα
1679 3438 2054 3513 γεγενημένον,

429 3551 481 3586 so
509 3533 688 3588 τοῦτον
716 3527 831 3598 μεθ’
859 3529 1005 3604 ὑμῶν
1033 3525 1121 3584 καὶ
1155 3522 1289 3602 μετὰ
1317 3527 1421 3582 τῶν
1449 3525 1710 3604 ὑμετέρων
1738 3525 1940 3582 οἰκείων
1967 3525 2056 3584 καὶ

503 3618 765 3696 συγγενῶν
813 3615 993 3674 ἐάσετε
1038 3612 1432 3688 πολιτεύεσθαι;
1518 3614 1615 3690 (ιε)
1670 3611 1779 3672 Καὶ
1824 3612 2052 3690 Δημάδῃ

504 3701 598 3778 μὲν
626 3700 715 3761 καὶ
758 3700 1078 3777 Δημοσθένει
1104 3701 1348 3778 οὐδεμίαν
1392 3698 1553 3780 ᾤεσθε
1594 3701 1699 3757 δεῖν
1744 3699 2053 3778 συγγνώμην

504 3792 670 3868 ἔχειν,
694 3788 773 3845 ὅτι
803 3789 943 3866 δῶρα
967 3789 1083 3845 καθ’
1106 3789 1252 3863 ὑμῶν
1272 3785 1657 3865 ἐξηλέγχθησαν
1681 3787 2054 3862 λαμὸάνοντες,

506 3875 621 3930 ἀλλ’
674 3873 1092 3949 ἐτιμωρήσασθε,
1138 3873 1229 3931 καὶ
1283 3873 1529 3944 δικαίως,
1560 3865 1634 3939 οἷς
1670 3875 1715 3930 εἰ
1761 3873 1835 3950 μὴ
1880 3875 2052 3932 πάντα

508 3960 643 4017 ἀλλὰ
670 3961 842 4018 πολλά
886 3983 945 4035 γε
976 3959 1180 4018 σύνιστε
1222 3959 1462 4037 χρήσιμα
1490 3961 1905 4037 πολιτευομένοις
1923 3980 1938 3994 ·
1966 3963 2052 4020 τὸν

506 4047 561 4105 δὲ
598 4045 891 4124 κατάρατον
916 4051 1097 4105 τοῦτον
1116 4090 1133 4122 ,
1164 4045 1218 4112 ὃς
1248 4047 1438 4124 ἀγαθὸν
1470 4046 1563 4120 μὲν
1596 4053 1729 4124 ὑμᾶς
1772 4050 2054 4122 πεποίηκεν

408 4131 623 4196 ΙΟῒοῦδὲ
666 4132 877 4190 πώποτε
905 4131 956 4200 ἐξ
988 4123 1047 4190 οὗ
1088 4133 1215 4210 πρὸς
1254 4133 1347 4203 τὴν
1376 4133 1640 4192 πολιτείαν
1668 4137 2051 4212 προσελήλυθε,

506 4220 668 4278 κακὸν
696 4220 740 4278 δ’
762 4221 842 4277 ὅτι
887 4219 1099 4285 δυνατός
1140 4223 1279 4278 ἐστιν
1297 4263 1313 4290 ,
1344 4219 1601 4299 ἀφήσετε,
1638 4223 1742 4280 Καὶ
1772 4223 1845 4287 τίς
1872 4226 1964 4281 οὐκ
1995 4225 2056 4282 ἂν

507 4306 831 4384 ἐγκαλέσειεν
858 4309 983 4382 ὑμῖν
1030 4315 1134 4373 τοῖς
1182 4312 1361 4364 τοῦτον
1390 4309 1683 4385 δεχομένοις
1728 4310 2054 4387 σύμβουλον,

504 4396 680 4456 ιΌταν
698 4395 802 4476 γὰρ
822 4394 1087 4472 ἄνθρωπος
1104 4394 1359 4475 γνώριμος
1373 4394 1463 4454 καὶ
1478 4395 1692 4474 φανερὸς
1710 4397 1798 4455 καὶ
1812 4397 2057 4476 περιὸόη-

505 4509 593 4543 τον
612 4482 705 4554 τὴν
734 4482 989 4560 πονηρίαν
1012 4482 1157 4560 παρὰ
1176 4490 1307 4541 πᾶσι
1327 4490 1431 4548 τοῖς
1453 4482 1692 4550 πολίταις
1721 4483 1855 4563 ἔχων
1883 4487 2056 4560 δημη·

506 4573 669 4650 γορῇ,
698 4570 813 4628 τότε
840 4567 956 4634 τοὺς
975 4565 1255 4634 ἀκούοντας
1284 4571 1419 4644 ὑμᾶς
1448 4569 1496 4626 οἱ
1520 4571 1914 4648 περιεστηκότες
1933 4578 2057 4631 θαυ·

445 4676 469 4711 ε
506 4659 725 4735 μάζουσι
744 4703 759 4728 ,
786 4655 1002 4736 πότερον
1024 4655 1257 4732 βελτίους
1286 4657 1379 4715 οὐκ
1401 4655 1547 4734 ἔχετε
1571 4656 1891 4734 συμὸούλους
1912 4655 1948 4728 ἢ
1969 4659 2056 4717 καὶ

505 4747 715 4824 χαίρετε
734 4747 837 4802 τῶν
856 4743 1099 4803 τοιούτων
1118 4743 1404 4810 ἀκούοντες.
1492 4745 1588 4822 (ts)
1610 4745 1733 4823 Χρὴ
1755 4747 1835 4816 δέ,
1850 4735 1895 4804 ὦ
1912 4747 2060 4816 Ἀθη-

508 4841 674 4909 ναῖοι,
706 4831 885 4910 ὥσπερ
926 4835 973 4890 οἱ
1022 4835 1218 4911 πρῶτοι
1270 4829 1542 4905 νομοθέται
1576 4831 1695 4910 περὶ
1731 4835 1834 4890 τῶν
1881 4835 1935 4889 ἐν
1983 4836 2058 4910 τῷ

508 4919 660 4996 δήμῳ
704 4918 957 4994 λεγόντων
996 4928 1101 4984 τοῖς
1143 4916 1411 4996 προγόνοις
1454 4919 1606 4995 ἡμῶν
1638 4917 2054 4992 ἐνομοθέτησαν,

508 5002 643 5062 οὕτω
662 5002 750 5060 καὶ
771 5007 905 5078 ὑμᾶς
928 5008 1102 5074 ζητεῖν
1127 5003 1350 5076 ἀκούειν,
1375 5002 1459 5061 ἵνα
1486 5002 1715 5082 βελτίους
1739 5002 1856 5071 τοὺς
1881 5027 2058 5083 πρασ-

510 5090 684 5154 ιόντας
722 5093 841 5164 ὑμῖν
878 5089 1153 5162 ποιήσητε.
1242 5093 1365 5157 Πῶς
1399 5081 1485 5149 οὗν
1506 5094 1688 5149 ἐκεῖνοι
1718 5091 1838 5169 περὶ
1862 5090 2056 5149 τούτων

511 5175 817 5254 ἐγίνωσκον,
855 5180 1059 5256 πρῶτον
1110 5177 1202 5254 μὲν
1236 5176 1349 5236 καθ’
1396 5177 1619 5249 ἑκάστην
1661 5177 1887 5258 δημοσίᾳ
1931 5177 2058 5255 ἀρὰς

1352 443 1784 504 ΔΕΙΝΑΡΧΟΥ
1826 446 1875 501 Ο
1922 445 2119 503 ΚΑΤΑ
2165 446 2839 510 ΑΡΙΣΤΟΓΕΙΤΟΝΟΣ.

3483 445 3684 524 {st-ss.)

2135 575 2210 623 tor
2236 581 2365 626 sorte
2399 575 2672 638 decimatus
2709 579 2863 637 esset,
2895 589 2924 624 a
2962 575 3202 637 jndicibus
3243 575 3551 636 reprobatum
3584 589 3690 627 esse

2134 679 2299 738 utpote
2330 679 2486 728 virum
2525 679 2610 742 qui
2644 680 2735 729 boe
2773 679 3049 740 magistratu
3090 676 3364 740 ῐυυςαειιιι·
3405 677 3690 740 indignum?

2136 779 2178 840 (1
2195 781 2234 844 Ι)
2261 783 2374 831 llaec
2398 794 2550 843 quum
2579 782 2643 830 ita
2667 781 2785 841 sint,
2811 781 3186 830 dissimulatione
3215 778 3403 828 utimini
3424 778 3476 826 in
3499 783 3692 827 vosmet

2135 885 2263 947 ipsos
2281 921 2295 945 ,
2321 887 2370 934 et
2389 883 2452 934 de
2473 883 2787 945 Aristogitone
2823 883 3048 945 suffragia
3073 882 3212 932 laturi
3228 917 3244 943 ,
3269 880 3560 931 miseremini
3583 879 3692 940 ejus

2135 993 2216 1054 qui
2240 993 2387 1053 patris
2407 991 2479 1041 sui
2513 991 2635 1041 tame
2657 991 2912 1041 laborantis
2933 1003 3030 1040 non
3053 991 3276 1040 misertus
3293 991 3402 1038 est?
3421 989 3486 1038 Et
3507 1001 3534 1037 e
3553 988 3694 1036 nobis

2135 1097 2371 1146 orationes
2393 1095 2558 1144 audire
2599 1095 2743 1145 vultis
2777 1095 2840 1145 de
2877 1095 3205 1156 Aristogitonis
3237 1106 3408 1156 poena,
3437 1107 3584 1156 quem
3613 1105 3700 1154 op-

2135 1199 2250 1249 time
2273 1201 2420 1250 nostis
2451 1203 2554 1250 tum
2585 1199 2650 1250 ob
2689 1201 2954 1250 anteactam
3001 1199 3148 1248 vitam
3181 1203 3282 1247 tum
3319 1197 3386 1247 ob
3409 1210 3579 1246 recens
3603 1211 3691 1259 pa-

2137 1306 2260 1354 trata
2283 1304 2504 1354 ultimum
2545 1303 2775 1354 merubse
2809 1303 3132 1366 supplicium?
3175 1302 3274 1364 (12)
3305 1303 3476 1350 Nonne
3515 1301 3596 1349 hic
3617 1305 3694 1349 est

2138 1409 2419 1470 Aristogiton
2438 1443 2453 1468 ,
2491 1409 2835 1468 Athenienses,
2871 1409 2954 1470 qui
2999 1411 3166 1456 contra
3203 1406 3368 1454 Dianae
3413 1406 3692 1454 &auroniae

2135 1512 2428 1561 sacerdotem
2449 1511 2646 1574 ejusque
2667 1511 2921 1561 familiares
2946 1509 3184 1572 ejusmodi
3218 1483 3460 1558 actionem
3489 1509 3692 1558 menda-

2135 1615 2252 1665 citer
2266 1615 2498 1674 institnit,
2525 1615 2580 1663 ut
2597 1627 2684 1663 vos
2698 1650 2713 1675 ,
2735 1615 2934 1664 veritate
2955 1615 3019 1662 ab
3043 1613 3397 1662 accusatoribus
3425 1619 3692 1675 comperta,

2135 1719 2347 1781 quinque
2375 1718 2665 1767 talentorum
2693 1718 2922 1766 mulctam
2963 1716 3078 1766 huic
3117 1716 3472 1778 irrogaveritis,
3509 1719 3692 1778 quanta

2138 1823 2232 1872 litis
2253 1822 2312 1873 de
2341 1822 2528 1872 violatis
2557 1821 2738 1883 legibus
2779 1821 3093 1872 &nmatione
3128 1821 3304 1883 scripta
3343 1823 3478 1872 erat?
3519 1824 3694 1871 Nonne

2137 1933 2214 1982 hic
2245 1933 2499 1994 antequam
2535 1931 2763 1980 mulctam
2785 1930 2905 1980 lianc
2929 1931 3246 1992 persolveret,
3269 1942 3298 1980 e
3320 1929 3462 1978 vobis
3489 1929 3692 1978 obvium

2136 2049 2375 2100 quemque
2395 2035 2595 2085 dicendo
2621 2035 2963 2098 scribendoque
2984 2031 3362 2084 calumniabatur
3385 2069 3401 2096 ,
3427 2047 3696 2096 omnesque

2136 2159 2248 2208 qum
2265 2146 2430 2194 contra
2459 2143 2658 2205 injurios
2693 2145 2740 2192 in
2777 2143 2962 2204 legibus
3001 2143 3191 2204 scriptae
3215 2147 3330 2190 sunt
3357 2155 3528 2204 poenas
3553 2143 3692 2190 flocci

2139 2247 2406 2308 pendebat?
2425 2249 2524 2310 (13)
2551 2251 2720 2298 Nonne
2745 2249 2984 2310 postremo
3013 2246 3092 2295 hic
3117 2259 3147 2295 a
3177 2249 3394 2308 Lycurgo
3425 2246 3614 2296 delatus
3643 2253 3696 2295 et

2138 2353 2388 2401 convictus
2437 2365 2518 2412 se,
2563 2353 2682 2401 dum
2736 2353 2906 2402 aerario
2943 2351 3104 2414 adhuc
3141 2351 3366 2410 deberet,
3413 2353 3694 2400 concionari

2141 2453 2302 2515 (quod
2323 2465 2420 2502 non
2451 2452 2668 2513 licebat),
2697 2455 2746 2500 et
2771 2450 3108 2500 undecimi-iris
3127 2461 3189 2499 ex
3213 2450 3312 2512 lege
3341 2449 3546 2499 traditus
3579 2455 3698 2498 ante

2136 2556 2315 2618 judicia
2355 2558 2630 2608 anibulabat
2670 2561 2718 2608 et
2763 2559 2810 2606 in
2865 2559 3024 2607 locum
3073 2557 3352 2619 prytanibus
3396 2561 3694 2607 reservatum

2139 2658 2444 2707 considebat?

2205 2757 2277 2802 1⁴.
2316 2751 2523 2815 Deinde,
2561 2752 2896 2812 Athenienses,
2928 2764 3072 2811 quem
3117 2751 3298 2800 actione
3337 2764 3366 2800 a
3393 2750 3580 2801 civibus
3615 2755 3690 2801 in·

2140 2848 2276 2895 tenta
2291 2845 2660 2894 condemnatum
2680 2844 2853 2905 saepius
2878 2844 3000 2904 leges
3023 2843 3156 2894 vobis
3177 2843 3462 2906 puniendum
3477 2845 3694 2894 tradide-

2139 2940 2281 2998 runt,
2307 2950 2548 3000 quemque
2581 2949 2732 2999 neque
2755 2935 3070 2984 undecimviri
3095 2948 3246 2998 neque
3270 2949 3430 2986 carcer
3451 2937 3698 2986 custodire

2142 3032 2427 3092 potuerunt,
2469 3029 2562 3078 hoc
2600 3041 2686 3078 vos
2729 3028 2928 3078 utemini
2963 3029 3271 3077 consiliario?
3293 3031 3352 3076 Et
3383 3029 3458 3078 lex
3495 3030 3696 3092 quidem

2137 3121 2273 3183 jubet
2299 3134 2569 3182 przeconem
2613 3121 2800 3170 nonnisi
2833 3122 2939 3182 post
2964 3133 3129 3182 preces
3151 3133 3340 3170 summa
3367 3134 3477 3170 cum
3511 3125 3698 3172 saneti-

2141 3215 2300 3264 monia
2329 3215 2478 3264 tactas
2496 3214 2632 3263 vobis
2651 3213 2946 3263 deliberandi
2963 3215 3024 3263 de
3051 3213 3194 3265 rebus
3211 3215 3450 3275 negotium
3467 3215 3664 3264 tradere
3685 3235 3700 3264 :

2143 3321 2228 3356 vos
2249 3309 2408 3357 autem
2435 3307 2632 3370 impium
2659 3307 2824 3366 istum,
2840 3307 2922 3368 qui
2941 3319 3092 3369 quum
3117 3307 3164 3354 in
3189 3308 3372 3356 ceteros
3393 3319 3567 3354 omnes
3591 3311 3700 3356 tum

2143 3413 2255 3449 vero
2289 3401 2338 3449 in
2371 3402 2552 3462 patrem
2581 3398 2934 3460 improbitatem
2957 3411 3096 3448 suam
3135 3399 3426 3460 expromsit,
3471 3411 3588 3446 cum
3615 3411 3702 3446 το-

2142 3494 2214 3542 bis
2250 3497 2296 3540 et
2343 3492 2653 3542 familiaribus
2694 3493 2866 3541 vestiis
2905 3491 3214 3553 cognatisque
3243 3504 3318 3540 res
3345 3490 3565 3552 publicas
3597 3497 3700 3538 tra-

2143 3589 2272 3635 ctare
2312 3585 2594 3646 patiemini?
2619 3585 2717 3646 (15)
2755 3589 2812 3633 Et
2836 3585 3034 3633 Demadi
3062 3584 3260 3646 quidem
3295 3595 3354 3631 ae
3377 3583 3702 3632 Demostheni

2143 3677 2322 3724 nullam
2347 3677 2595 3726 censuistis
2616 3675 2822 3724 dandam
2858 3687 2960 3724 esse
2988 3675 3172 3724 veniam
3191 3710 3205 3732 ‚
3231 3679 3397 3737 utpote
3417 3673 3548 3724 dona
3581 3688 3704 3723 con·

2141 3769 2215 3816 tra
2249 3779 2332 3816 vos
2381 3770 2620 3829 accepisse
2663 3767 2921 3827 convictis,
2970 3766 3052 3816 sed
3085 3766 3365 3827 punivistis,
3407 3767 3556 3828 idque
3586 3767 3704 3828 juve

2145 3861 2341 3919 merito,
2389 3861 2514 3909 viros
2539 3861 2654 3908 istos
2678 3872 2830 3922 quos,
2849 3861 2888 3909 si
2933 3871 3027 3908 non
3067 3861 3254 3917 omnia,
3277 3859 3427 3908 multa
3461 3863 3626 3907 tamen
3655 3866 3709 3908 ἰιι

2143 3953 2393 4002 utilitatem
2426 3955 2628 4002 vestram
2673 3951 3032 4000 administrasse
3079 3951 3284 3999 novistis
3324 3963 3338 3997 ι
3395 3949 3528 3997 hune

2143 4046 2508 4106 exsecrabilem,
2528 4046 2610 4107 qui
2649 4045 2762 4094 boni
2793 4043 2986 4106 quidem
3011 4043 3126 4092 nihii
3153 4055 3390 4104 unquam,
3423 4055 3482 4090 ex
3513 4055 3618 4103 quo
3639 4045 3707 4091 ad

2143 4137 2483 4200 rempublicam
2503 4137 2731 4194 accessit,
2757 4137 2804 4184 in
2825 4147 2912 4184 vos
2943 4133 3148 4183 contulit
3165 4167 3180 4191 ,
3201 4131 3380 4180 malum
3401 4134 3568 4181 autem
3589 4132 3710 4181 fecit

2142 4231 2374 4292 quantum
2402 4229 2559 4291 potuit
2574 4264 2589 4287 ,
2613 4227 2898 4277 absolvetis?
2925 4230 2985 4276 Et
3010 4227 3118 4288 quis
3153 4237 3240 4274 vos
3265 4237 3360 4275 non
3380 4225 3708 4282 accusaverit,

2142 4325 2180 4372 si
2205 4324 2333 4372 hunc
2360 4321 2624 4372 admittatis
2661 4319 3017 4370 consiliarium?
3041 4318 3246 4375 Quando
3273 4319 3400 4366 enim
3438 4317 3512 4365 vir
3541 4319 3708 4364 mani-

2145 4419 2278 4466 festae
2299 4418 2350 4464 et
2367 4416 2496 4463 notae
2509 4426 2566 4463 ac
2585 4412 2874 4475 pervulgatae
2897 4411 3022 4475 apud
3043 4423 3209 4459 omnes
3229 4411 3357 4458 cives
3379 4406 3714 4470 improbitatis

2143 4508 2466 4567 concionatur,
2481 4519 2570 4554 vos
2586 4505 2672 4568 qui
2695 4516 2835 4554 aures
2859 4504 2971 4552 huic
2991 4501 3242 4565 praebeatis
3263 4501 3464 4550 miratur
3485 4499 3680 4549 circum
3693 4527 3710 4537 -

2142 4605 2274 4652 stans
2291 4612 2467 4650 corona
2487 4604 2537 4648 et
2563 4585 2846 4647 mirabunda
2869 4595 3042 4658 qnaerit
3069 4597 3228 4642 utrum
3245 4591 3464 4641 meliores
3485 4605 3588 4640 non
3615 4592 3712 4639 laa-

2144 4695 2294 4764 beatis
2347 4691 2643 4743 consiliarios
2687 4703 2747 4738 an
2797 4689 2917 4738 tales
2964 4687 3200 4737 audiendo
3249 4684 3323 4733 vel
3367 4685 3708 4734 delectemini.

2145 4795 2244 4857 (16)
2284 4795 2485 4856 oportet
2531 4803 2672 4852 vero,
2716 4789 3028 4838 Athenienses
3049 4823 3064 4848 ,
3100 4783 3508 4848 quemadmodum
3559 4783 3714 4844 primi

2146 4891 2437 4953 legislatores
2451 4889 2513 4938 de
2531 4888 2586 4938 iis
2606 4889 2688 4950 qui
2709 4899 2870 4935 coram
2899 4883 3078 4948 popul&
3093 4883 3306 4932 dicerent
3329 4881 3599 4940 majoribus
3619 4895 3710 4930 no·

2143 4986 2255 5035 stris
2295 4983 2716 5046 proeecripsertunt,
2765 4981 2834 5030 sic
2875 4991 2962 5028 vos
3001 4989 3194 5039 quoque
3234 4979 3290 5023 ut
3331 4974 3542 5024 audiatis
3589 4973 3714 5021 dare

2143 5093 2363 5144 operam,
2388 5091 2488 5142 quo
2513 5091 2598 5128 eos
2629 5077 2711 5138 qui
2753 5075 2812 5124 ad
2846 5087 2928 5123 vos
2962 5071 3194 5123 accedant
3230 5071 3414 5120 facistis
3455 5069 3709 5118 meliores.

2146 5185 2252 5241 Quo
2275 5183 2415 5245 igitur
2431 5181 2576 5231 modo
2601 5179 2668 5229 illi
2689 5178 2750 5228 de
2769 5179 2842 5228 liis
2865 5175 3132 5226 sentiebant
3145 5177 3166 5220 ἓ
3193 5171 3406 5222 Primum
3431 5170 3482 5221 in
3501 5169 3712 5230 singulis

3580 3962 3702 3998 vero
