3825 5834
1134 416 1471 477 nssnoms
1512 418 1643 479 ΟΒ.
1689 418 1789 479 DE
1834 422 2280 484 REPUBLlCA.

144 544 439 613 ἐπιδείξαντα
468 554 655 618 πᾶσιν,
678 540 795 603 οἵαν
834 544 995 611 οὐδεὶς
1018 544 1153 605 οὕτω
1182 546 1405 625 σκληρὸς
1434 547 1549 606 οὐδὲ
1576 569 1662 623 μι-

144 632 413 713 σάνθρωπός
434 636 573 691 ἐστιν
604 632 747 700 ὅστις
774 632 1059 711 ἀδάκρυτος
1088 632 1153 691 ἂν
1178 634 1511 713 διηγήσαιτο.
1593 634 1665 695 Τί

144 720 229 799 γὰρ
254 722 341 778 οὐκ
372 720 574 797 ἐγένετο
601 723 707 779 τῶν
741 720 999 797 μεγίστων
1022 725 1231 793 κακῶν;
1273 728 1332 780 οὖ
1366 726 1547 789 παῖδες
1575 724 1664 782 καὶ

143 816 352 883 γυναῖκες
376 807 466 865 καὶ
498 807 723 883 πατέρες
746 807 979 887 γέροντες
1004 808 1096 866 καὶ
1120 808 1339 889 μητέρες
1362 810 1541 888 θεωροὶ
1568 834 1664 868 κα-

142 891 369 964 τέστησαν
398 894 865 970 ἀποθνησκόντων,
902 898 950 953 οἱ
988 895 1085 973 μὲν
1112 896 1381 977 πατέρων,
1414 900 1469 955 αἱ
1502 896 1546 955 δ’
1572 900 1662 955 ἀν·

142 982 281 1056 δρῶν,
304 984 355 1039 αἱ
377 981 431 1039 δὲ
448 982 657 1039 παίδων
672 1026 689 1054 ,
711 985 765 1039 αἱ
788 979 881 1059 μὲν
902 984 954 1040 ἐν
980 985 1095 1049 ταῖς
1122 984 1292 1041 αὐτῶν
1312 983 1465 1063 χερσὶ
1488 987 1663 1042 τελευ·

83 1085 121 1122 ιε
140 1066 317 1124 τώντων
330 1069 417 1125 τὸν
438 1069 581 1148 βίον,
598 1072 653 1127 αἱ
674 1070 719 1127 δ’
736 1072 790 1127 ἐν
806 1077 910 1136 τοῖς
925 1068 1190 1146 πολεμίοις
1210 1070 1661 1151 διαφθειρομένωνς

140 1155 277 1220 οἰκίας
288 1154 338 1213 δὲ
348 1156 861 1231 κατασκαπτομένας
874 1156 965 1215 καὶ
978 1156 1231 1235 χρήματα
1248 1160 1633 1238 διαρπαζόμενα
1646 1184 1660 1233 ;

138 1242 214 1298 καὶ
246 1242 303 1299 τὸ
340 1242 551 1301 πάντων
592 1243 915 1317 δεινότατον,
954 1245 1111 1302 ὁπότε
1152 1242 1302 1323 τύχοι
1341 1250 1444 1303 τῶν
1490 1249 1660 1305 αὐτῶν

138 1331 261 1405 ἱερῶν
286 1332 541 1388 κοινωνῶν
568 1333 599 1389 ὁ
624 1336 789 1388 ταῦτα
818 1332 950 1408 δρῶν
972 1331 1061 1389 καὶ
1085 1335 1177 1402 τῆς
1198 1334 1357 1403 αὐτῆς
1379 1336 1543 1413 φυλῆς
1560 1333 1661 1407 ὧν,

138 1406 419 1493 ᾧπροσῆκεν
444 1420 718 1493 ἐπαμῦναι
744 1417 881 1475 κατά
908 1441 967 1495 γε
995 1418 1187 1495 νόμον,
1217 1419 1352 1479 ἀλλὰ
1377 1426 1451 1497 μὴ
1478 1445 1656 1501 παρα-

136 1502 275 1577 νόμως
294 1502 584 1581 ἀπολέει-αις
608 1504 695 1562 ὅτε
721 1503 810 1561 καὶ
834 1505 938 1570 τοῖς
965 1504 1201 1584 γέρουσιν
1226 1506 1390 1583 ἐφάνη
1417 1508 1659 1589 συμφορὰ

134 1590 183 1646 τὸ
212 1597 387 1669 γῆρας,
426 1591 519 1649 καὶ
558 1599 669 1657 τοῖς
708 1594 943 1671 ὀρφανοῖς
970 1591 1239 1660 ὡσαύτως.
1324 1594 1433 1654 Καὶ
1465 1596 1657 1653 τούτων

74 1698 115 1737 2⁰
134 1677 202 1735 τὸν
222 1679 369 1738 αἴτιον
385 1682 497 1746 πῶς
518 1681 581 1737 οὗ
610 1677 715 1758 χρὴ
734 1683 905 1745 κακῶς
925 1682 1051 1759 δρᾶν
1072 1681 1383 1757 δυναμένους
1406 1706 1462 1758 γε
1476 1728 1493 1754 ,
1521 1688 1655 1759 ἀμυ·

134 1766 337 1839 νομένους
364 1766 458 1843 μὲν
494 1756 572 1823 ὧν
606 1765 841 1845 ὑπῆρξε,
882 1774 1239 1847 τιμωροῦντας
1275 1766 1329 1827 δὲ
1374 1770 1479 1835 τοῖς
1518 1772 1653 1826 ἀπο-

131 1858 363 1927 θανοῦσιν,
385 1855 738 1933 οἰκτείραντας
760 1852 815 1911 δὲ
836 1852 951 1920 τοὺς
976 1854 1451 1933 ἀποστερηθέντας
1476 1858 1532 1914 οὗ
1556 1855 1655 1935 γὰρ

130 1940 260 2013 μόνον
288 1946 523 2000 τοσοῦτον
564 1940 763 2019 ἀγαθόν
793 1942 961 2017 ἔστιν,
1003 1941 1083 2000 ὅτι
1118 1946 1223 2001 τῶν
1256 1942 1654 2021 παροιχομένων

128 2027 369 2106 ληψόμεθα
394 2029 548 2099 δίκην
566 2072 585 2099 ,
618 2027 735 2085 ἀλλ’
757 2026 836 2085 ὅτι
861 2028 1199 2108 παράδειγμα
1222 2035 1375 2088 τοῦτο
1399 2030 1654 2099 δείξαντες

125 2114 463 2191 ἀποδιδάξομεν
484 2113 609 2182 τοὺς
628 2114 817 2181 ἄλλους
836 2114 911 2191 μὴ
932 2116 1151 2193 νομίζειν
1175 2116 1381 2196 εὕρημα
1404 2118 1499 2189 τὴν
1521 2123 1652 2195 ἡμε-

126 2200 255 2279 τέραν
293 2202 539 2281 διαφορὰν
584 2201 722 2277 μηδὲ
768 2202 883 2281 μεθ’
927 2206 1077 2275 ἡμῶν
1108 2202 1459 2263 ἔπιδουλεύειν
1504 2207 1648 2281 ἡμῖν.

124 2286 229 2345 Ἐὰν
256 2288 305 2345 δὲ
329 2294 477 2347 τοῦτο
498 2288 751 2367 γένηται,
775 2289 973 2357 πολλὰς
1001 2291 1215 2357 ἐλπίδας
1234 2291 1341 2369 ἔχω
1365 2292 1497 2366 μηδὲ
1524 2316 1649 2351 στα-

61 2390 103 2429 2⁵
124 2374 291 2431 σιάσειν
308 2380 471 2451 ἡμᾶς,
496 2376 631 2435 ὅταν
653 2376 917 2456 ἐπίκουροι
937 2376 1239 2455 μηδαμόθεν
1260 2377 1381 2436 ἴωσι
1405 2387 1509 2446 τοῖς
1532 2382 1646 2438 ἐπι-

118 2458 435 2521 &inionem

182 2566 225 2610 4.
264 2548 413 2609 Οὕτω
438 2549 536 2629 μὲν
562 2541 655 2608 οὗν
680 2552 873 2629 ἀγαθόν
898 2552 1037 2610 ἐστιν
1072 2553 1200 2630 ἡμῖν
1228 2553 1496 2621 ἐθελοντὰς
1518 2558 1643 2633 ὁμο-

120 2634 307 2709 λογῆσαι
326 2641 688 2715 συμπολεμεῖν
717 2643 822 2706 τοῖς
848 2641 1269 2718 παρακαλοῦσιν·
1304 2643 1374 2708 ὣς
1403 2640 1447 2699 δ’
1476 2645 1641 2720 ἀναγ-

121 2722 239 2780 καῖόν
258 2725 415 2797 ἐστιν,
435 2728 495 2783 ἐκ
518 2728 633 2783 τῶν
652 2726 934 2785 ἐπιλοίπων
956 2749 994 2806 χ
1026 2725 1060 2798 ὴ
1083 2731 1319 2786 σκοπεῖν.
1366 2728 1643 2809 Ἀρχέλαος

120 2806 201 2888 γὰρ
234 2810 333 2869 οὔτ’
374 2812 462 2871 ἐπὶ
506 2813 966 2887 Πελοποννησίους
1036 2818 1124 2873 λθε
1159 2814 1293 2892 μετὰ
1323 2816 1603 2889 Ἀθηναίων
1624 2864 1639 2891 ,

116 2894 215 2953 οὔτε
238 2898 314 2955 διὰ
350 2904 445 2972 τῆς
476 2898 666 2982 χώρας
694 2900 825 2959 ἰέναι
858 2901 1201 2980 βουλομένους
1228 2902 1484 2977 ἔπαυσεν,
1526 2906 1642 2965 οὔτε

115 2983 331 3062 χρήματα
362 2988 641 3068 παρέσχεν
682 2988 772 3047 ἐπὶ
806 2988 1047 3062 τούτους,
1088 2989 1204 3049 οὐδὲ
1251 2989 1361 3049 ἔστι
1389 2992 1644 3073 πρόφασις

54 3084 95 3123 ³⁰
116 3076 189 3143 τῆς
204 3073 374 3153 ἔχθρας
394 3076 537 3147 πλὴν
564 3076 649 3135 ὅτι
668 3079 763 3135 οὐκ
779 3076 933 3149 ἤθελε
953 3078 1309 3155 συμπολεμεῖν
1329 3081 1501 3147 αὐτοῖς
1516 3081 1643 3161 πρὸς

116 3155 405 3235 Ἀθηναίους,
440 3163 561 3221 ἀλλ’
593 3164 823 3243 ἡσυχίαν
853 3155 997 3241 ἦγεν.
1090 3165 1303 3238 Ἐπειδὴ
1337 3166 1508 3227 τοίνυν
1538 3170 1640 3238 τοῖς

114 3246 512 3319 Πελοποννησίοις
530 3250 694 3321 ἱκανὴ
714 3251 970 3333 πρόφασίς
988 3252 1098 3311 ἐστι
1120 3254 1398 3332 πολεμίους
1418 3257 1638 3332 νομίζειν

114 3332 209 3398 τοὺς
233 3335 301 3409 μὴ
328 3337 845 3413 συμπολεμήσαντας
873 3342 1045 3406 αὐτοῖς
1063 3384 1079 3413 ,
1104 3340 1475 3416 εὖλαὸηθῶμεν
1501 3343 1639 3413 ὅπως

114 3419 174 3491 μὴ
197 3422 271 3478 διὰ
288 3422 381 3494 τὴν
410 3423 574 3495 αὐτὴν
603 3425 862 3505 πρόφασιν
890 3430 1017 3503 ἡμῖν
1036 3428 1436 3504 πολεμήσωσιν,
1461 3433 1507 3488 εἰ
1534 3454 1635 3488 πα·

112 3510 449 3585 μισ-λούμενοι
477 3512 555 3588 μὴ
590 3512 959 3591 βουλησόμεθα
988 3517 1347 3591 συμπολεμεῖν
1379 3518 1513 3593 μετὰ
1536 3521 1637 3577 Πε·

110 3597 453 3671 λοποννησίων·
497 3603 559 3659 οὗ
604 3600 709 3680 γὰρ
750 3603 980 3672 ἠδικεῖτο
1021 3602 1123 3662 ὑπὸ
1154 3604 1437 3675 Ἀθηναίων
1464 3608 1631 3669 οὐδέν.

50 3696 91 3733 35
113 3680 247 3757 Ἡμῖν
288 3688 336 3744 δὲ
379 3688 441 3758 δὴ
483 3688 565 3755 τίς
610 3689 757 3765 λόγος
786 3691 1153 3769 ὑπολείπει-,τας
1188 3692 1403 3772 πότερον
1445 3698 1514 3761 ὡς
1545 3698 1635 3753 οὔκ

109 3770 415 3849 ἀδικούμεθα;
448 3776 729 3853 διδάξομεν
761 3776 943 3845 αὐτοὺς
971 3779 1135 3837 ταύτὰ
1170 3781 1295 3859 δρᾶν
1336 3780 1469 3861 ἅπερ
1502 3786 1631 3840 ἐκεῖ·

109 3878 201 3919 wc·
226 3862 400 3941 οὐγὰρ
438 3865 655 3936 ἄδικον,
692 3864 836 3945 εἴπερ
872 3870 899 3923 ὁ
926 3868 1049 3923 τάδε
1088 3868 1282 3945 δράσας
1319 3872 1411 3927 οὐκ
1442 3870 1626 3929 ἀδικεῖ.

110 3940 224 4001 Ἀλλ’
264 3949 548 4009 ἀδικεῖσθαι
580 3950 679 4027 μὲν
724 3951 987 4031 φήσομεν,
1020 3955 1305 4029 ἀμύνεσθαι
1340 3958 1387 4013 δ’
1425 3960 1481 4015 οὗ
1512 3962 1630 4035 βου-

110 4030 365 4106 ὶησόμεθα;
397 4036 607 4107 πολλὴν
636 4038 739 4119 ἄρα
763 4040 954 4096 δειλίαν
994 4042 1283 4119 ποιήσομεν
1308 4048 1415 4111 τοῖς
1450 4048 1630 4122 βουλο-

108 4114 247 4187 μένῦις
266 4124 399 4196 ἡμᾶς
429 4127 613 4192 καλῶς
638 4128 782 4205 δρᾶν.
868 4126 1025 4187 Ἀλλὰ
1056 4129 1331 4208 βούλεσθαι
1372 4132 1465 4207 μέν
1488 4177 1505 4207 ,
1534 4134 1626 4191 δύ-

108 4211 265 4264 νασθαι
291 4210 333 4266 δ’
367 4210 463 4284 οὔ;
491 4213 573 4277 τίς
599 4204 687 4271 οὖν
722 4215 779 4271 οὗ
819 4217 1203 4297 καταφρονήσει
1243 4222 1333 4287 τῆς
1367 4220 1627 4296 δυνάμεως

108 4294 260 4371 ἡμῶν,
288 4299 329 4353 εἷ
368 4298 486 4365 τοὺς
512 4300 791 4372 ‘'EM-moi<
827 4326 885 4379 γε
924 4302 1129 4385 ἔχοντες
1170 4305 1471 4387 ἐπικούρους
1512 4308 1627 4365 οὐδὲ

46 4388 87 4427 ⁴⁰
108 4378 217 4439 οὔτω
240 4385 555 4461 δυνησόμεθα
587 4387 705 4455 τοὺς
734 4389 943 4468 ἐχθροὺς
981 4392 1266 4467 ἀμύνεσθαι
1284 4440 1300 4467 ‚
1330 4394 1420 4451 καὶ
1450 4394 1507 4453 τὸ
1533 4396 1626 4470 με’-

109 4488 279 4547 veto-e,
292 4474 333 4529 εἰ
354 4475 603 4553 δευτέραν
620 4476 789 4533 αἰτίαν
810 4477 1075 4557 σχήσομεν
1094 4480 1193 4537 ὑπὸ
1212 4484 1314 4538 τῶν
1338 4482 1625 4556 Ἑλλήνων,

108 4556 315 4637 πρότερον
351 4562 445 4637 μὲν
472 4562 557 4621 ὅτι
586 4563 675 4621 τὸν
704 4564 1022 4645 [πρότερον]
1050 4569 1287 4637 Μηδικὸν
1317 4572 1374 4627 οὖ
1406 4594 1622 4631 συνεπο-

110 4640 373 4723 ὶεμτζσαμεν
392 4694 407 4720 ,
478 4650 717 4730 δεύτερον
768 4652 823 4710 δὲ
882 4654 969 4711 τὸν
1016 4660 1102 4712 νῦν
1156 4658 1620 4735 ἐπαγγελλόμενον.

110 4728 263 4792 Καίτοι
278 4736 397 4815 πρὸς
420 4742 621 4797 ἐκεῖνον
646 4738 738 4814 μὲν
763 4739 945 4812 ἱκανὴν
970 4742 1229 4824 πρόφασιν
1255 4745 1464 4823 εἴχομεν
1484 4769 1496 4783 ·
1522 4747 1622 4825 πρὸ

106 4818 227 4887 ἡμῶν
250 4822 336 4896 μὲν
354 4825 453 4905 γὰρ
474 4826 728 4904 ἠθέλομεν
751 4830 923 4895 αὐτοῖς
944 4832 1433 4891 συνδιακινδυνεύειν
1451 4858 1463 4871 ·
1486 4832 1620 4893 οὕτω

106 4902 187 4984 γὰρ
209 4910 283 4969 ἐπὶ
304 4912 471 4986 πάσης
496 4914 693 4992 ἐγίνετο
723 4918 919 4993 μᾶλλον
940 4962 957 4995 ,
984 4917 1017 4988 ἢ
1046 4918 1139 4989 τὴν
1162 4922 1422 5001 ἡμετέραν
1448 4926 1641 4981 αὐτῶν·

106 4992 415 5068 ἀπολιπόντας
460 5002 585 5079 περὶ
625 5006 715 5072 τ’ἧς
758 5004 962 5064 ἐκείνων
1006 5008 1385 5088 διαμάχεσθαι·
1428 5015 1515 5068 νῦν
1564 5011 1615 5069 δὲ

36 5077 143 5137 mvi
172 5082 411 5161 φήσομεη
455 5088 607 5147 αὐτοὶ
652 5090 751 5168 γὰρ
790 5090 1002 5162 ἥκουσιν
1049 5094 1175 5173 ὑπὲρ
1221 5101 1372 5171 ἡμῶν
1409 5098 1499 5156 καὶ
1526 5104 1617 5169 τῆς

106 5170 327 5249 ἦμετέρας
358 5176 615 5243 ἐθέλοντες
639 5179 963 5241 κινδυνεύειν.
1046 5180 1171 5243 Ἔτι
1201 5184 1254 5243 δὲ
1283 5189 1393 5251 πῶς
1422 5188 1478 5244 οὗ
1512 5188 1611 5245 δει-

3210 442 3306 493 191

1753 557 1859 618 stis,
1884 570 2038 621 quum
2071 560 2168 610 tale
2188 560 2262 610 sui
2279 562 2522 624 specimen
2549 564 2775 616 omnibus
2799 568 2981 630 ederet,
2999 571 3144 633 quale
3175 584 3318 624 nemo

1754 669 2062 729 quantumvis
2101 670 2253 720 durus
2287 673 2338 720 et
2371 672 2662 725 inhumanus
2695 677 2880 740 absque
2911 679 3120 731 lacrimis
3161 686 3320 745 posset

1753 786 2006 837 exponere.
2071 778 2212 835 Quod
2233 780 2360 829 enim
2380 781 2440 829 de
2465 783 2754 844 gravissimis
2774 786 2909 835 maiis
2926 788 3115 839 defuit?
3133 805 3233 853 non
3267 794 3319 843 et

1752 884 1889 947 pueri
1915 888 1966 935 et
1981 887 2207 937 mulieres
2223 892 2274 939 et
2299 903 2437 941 senes
2455 894 2705 956 parentes,
2733 894 2802 944 iili
2826 901 3004 960 patres,
3023 901 3131 951 aliae
3163 904 3316 965 viros,

1752 993 1859 1043 alias
1875 993 2078 1056 liberos,
2097 998 2174 1045 vel
2199 998 2248 1047 in
2265 1000 2366 1049 suis
2379 1001 2598 1053 manibus
2617 1005 2692 1053 vel
2712 1004 2838 1055 inter
2859 1006 3018 1057 hostes
3035 1012 3158 1059 mori
3183 1012 3316 1062 vide·

1750 1100 1895 1147 runt?
1921 1111 2080 1150 nonne
2109 1103 2420 1163 conspexistis
2445 1105 2622 1155 aedium
2649 1109 2983 1161 subversiones
3007 1116 3154 1176 atque
3186 1132 3306 1179 opes

1750 1204 1941 1264 raptas?
1960 1207 2026 1263 et,
2043 1206 2172 1266 quod
2193 1208 2295 1255 erat
2315 1208 2530 1259 omnium
2551 1212 2887 1271 gravissimum
2900 1252 2915 1276 ,
2936 1216 3042 1266 haec
3072 1232 3198 1282 soepe
3223 1222 3310 1273 tie-

1749 1308 1946 1358 bantab
1969 1322 2027 1359 eo
2046 1310 2126 1373 qui
2145 1324 2388 1361 sacrorum
2415 1316 2678 1365 eorundem
2715 1322 2862 1381 atque
2901 1322 3116 1383 ejusdem
3155 1329 3312 1378 tribus

1748 1416 1873 1461 esset
1914 1415 2151 1476 particeps
2166 1452 2182 1477 ‚
2203 1418 2536 1479 quemJuvare
2549 1422 2818 1471 secundnm
2837 1425 2986 1487 leges»,
3010 1442 3106 1479 non
3143 1436 3310 1481 contra

1748 1516 1873 1577 leges
1884 1516 2086 1568 decebat
2103 1521 2333 1581 perdere?
2397 1524 2507 1579 Quo
2530 1527 2746 1588 tempore
2767 1533 2888 1579 aetas
2905 1535 3098 1583 senibus
3124 1540 3308 1598 pariter

1746 1630 1803 1667 ac
1824 1620 2006 1670 orbatis
2027 1622 2286 1673 calamitati
2309 1629 2360 1675 et
2381 1628 2647 1679 maluerat.
2685 1634 2842 1695 Atque
2863 1635 3036 1686 horum
3059 1642 3310 1691 auctorem

1745 1724 1853 1786 quis
1870 1726 2008 1776 nobis
2025 1728 2328 1791 affligendum
2341 1745 2490 1795 quum
2511 1736 2745 1796 possimus
2765 1742 2922 1801 neget,
2947 1744 3052 1792 tum
3068 1744 3311 1807 juvandos

1746 1831 1963 1879 mortuos
1981 1866 1994 1889 ,
2016 1832 2120 1879 tum
2143 1834 2324 1882 orbatis
2358 1838 2734 1890 misericordiam
2772 1842 3112 1896 tribuendam?
3145 1852 3310 1913 Neque

1744 1932 1871 1981 enim
1898 1932 1990 1983 hoc
2006 1936 2198 1985 tantum
2220 1940 2572 1991 eritcommodi
2587 1979 2600 2001 ,
2622 1946 2754 2006 quod
2773 1962 2934 1999 rerum
2956 1954 3306 2013 praeteritarum

1742 2048 1906 2097 poenas
1923 2041 2206 2101 expetemus
2219 2078 2236 2101 ,
2259 2042 2343 2091 sed
2365 2044 2510 2095 etiam
2535 2047 2742 2110 reliquos
2761 2051 2852 2099 lioc
2867 2056 3090 2117 exempto
3107 2056 3304 2109 docebi-

1742 2154 1875 2203 mus,
1907 2157 1968 2193 ne
1987 2142 2328 2197 dissensionem
2351 2154 2564 2201 nostram
2600 2155 2648 2203 in
2673 2153 2808 2205 lucro
2829 2162 3009 2219 ponant
3033 2174 3188 2224 neque
3215 2178 3305 2213 no-

1740 2242 1927 2294 biscum
1945 2246 2083 2296 nobis
2103 2248 2400 2301 insidientur.
2465 2254 2520 2304 ld
2535 2268 2679 2317 porro
2700 2258 2740 2306 si
2764 2262 3033 2325 contingat,
3053 2276 3304 2329 nunquam

1737 2350 1970 2402 seditione
1989 2366 2078 2402 nos
2105 2353 2404 2407 laboraturos
2427 2359 2650 2424 consido,
2681 2363 2722 2413 si
2763 2378 3000 2429 nusquam
3035 2368 3302 2421 insidianti·

1738 2456 1830 2506 bus
1851 2457 2096 2519 adiutores
2127 2466 2402 2513 occurrant.

1798 2577 1848 2621 4.
1867 2574 2024 2633 Atque
2043 2574 2118 2623 bis
2135 2574 2328 2637 quidem
2347 2575 2410 2626 de
2425 2580 2581 2630 causis
2600 2583 2910 2633 commodum
2927 2589 3004 2635 est
3014 2600 3126 2637 cum
3141 2588 3201 2639 iis
3215 2592 3302 2653 qui

1734 2666 2055 2720 adhortantur
2072 2672 2254 2723 bellum
2278 2676 2548 2727 voluntario
2567 2692 2812 2743 capessere
2840 2702 2852 2733 ι
2879 2697 3026 2748 quam
3057 2688 3120 2737 sit
3137 2691 3302 2739 autem

1734 2770 2054 2821 necessarium
2077 2784 2138 2822 ex
2153 2776 2466 2837 sequentibus
2483 2784 2768 2841 cognoscite.
2837 2786 3024 2836 Etenim
3040 2789 3302 2839 Archelaus

1732 2882 1821 2919 nec
1838 2871 2208 2935 Peloponnesios
2221 2888 2335 2925 cum
2350 2877 2718 2931 Atheniensibus
2739 2884 2930 2948 invasit,
2951 2900 3040 2937 nec
3055 2902 3140 2951 per
3157 2904 3300 2940 suam

1730 2967 1800 3019 ire
1822 2970 2064 3033 regionem
2095 2976 2274 3038 vetuit,
2295 2990 2453 3040 neque
2475 2981 2728 3042 pecuniam
2751 2989 2917 3037 contra
2939 2987 3047 3038 illos
3067 2992 3296 3053 suppedi-

1728 3072 1879 3132 tavit,
1900 3086 2056 3137 neque
2081 3076 2226 3127 ullam
2241 3078 2373 3129 dedit
2391 3081 2653 3133 inimicitiae
2673 3098 2895 3150 causam,
2917 3091 3008 3140 nisi
3028 3092 3164 3155 quod
3181 3108 3296 3143 cum

1730 3174 1822 3224 iltis
1838 3175 2155 3228 Athenienses
2171 3193 2445 3243 oppugnare
2463 3185 2618 3235 noluit
2631 3223 2645 3245 ‚
2667 3200 2836 3238 verum
2851 3190 3063 3252 quietem
3081 3198 3296 3245 sectatus

1727 3278 1817 3325 est.
1882 3280 2044 3334 Quare
2066 3282 2106 3330 si
2131 3282 2246 3331 satis
2269 3286 2341 3333 est
2371 3298 2527 3335 causas
2559 3286 2938 3355 Peloponnesiis,
2957 3308 3110 3357 quum
3135 3297 3296 3349 hostes

1722 3375 1942 3438 judicant
1964 3392 2046 3429 eos
2072 3381 2154 3443 qui
2180 3385 2442 3435 noluerunt
2463 3400 2557 3436 una
2581 3388 2764 3439 bellum
2784 3405 2949 3454 gerere
2967 3430 2982 3455 ,
3019 3397 3292 3451 cavendum

1724 3481 1798 3527 est
1817 3492 1879 3528 ne
1896 3480 2034 3530 nobis
2053 3482 2217 3559 eadem
2241 3483 2302 3533 de
2321 3498 2463 3536 causa
2483 3487 2662 3539 bellum
2693 3491 2930 3557 inierant,
2952 3497 2991 3545 si
3015 3500 3172 3550 vocati
3193 3514 3291 3550 una

1724 3592 1934 3643 pugnare
1959 3584 2258 3635 noluerimus
2283 3606 2295 3637 ι
2316 3590 2492 3639 etenim
2525 3592 2708 3641 nullam
2728 3595 2790 3643 ab
2813 3596 3180 3649 Atheniensibus
3213 3604 3289 3651 in-

1718 3682 1895 3744 juriam
1920 3689 2183 3749 acceperat.
2249 3689 2396 3739 Nobis
2421 3704 2534 3741 vero
2561 3707 2783 3755 quamam
2825 3700 2898 3746 est
2919 3700 3104 3762 reliqua
3133 3704 3291 3753 ratio?

1722 3793 1794 3835 An
1810 3788 1923 3848 quia
1956 3788 2055 3837 loesi
2075 3802 2171 3839 non
2197 3795 2398 3839 sumus?
2422 3794 2710 3845 Docebimus
2728 3810 2810 3847 eos
2827 3798 2994 3849 eadem
3014 3836 3028 3861 ,
3049 3816 3160 3864 quae
3177 3804 3258 3853 ille
3271 3841 3285 3864 ,

1722 3895 1878 3943 facere
1902 3916 1912 3943 :
1935 3895 2120 3945 sienim
2146 3899 2228 3960 qui
2253 3898 2299 3947 id
2325 3900 2438 3950 t'ecit
2456 3902 2634 3963 injuste
2664 3918 2760 3955 non
2789 3908 2910 3978 egit,
2931 3910 3065 3959 nulla
3089 3914 3286 3962 omnino

1720 4003 1795 4047 est
1814 3998 2061 4059 injustitia.
2091 4004 2160 4049 An
2177 4014 2292 4050 vero
2312 4004 2449 4053 loesos
2464 4018 2568 4055 esse
2587 4008 2858 4072 fatebimur,
2875 4012 3041 4061 ulcisci
3057 4026 3146 4063 nos
3165 4015 3287 4066 velle

1718 4100 2033 4163 negabimus?
2095 4102 2368 4153 Admodum
2396 4105 2542 4167 igitur
2569 4108 2768 4170 ignavos
2795 4109 3052 4162 reddemus
3083 4128 3164 4163 eos
3200 4119 3286 4179 qui

1718 4202 1853 4251 nobis
1874 4203 2148 4253 benefacere
2168 4205 2393 4267 cogitant.
2415 4213 2487 4256 An
2502 4208 2709 4273 denique
2729 4210 2879 4274 velle,
2908 4213 2993 4263 sed
3021 4228 3119 4263 non
3145 4230 3286 4279 posse

1716 4305 1964 4355 dicemus?
2001 4308 2120 4364 Quis
2157 4320 2270 4371 ergo
2301 4314 2491 4361 nostras
2531 4312 2654 4362 vires
2683 4326 2780 4362 non
2813 4318 3117 4378 contemnet,
3141 4320 3184 4368 si
3221 4332 3286 4369 ne

1715 4405 1998 4453 Graecorum
2031 4405 2225 4468 quidem
2262 4408 2444 4457 auxilio
2477 4410 2740 4473 poterimus
2784 4412 2945 4463 hostes
2977 4416 3168 4474 ulcisci,
3202 4420 3281 4477 et,

1714 4500 1843 4563 quod
1866 4503 1940 4550 est
1959 4502 2223 4551 maximum
2238 4538 2252 4562 ,
2273 4506 2530 4554 secundam
2549 4507 2679 4569 apud
2699 4512 2894 4559 Groecos
2923 4511 3116 4573 cuipam
3148 4512 3280 4562 subi-

1714 4604 1899 4666 bimus,
1927 4606 2008 4669 qui
2042 4620 2128 4656 nec
2163 4608 2212 4656 in
2235 4608 2391 4670 primo
2415 4608 2542 4659 bello
2567 4613 2782 4675 Persico,
2826 4615 2984 4663 necin
3022 4616 3114 4665 boc
3147 4618 3277 4678 quod

1712 4716 1841 4752 nunc
1872 4703 2115 4768 iudicitur,
2135 4708 2288 4756 socios
2316 4721 2403 4757 nos
2425 4710 2756 4771 praebeamus?
2782 4717 3069 4775 Quanquam
3107 4714 3156 4763 in
3193 4714 3276 4763 illo

1710 4815 1806 4851 non
1824 4802 1991 4851 deerat
2009 4803 2146 4853 nobis
2169 4805 2416 4854 excusatio
2435 4826 2446 4855 ε
2471 4820 2556 4869 pro
2575 4807 2713 4857 nobis
2729 4808 2856 4857 enim
2874 4808 3157 4859 volebamus
3178 4824 3275 4861 una

1708 4900 1930 4949 cumillis
1947 4902 2228 4963 periclitari;
2247 4906 2394 4964 atque
2411 4904 2505 4952 hoc
2528 4904 2774 4955 honestius
2792 4904 3104 4969 ducebamus,
3121 4920 3270 4971 qnam
3323 4972 3329 4981 ο

1706 4997 1747 5047 si
1774 5000 1939 5047 nostra
1965 4999 2124 5048 relicta
2147 5000 2208 5048 de
2233 5001 2423 5050 illorum
2450 5002 2640 5063 regione
2666 5002 3061 5065 depugnarrsnus.
3129 5010 3272 5057 Nunc

1704 5096 1865 5143 autem
1900 5095 2017 5157 quid
2050 5095 2296 5145 dicemus?
2331 5097 2564 5159 siquidem
2608 5099 2692 5161 ipsi
2727 5114 2812 5162 pro
2847 5100 2983 5151 nobis
3005 5116 3062 5153 ac
3093 5104 3271 5153 nostris

1708 5190 1881 5241 adsunt
1919 5192 2246 5253 periclitaturi.
2317 5198 2554 5243 Praeterea
2584 5208 2742 5246 nonno
2781 5196 3058 5258 iudignum,
3102 5198 3143 5247 si
3175 5198 3266 5248 soli
