3825 5834
88 3039 97 3048 ¹
209 3023 383 3076 τεῦθεν
408 3062 425 3085 ,
455 3021 545 3073 οὔκ
568 3020 836 3084 ἀκόλουθος
862 3021 913 3074 δὲ
933 3025 995 3094 τῇ
1018 3023 1274 3076 ἀντιθέσει.

1226 441 1437 502 xxm.
1482 442 1687 502 RATA
1732 445 2388 512 ΑΡΙΣῚῸΚΡΑΤΟΥΣ.

196 571 303 632 τοῖς
330 568 501 632 αύτοῖς
524 569 794 640 κεχρῆσθαι
817 567 1027 640 ῥήμασιν
1045 610 1060 634 ,
1091 571 1179 623 ἵνα
1202 569 1271 642 μὴ
1290 572 1485 625 δοκοῖεν
1506 571 1762 642 ἀπειρόκα-

198 651 279 705 λοι
308 651 443 705 εἶναι
490 650 744 724 ἕναλλαγῇ
782 655 867 718 τῆς
896 653 1097 721 φύσεως.
1174 651 1328 708 Εἶπεν
1365 649 1450 708 οὖν
1502 654 1585 708 καὶ
1618 653 1669 708 έν
1698 659 1769 727 τῷ

197 730 325 786 κατὰ
354 730 694 802 Ἀνδροτίωνος
726 730 784 783 τὸ
812 730 951 784 αὖτό.

270 811 399 877 653,
425 811 515 865 25.
542 809 675 878 Ἤδη
706 812 759 865 δέ
781 812 873 864 τιν’
903 808 1069 875 εἶδον,
1100 806 1143 866 ὦ
1169 813 1336 884 ἄνδρες
1365 811 1649 884 Ἀθηναῖοι]
1670 813 1769 866 Τοῦ

199 892 529 962 συμφέροντος
554 889 773 945 ἐντεῦθεν
798 890 1037 962 ἀναίρεσις
1052 931 1069 956 ,
1093 892 1169 944 ὅτι
1186 892 1295 946 οῦδὲ
1312 893 1571 964 συμφέρει,
1590 892 1675 946 ἵνα
1700 889 1771 964 μὴ

196 967 281 1020 διὰ
301 971 359 1024 τ“ο
381 971 628 1042 χρήσιμον
648 972 915 1040 κυρώσητε.

274 1049 401 1112 654,
433 1054 523 1102 26.
552 1047 661 1102 Ἵνα
684 1049 736 1102 δὲ
762 1048 827 1120 μὴ
849 1050 975 1102 πάνυ
1009 1048 1271 1122 θαυμάζῃ]
1306 1049 1611 1104 Ἀντιπῖπτον
1638 1050 1762 1103 λύει·

198 1126 333 1184 εἴποι
360 1128 457 1199 γὰρ
481 1129 541 1181 ἀν
569 1147 668 1193 τις,
700 1127 815 1180 ἀλλ’
840 1126 897 1181 οὗ
926 1129 1142 1198 διαμένει
1177 1128 1238 1182 τὰ
1262 1131 1579 1202 γεγραμμένα
1620 1129 1668 1184 ἔν
1700 1135 1772 1201 τῷ

194 1208 473 1279 ψηφίσματι
490 1246 505 1272 ,
533 1207 590 1260 οὗ
608 1207 705 1278 γὰρ
734 1207 886 1270 οὕτως
909 1207 1085 1278 ἰσχύει.
1168 1206 1226 1260 Ὅ
1246 1208 1299 1262 δὲ
1324 1210 1669 1272 κατασκευάζει
1694 1210 1773 1263 ὅτι

197 1288 371 1344 πολλὰ
396 1287 593 1340 δύναιτο
614 1289 671 1341 τδ
698 1287 947 1359 ψήφισμα,
980 1287 1033 1342 ἔκ
1060 1291 1489 1360 παραδειγμάτων.

278 1367 405 1429 655,
438 1367 524 1420 23.
553 1364 636 1420 ’Ἂν
668 1361 755 1420 οὖν
798 1365 997 1420 εἴπωσιν
1022 1366 1179 1440 ἡμῖν]
1218 1369 1416 1438 Ἐπειδὴ
1442 1369 1537 1441 γὰρ
1569 1369 1597 1422 ό
1623 1369 1773 1439 λόγος

199 1447 527 1517 θρασύτερος,
580 1446 723 1518 ἄλλῳ
764 1448 1016 1517 περιάπτει
1067 1449 1315 1518 προσώπῳ
1333 1487 1349 1513 ,
1399 1449 1486 1500 ἵνα
1526 1445 1591 1518 μὴ
1631 1444 1772 1508 atreb<

200 1526 287 1597 ἀφ’
326 1525 499 1578 ἑαυτοῦ
538 1529 693 1580 ταῦτα
730 1526 893 1598 λέγειν
922 1527 1077 1597 δοκῇ,
1111 1525 1273 1596 ἕτερος
1304 1527 1355 1580 δὲ
1384 1523 1461 1593 εἴη
1504 1526 1531 1579 ό
1556 1525 1770 1596 φθεγγό·

240 1624 370 1665 ενος.

200 1625 239 1676 μ
276 1685 404 1750 657,
442 1699 490 1736 ι.
525 1679 707 1734 Ἆκούω
747 1683 909 1737 τοίνυν
942 1681 1150 1754 αὖτοὺς]
1184 1684 1441 1754 Πρότασις.
1475 1685 1537 1736 Β.
1618 1681 1771 1736 ’Λντί-

200 1764 334 1823 θεσις
350 1803 367 1826 ,
398 1762 479 1814 ὅτι
499 1759 555 1814 οὗ
584 1759 879 1830 βουλήσεται
904 1761 965 1814 τὰ
994 1759 1233 1829 ἔπιὸλαὸἥ
1249 1801 1265 1827 ,
1291 1761 1424 1815 ἀλλὰ
1450 1760 1512 1814 τὰ
1530 1760 1771 1832 ὠφέλιμα.

203 1839 545 1894 Κατεσκεύασε
565 1837 618 1891 δὲ
642 1837 731 1906 τήν
760 1838 1003 1894 ἀντίθεσιν
1038 1840 1135 1896 ἀπό
1161 1861 1215 1894 τε
1238 1842 1443 1914 γνώμης
1463 1846 1551 1896 τοῦ
1593 1843 1773 1913 Κερσο·

198 1918 417 1972 Ελέπτου
444 1916 630 1984 καὶτῆς
650 1923 747 1970 τῶν
772 1919 1025 1988 προσόδων
1049 1921 1337 1985 ποσότητος.
1414 1919 1600 1974 Οὐκοῦν
1630 1921 1774 1990 δυνή-

201 2016 345 2050 σεται
372 1995 459 2067 μὲν
500 1993 589 2062 τὴν
620 1998 827 2067 γνώμην
852 1997 997 2050 λῦσαι
1020 2003 1084 2070 τῇ
1120 1999 1245 2052 κατὰ
1273 2005 1369 2052 τῶν
1397 2001 1641 2070 τυράννων
1668 2002 1775 2053 δια-

199 2077 338 2148 Εολῇ
364 2074 448 2126 καὶ
471 2079 542 2147 τῷ
560 2075 617 2128 τὸ
646 2069 763 2141 ἦθος
790 2073 921 2128 εἶναι
947 2079 1034 2129 τοῦ
1060 2077 1345 2148 Χαριδήμου
1372 2078 1615 2150 βάρὸαρον
1632 2118 1647 2143 ,
1686 2076 1775 2144 τὴν

199 2156 259 2209 δὲ
288 2153 543 2220 ποσότητα
587 2151 683 2206 ἀπὸ
724 2157 810 2220 τῆς
852 2154 1162 2226 ὓπαρχούσης
1203 2157 1341 2228 φύσει
1382 2159 1487 2219 τοῖς
1530 2159 1779 2228 τυράννοις

199 2231 505 2295 πλεονεξίας.

279 2315 408 2383 657,
441 2332 499 2370 2.
538 2310 632 2364 'Ov
660 2311 744 2364 καὶ
769 2311 1004 2384 πρότερόν
1030 2331 1149 2366 ποτε
1183 2311 1565 2386 Ἀριστόμαχος]
1588 2313 1779 2386 Ὥσπερ

201 2391 255 2444 οἳ
284 2392 648 2462 φιλιππίζοντες
680 2391 775 2460 [τὰ
803 2395 889 2445 τοῦ
913 2391 1165 2446 Φιλίππου
1184 2431 1199 2455 ,
1226 2393 1245 2462 ]
1278 2391 1407 2446 οὕτω
1435 2393 1517 2446 καὶ
1550 2388 1691 2454 οὗτος
1718 2391 1778 2448 τὰ

204 2477 307 2525 τῶν
336 2473 543 2542 θρᾳκῶν
570 2469 775 2542 ἐφρόνει.
852 2467 953 2536 Τὴν
982 2471 1035 2524 δὲ
1064 2469 1305 2525 ἀντίθεσιν
1327 2469 1381 2524 ἐκ
1404 2477 1491 2524 τοῦ
1519 2475 1778 2543 προσώπου

204 2555 297 2603 τοῦ
338 2549 693 2622 Ἀριστομάχου
741 2551 1031 2620 σαθροτέραν
1075 2549 1384 2605 ἀποδείκνυσι
1422 2553 1780 2615 κατασκευάσας

205 2626 387 2694 αύτήν.
461 2627 618 2682 Ὅταν
652 2627 749 2699 γὰρ
792 2625 823 2700 ᾖ
871 2628 1104 2691 δύσλυτος
1145 2628 1177 2696 ἡ
1208 2628 1477 2694 ἀντίθεσις,
1504 2636 1574 2702 τῷ
1614 2632 1777 2684 δοκεῖν

160 2749 165 2754 .
204 2708 636 2778 κατασκευάζομεν
655 2746 671 2772 ,
730 2708 818 2760 ἵνα
870 2708 1055 2770 λύσεως
1100 2707 1318 2782 ἀφορμὰς
1356 2707 1574 2762 ἐντεῦθεν
1644 2711 1777 2780 πορί-

204 2807 398 2856 σωμεν.

279 2865 385 2918 Οὖκ
419 2864 551 2918 ἔστιν
576 2865 597 2936 ]
629 2863 895 2937 Ὗποφορά.
923 2868 985 2919 Β.

283 2943 413 3012 657,
450 2943 531 2996 13.
564 2941 701 3014 Ἐγὼ
724 2945 768 2995 δ’
796 2942 886 2996 οὒκ
916 2942 1084 3014 ἀπορῶ
1113 2944 1198 3014 μὲν
1221 2943 1412 3016 εἰπεῖν]
1450 2943 1511 2998 Ἥ
1543 2945 1679 3008 λύσις
1700 2945 1778 3000 έν-

1357 3021 1555 3090 Ἐπειδὴ
1582 3025 1635 3079 δὲ
1662 3023 1783 3078 έκεῖ-

210 3119 289 3153 νοι
343 3098 528 3170 ἔφασαν
552 3097 621 3169 μὴ
652 3099 911 3169 βούλεσθαι
954 3101 1013 3152 ἂν
1043 3100 1218 3166 αὺτὸν,
1246 3099 1301 3154 ἐκ
1344 3102 1599 3174 λογισμῶν
1635 3110 1779 3158 τινῶν

209 3180 333 3250 πρὸς
357 3183 507 3232 τοῦτο
562 3178 813 3245 ἀπήντησε
852 3179 910 3233 τὸ
940 3179 1096 3234 θέλειν
1115 3220 1131 3246 ,
1164 3180 1206 3233 εἰ
1244 3179 1311 3254 μὴ
1334 3186 1397 3254 τῇ
1424 3183 1547 3236 κατὰ
1575 3191 1671 3238 τῶν
1706 3205 1783 3240 τυ-

212 3260 411 3358 ράννων
442 3257 654 3330 διαὸολῇ
694 3258 843 3320 λύσας
868 3258 950 3311 καὶ
991 3264 1061 3331 τῷ
1104 3259 1191 3313 τὸν
1222 3259 1505 3332 Χαρίδημον
1554 3261 1684 3316 εἶναι
1723 3266 1781 3319 τὶ)

212 3339 333 3404 ηθος
362 3336 628 3408 βάρὸαρον.
703 3333 805 3401 Τὴν
846 3337 899 3390 δὲ
921 3338 1172 3404 ποσότητα
1189 3377 1205 3402 ,
1238 3337 1335 3392 ἀπὸ
1360 3343 1445 3404 τῆς
1472 3339 1522 3394 ἐν
1559 3345 1621 3412 τῇ
1646 3342 1781 3412 φύσει

212 3419 311 3467 τῶν
358 3413 753 3466 δυναστευόντων
799 3413 1079 3476 πλεονεξίας
1140 3413 1193 3467 ἐκ
1238 3417 1647 3487 παραδειγμάτων
1700 3419 1783 3472 καὶ

211 3493 523 3562 παραθέσεως
544 3489 695 3556 αὐτὴν
716 3491 842 3545 λύει.

286 3571 413 3636 658,
447 3587 501 3626 2.
544 3571 645 3624 Τοῦ
689 3569 775 3642 μὲν
802 3569 1119 3642 ἡγουμένου]
1171 3571 1538 3636 Κατασκευάσας
1582 3581 1785 3645 μερικῶς

217 3647 271 3700 ἐκ
294 3653 398 3700 τῶν
426 3649 836 3720 παραδειγμάτων
855 3688 870 3713 ,
892 3647 1067 3702 λοιπὸν
1090 3647 1144 3701 ἐκ
1167 3655 1263 3703 τῶν
1292 3651 1505 3704 καθόλου
1530 3655 1785 3724 συμπεραί-

215 3747 287 3779 νει
315 3727 405 3780 τδν
442 3727 619 3798 λόγον.
695 3727 764 3780 To
793 3722 881 3780 οὖν
913 3727 1136 3798 εὐτυχεῖν
1183 3733 1498 3801 προηγεῖται,
1524 3730 1687 3798 ἐπειδὴ
1730 3732 1783 3784 ἐκ

216 3807 341 3860 θεῶν
376 3825 449 3869 τις
470 3807 591 3861 och-cb
616 3809 861 3874 κέκτηται.

288 3887 417 3953 658,
444 3907 499 3956 9.
528 3887 623 3939 Καὶ
664 3888 714 3940 τί
738 3889 821 3940 δεῖ
848 3885 1100 3941 Φίλιππον
1142 3887 1349 3960 λέγειν]
1392 3888 1661 3954 Ἀποδείξας
1707 3893 1785 3944 ὅτι

216 3965 418 4036 εὖτυχία
444 3965 581 4037 [οὗ]
616 3965 739 4038 μετὰ
776 3970 862 4019 τοῖι
910 3961 963 4018 εὗ
990 3973 1185 4038 φρονεῖν
1227 3970 1545 4040 παραγίνεται
1578 3970 1659 4022 διὰ
1697 3975 1783 4024 τοῦ

214 4043 503 4109 Φιλίππου,
537 4043 626 4097 ἵνα
676 4044 745 4115 μή
790 4065 860 4106 τις
904 4043 1063 4112 εἴποι,
1095 4045 1229 4098 ἀλλὰ
1278 4047 1517 4100 Μακεδὼν
1559 4050 1641 4102 καὶ
1682 4051 1784 4122 ἅμα

217 4126 391 4179 τούτου
418 4127 595 4196 γνώμη
620 4124 751 4178 αἰτία
778 4127 1035 4197 τυγχάνει,
1054 4126 1134 4178 διὰ
1153 4130 1298 4180 τοῦτο
1322 4125 1375 4180 ἐκ
1403 4133 1498 4182 τῶν
1526 4136 1783 4202 προσεχῶν

219 4204 271 4258 ἔκ
302 4204 487 4266 Κότυος
515 4203 838 4260 ἀποδεικνύει,
915 4205 1146 4259 Μάλιστα
1169 4205 1263 4277 γὰρ
1288 4205 1353 4268 εἰς
1381 4206 1526 4261 αὗτδν
1554 4209 1785 4279 χαλεπῶς

220 4283 365 4355 εἶχον
405 4285 453 4338 οἱ
484 4281 751 4350 Ἀθηναῖοι.
826 4285 947 4338 Τινὰ
982 4285 1079 4357 γὰρ
1110 4285 1434 4357 αἰχμάλωτον
1465 4286 1515 4340 ἐν
1547 4295 1617 4362 τῷ
1649 4291 1786 4362 πότῳ

220 4363 487 4436 εἰσήγαγεν
506 4403 522 4430 ,
548 4362 725 4426 ἐπιθεὶς
754 4363 885 4437 αύτῷ
910 4363 973 4418 τὰ
1006 4367 1093 4432 τῆς
1115 4365 1358 4427 Πολιάδος
1381 4368 1645 4439 παράσημα
1662 4408 1677 4436 ,
1703 4368 1787 4421 καὶ

219 4443 426 4514 ὓὸρίζων
452 4441 599 4496 αὖτὀν
623 4448 786 4516 σαφῶς
812 4443 871 4512 δὴ
897 4445 1007 4506 τοὺς
1036 4443 1311 4512 Ἀθηναίους
1332 4443 1513 4516 ὕὸρὶζε.
1588 4445 1785 4518 Σκυφρό-

220 4543 312 4586 νως
338 4523 392 4577 δὲ
410 4521 548 4576 εἶπεν
572 4522 601 4575 ὁ
628 4522 787 4594 ῥήτωρ
812 4522 878 4586 εἶς
905 4523 1053 4576 αὓτδν
1077 4523 1283 4596 ύδρίζων
1305 4545 1314 4555 ·
1346 4523 1373 4576 ό
1400 4524 1495 4595 γὰρ
1525 4523 1589 4587 είς
1614 4524 1785 4578 ἑαυτὸν

221 4601 1018 4753 αμὲἓὲῗνῗέ.ἑὲὂζῗντξί6νῖἷτδτλςως
1046 4683 1149 4736 οὔδ’
1171 4683 1391 4754 ὓγιαινόν
1399 4684 1533 4755 των]
1558 4685 1656 4736 Τοῦ
1672 4704 1788 4756 συμ-

220 4763 446 4832 φέροντος
469 4761 730 4833 λογισμός.
804 4763 876 4816 'rb
900 4763 995 4835 γὰρ
1020 4763 1191 4828 ἄδοξον
1220 4763 1303 4816 καὶ
1327 4761 1522 4826 ἔνδοξον
1554 4763 1618 4826 εἰς
1642 4769 1787 4818 τοῦτο

224 4837 533 4910 ἀναφέρεται,
567 4840 717 4910 διχῶς
738 4839 835 4911 γὰρ
858 4841 915 4894 τὸ
938 4842 1177 4912 συμφέρον
1195 4881 1209 4906 ,
1235 4839 1293 4892 τὸ
1321 4839 1407 4910 μὲν
1438 4841 1489 4895 ἐκ
1514 4846 1609 4895 τῶν
1631 4861 1786 4913 πραγ-

227 4919 389 4990 μάτων
405 4958 421 4983 ,
448 4917 507 4972 τὸ
536 4915 587 4970 δὲ
607 4917 661 4970 ἐκ
687 4922 773 4986 τῆς
800 4919 957 4988 δόξης.
1034 4920 1194 4973 Τοῦτο
1219 4913 1307 4972 οὖν
1336 4918 1387 4973 ἐκ
1410 4925 1495 4986 τῆς
1512 4920 1651 4988 δόξης
1668 4961 1685 4988 ,
1712 4923 1786 4975 ὅτι

224 4997 371 5069 χωρὶς
400 5001 489 5050 τοῦ
520 4997 754 5068 βλάπτειν
784 4998 844 5052 τὰ
886 5000 1151 5070 πράγματα
1179 4998 1261 5053 καὶ
1292 4997 1379 5065 τὴν
1424 4999 1663 5070 ὑπόληψιν
1700 4999 1788 5051 λυ-

228 5079 467 5148 μαίνεται.

3303 466 3406 519 711

1858 577 1942 628 καὶ
1969 581 2170 647 χρυσοῖς
2189 582 2437 651 στεφάνοις
2462 581 2608 636 αύτδν
2629 587 3045 656 στεφανώσαντας.
3129 585 3258 641 Ἀλλ’
3281 585 3324 642 εἰ
3341 589 3422 642 καὶ

1857 653 2054 726 θείημεν
2073 657 2154 710 τὸν
2173 658 2452 730 Χαρίδημον
2469 661 2551 714 καὶ
2564 664 2858 732 γεγενῆσθαι
2881 665 2990 734 περὶ
3011 662 3142 735 ἡμᾶς
3153 667 3421 719 σπουδαῖον

1856 731 1941 784 καὶ
1963 730 2092 786 εἶναι
2115 735 2197 788 καὶ
2225 735 2450 802 ἔσεσθαι,
2480 738 2562 790 καὶ
2582 740 2822 809 μηδέποτε
2844 739 3005 808 ἀλλην
3029 743 3231 812 γνώμην
3251 743 3282 808 ἢ
3311 743 3422 796 ταύ-

1856 827 1946 876 την
1974 812 2176 882 σχήσειν
2193 853 2208 878 ,
2239 813 2376 870 οὐδὲν
2407 815 2601 887 μᾶλλον
2636 814 2744 888 ἔχει
2770 821 2922 871 ταῦτα
2946 817 3078 890 αύτῷ
3096 819 3257 882 καλῶς
3276 821 3420 893 ψηφί-

1858 892 2053 946 σασθαι.

1874 1006 1880 1015 -
1929 970 2054 1038 659,
2089 987 2179 1041 29.
2197 971 2472 1046 Ἔκδοτον]
2497 976 2870 1047 προδεδομένον.
2897 978 2960 1029 Β.

1931 1053 2055 1113 660,
2085 1049 2318 1105 namon
2348 1053 2466 1124 ἄχρι
2490 1054 2664 1108 τούτου
2684 1055 2768 1108 καὶ
2794 1055 2956 1125 φιλεῖν
2989 1053 3166 1128 οἶμαι]
3197 1055 3420 1126 Εἰρηκὼς

1858 1127 1915 1181 τὸ
1941 1127 2066 1181 κατὰ
2085 1131 2224 1200 μέρος
2245 1129 2464 1204 ἐπήγαγε
2487 1133 2546 1187 τὸ
2568 1133 2784 1190 καθόλου
2797 1154 2808 1164 ·
2841 1134 3042 1197 καὶτοῖς
3063 1137 3422 1206 παραδείγμασι

1858 1208 2026 1270 πείσας
2041 1249 2056 1273 ,
2079 1215 2149 1281 τῷ
2172 1209 2476 1283 ἐνθυμήματι
2493 1213 2706 1269 καθόλου
2735 1214 2840 1268 ὄντι
2863 1214 3059 1284 βεὸαιοῖ
3078 1214 3142 1267 τὰ
3158 1215 3416 1284 λεχθέντα.

1866 1285 2068 1354 Ἐπειδὴ
2096 1288 2150 1342 δὲ
2173 1289 2397 1344 παλαιῶν
2435 1295 2737 1364 πραγμάτων
2763 1289 2822 1360 ἦν
2859 1295 3087 1364 μνησθεὶς
3113 1295 3198 1348 καὶ
3221 1295 3302 1348 διὰ
3334 1287 3418 1348 τὸν

1859 1367 2044 1438 χρόνον
2070 1366 2274 1425 laesero
2305 1369 2336 1436 ἣ
2386 1371 2554 1444 μνήμη
2573 1411 2588 1437 ,
2619 1372 2698 1424 διὰ
2734 1379 2822 1427 τοῦ
2843 1374 3094 1429 Φιλίππου
3123 1377 3228 1438 τοῖς
3255 1377 3422 1428 νεωτέ-

1860 1464 1964 1514 ροις
2011 1447 2292 1519 πράγμασιν
2329 1449 2504 1512 αὐτοὺς
2531 1450 2598 1513 εἰς
2641 1452 2800 1506 πίστιν
2851 1453 2980 1523 ἄγει.
3061 1453 3236 1523 Καιρὸν
3277 1453 3329 1506 δὲ
3360 1455 3434 1507 τὶν

1863 1523 2038 1592 μέτρον
2058 1544 2068 1554 ·
2103 1527 2277 1596 μέτρον
2305 1526 2402 1598 γὰρ
2427 1529 2513 1582 τὸν
2550 1529 2717 1599 καιρὸν
2745 1529 2982 1592 πολλάκις
3009 1530 3242 1601 λέγομεν.

1935 1607 2060 1668 661,
2088 1620 2176 1674 27.
2209 1603 2341 1660 Ἀλλ’
2379 1605 2446 1668 ὡς
2471 1605 2582 1660 ούδὲ
2609 1608 2776 1668 πιστὸς
2799 1607 2864 1670 εἰς
2892 1608 2978 1662 τ“ον
3007 1607 3174 1662 ἔπειτα
3199 1609 3420 1679 χρόνον]

1861 1680 1930 1734 Tb
1955 1682 2138 1753 μέλλον
2171 1690 2504 1754 στοχαστικῶς
2525 1691 2798 1742 πιστοῦται.
2881 1685 3020 1742 Ἐπεὶ
3044 1687 3140 1758 γὰρ
3161 1688 3216 1741 τὸ
3244 1688 3421 1758 συμφέ-

1862 1780 1947 1831 ρον
1979 1761 2028 1815 έν
2065 1768 2134 1833 τῷ
2166 1763 2426 1834 μέλλοντι,
2468 1763 2641 1835 ἀφανὲς
2677 1765 2762 1830 δὲ,
2793 1765 2873 1818 διὰ
2901 1771 3046 1820 τοῦτο
3075 1765 3130 1819 ἐκ
3173 1772 3270 1819 τῶν
3309 1785 3426 1837 πρα-

1862 1862 1899 1912 χ
1902 1844 2080 1898 θέντων
2105 1841 2194 1908 τὴν
2223 1843 2384 1897 πίστιν
2417 1845 2632 1900 δίδωσιν.

1936 1927 2061 1986 664,
2089 1939 2172 1976 ια.
2201 1923 2293 1974 Καὶ
2309 1922 2404 1994 γὰρ
2423 1922 2584 1978 έκεῖνο
2603 1923 2830 1996 νομίζω]
2855 1924 3104 1995 Λογισμδς
3127 1924 3181 1978 ἐκ
3199 1929 3286 1976 τοῦ
3311 1943 3428 1994 συμ-

1896 2001 1918 2052 έ
1949 2019 2106 2062 οντος.

1860 2019 1895 2070 φ
1921 2019 2059 2145 ρ664,
2093 2083 2176 2134 18.
2205 2079 2352 2141 Ἔστι
2377 2078 2474 2149 γὰρ
2498 2079 2656 2149 φίλων
2685 2079 2920 2152 ἀγαθῶν]
2959 2080 3300 2152 Ἐνθυμήματι
3335 2099 3423 2134 κα·

1865 2159 2048 2231 θολικῷ
2077 2159 2138 2212 τὰ
2158 2160 2399 2229 λεχθέντα
2424 2159 2834 2230 ἔπισφραγίζεται.

1937 2243 2060 2304 664,
2088 2239 2176 2299 25.
2212 2237 2299 2301 Ὡς
2317 2237 2360 2292 εἰ
2381 2240 2464 2291 καὶ
2494 2238 2730 2312 βάρδαρος
2751 2239 2838 2292 καὶ
2854 2237 3088 2310 ἄπιστος]
3119 2237 3424 2292 Ἀντιπῖπτον

1865 2317 1998 2382 λύει,
2031 2317 2146 2370 ἀλλ’
2199 2317 2287 2372 οὐκ
2339 2316 2560 2384 ἀδικήσει
2602 2317 2914 2389 Χαρίδημον,
2963 2317 3006 2372 εἰ
3053 2319 3136 2370 καὶ
3165 2319 3424 2390 βάρὸαρος.

1866 2397 1978 2450 Λύει
1997 2397 2047 2450 δὲ
2074 2396 2192 2450 αὐτὸ
2223 2395 2278 2450 ἐκ
2304 2401 2392 2450 τοῦ
2415 2397 2824 2469 παραδείγματος.

1939 2477 2062 2540 665,
2087 2479 2138 2531 8.
2171 2476 2264 2528 Καὶ
2285 2475 2382 2548 μὴν
2407 2477 2450 2532 εἰ
2479 2478 2602 2550 μήτε
2621 2479 2760 2548 φύσει
2782 2478 2950 2540 πιστδς
2976 2477 3004 2532 ὁ
3035 2477 3430 2549 Κερσοθλέπτης]

1868 2553 2098 2624 Συλλογὴ
2125 2560 2221 2608 τῶν
2253 2554 2540 2626 εἰρημένων.
2611 2557 2830 2628 Διαφέρει
2855 2557 2910 2611 δὲ
2935 2559 3022 2623 τῆς
3057 2554 3426 2626 ἀνακεφαλαιώ-

1868 2651 1990 2693 σεως
2014 2631 2044 2698 ἦ
2078 2631 2302 2704 συλλογὴ
2315 2672 2330 2699 ,
2362 2635 2437 2688 ὅτι
2465 2633 2498 2700 ἦ
2525 2633 2609 2706 μὲν
2649 2633 3066 2705 ἀνακεφαλαίωσις
3092 2635 3288 2688 πάντων
3329 2640 3427 2688 τῶν

1870 2709 2127 2782 ἐπικαίρων
2167 2711 2228 2783 ἔχ
2233 2731 2275 2765 ει
2297 2710 2386 2779 τὴν
2410 2713 2683 2785 ὑπόμνησιν
2698 2753 2714 2780 ,
2743 2712 2775 2780 ἧ
2799 2714 2852 2768 δὲ
2873 2713 3097 2787 συλλογὴ
3124 2719 3222 2768 τῶν
3254 2712 3430 2785 ἀρτίως

1868 2789 2144 2863 λεχθέντων
2173 2792 2344 2862 μόνον.

1939 2871 2062 2936 665,
2103 2873 2187 2926 15.
2229 2871 2344 2926 Ὅτι
2362 2875 2524 2928 τοίνυν
2552 2874 2696 2945 ἀνευ]
2719 2874 2890 2928 Διττδν
2919 2873 2978 2927 τὸ
3002 2875 3272 2945 συμφέρον,
3301 2875 3360 2927 τό
3379 2891 3430 2926 τε

1870 2948 1922 3002 ἐν
1945 2949 2142 3020 πράξεσι
2165 2951 2247 3004 καὶ
2272 2951 2372 3023 [τὸ]
2397 2949 2448 3005 ἐν
2477 2951 2610 3024 δόξῃ.

1944 3030 2068 3094 665,
2091 3030 2181 3083 25.
2211 3029 2328 3084 Ὅτι
2350 3031 2528 3094 πάντες
2551 3030 2600 3084 ot
2621 3031 2968 3102 ξεναγοῦντες]
2991 3029 3172 3085 Ξενικὰ
3208 3030 3432 3100 στρατεύ-

1870 3127 2002 3178 ματα
2048 3108 2275 3180 ἔχοντες,
2323 3112 2514 3173 πάντως
2564 3109 2616 3164 δὲ
2665 3115 2738 3182 τῷ
2779 3111 3028 3184 καθολικῷ
3077 3110 3432 3180 παραδείγματι

1871 3189 2132 3258 κέχρηται,
2167 3191 2254 3242 ἵνα
2289 3189 2355 3262 μὴ
2373 3229 2391 3256 ,
2419 3190 2484 3253 ὣς
2519 3189 2694 3260 ἐχθρὸς
2725 3193 2796 3244 ὢν
2831 3190 2980 3246 αὐτοῦ
3005 3189 3122 3262 δόξῃ
3145 3188 3430 3242 διαὸάλλειν

1871 3265 2040 3322 αὐτόν.
2617 3267 2624 3273 ’

1943 3346 2067 3410 665,
2094 3350 2184 3399 26.
2216 3346 2336 3416 Ἄρχ
2339 3365 2408 3400 ειν
2445 3350 2712 3415 ζητοῦσιν]
2736 3346 2848 3400 Ἵνα
2874 3347 2960 3401 καὶ
2981 3346 3174 3418 φοΰήσῃ
3201 3347 3314 3408 τοὺς
3354 3345 3434 3415 ἀρ·

1869 3443 2084 3492 χοντας,
2115 3426 2192 3478 ὅτι
2217 3425 2384 3496 ἕτερον
2419 3423 2510 3490 τὴν
2541 3425 2814 3498 ἡγεμονίαν
2848 3427 3058 3497 ἁρπάσαι
3083 3426 3429 3496 φαντάζονται.

1943 3509 2068 3571 666,
2114 3509 2164 3559 6.
2207 3504 2318 3565 Πῶς
2359 3504 2455 3575 γὰρ
2491 3504 2578 3556 ούκ
2613 3503 2846 3574 αἰσχρὸν]
2897 3503 3228 3574 Ἐπιχείρημα
3253 3503 3308 3556 ἐκ
3345 3507 3434 3556 τοῦ

1872 3582 2148 3644 ἐλάττονος.
2229 3582 2290 3636 Εἰ
2311 3581 2426 3654 γὰρ,
2449 3583 2597 3654 φησὶ,
2619 3586 2912 3655 κατηγορεῖς
2939 3589 3036 3636 τῶν
3065 3581 3256 3637 ἐλάττω
3273 3581 3436 3652 πλημ-

1872 3661 2182 3734 μελούντων,
2225 3667 2324 3723 ταῖις
2358 3662 2558 3732 μείζονα
2587 3661 2729 3723 αὐτὸς
2777 3661 2962 3724 ἐτάζων
3011 3660 3100 3714 οὖκ
3137 3658 3186 3714 εἴ
3214 3663 3444 3732 μεμπτό·.

1870 3761 1922 3794 τε
1954 3760 2038 3804 0ςὶ

1926 3761 2067 3884 ρ666,
2101 3818 2182 3872 15.
2229 3819 2320 3872 Καὶ
2347 3821 2554 3890 γεγονός
2593 3839 2639 3872 τι
2684 3822 2930 3891 πρᾶγμα]
2957 3819 3114 3874 Τοῦτο
3137 3819 3192 3874 ἐκ
3230 3823 3316 3886 τῆς
3344 3825 3436 3873 τοῦ

1871 3897 2044 3968 ὁμοίου
2076 3899 2398 3969 παραθέσεως.

1943 3981 2067 4046 667,
2097 3993 2184 4030 22.
2213 3977 2464 4049 Βούλομαι
2481 3979 2646 4030 τοίνυν
2669 3976 2764 4045 ἤδη
2787 3977 2870 4030 καὶ
2891 3977 2952 4029 τὰ
2967 3978 3316 4049 πεπραγμένα]
3336 3978 3438 4031 Τοῦ

1870 4056 2056 4108 δικαίου
2077 4057 2218 4127 μέρος
2239 4057 2292 4109 αἱ
2309 4056 2496 4128 πράξεις
2511 4077 2521 4087 ·
2545 4058 2662 4126 ὅπερ
2683 4055 2806 4126 μετὰ
2824 4055 2886 4108 τὸ
2915 4057 3125 4127 νόμιμον
3154 4056 3237 4110 καὶ
3261 4053 3322 4109 τὰ
3347 4055 3436 4124 ἔθη

1871 4133 2008 4195 τάξαι
2033 4135 2170 4188 δέον·
2200 4134 2320 4187 ἀλλ’
2344 4133 2506 4203 ἐπειδὴ
2531 4136 2636 4207 ᾔδει
2663 4134 2720 4194 τὸ
2744 4138 2830 4188 τοῦ
2860 4135 3141 4206 Χαριδήμου
3175 4135 3436 4204 πρόσωπον

1874 4213 1953 4268 ἐπὶ
1979 4213 2037 4266 τὸ
2067 4213 2256 4284 βέλτιον
2280 4213 2643 4286 ὓπειλημμένον
2661 4253 2676 4277 ,
2700 4211 2758 4266 τὸ
2795 4215 3032 4286 συμφέρον
3063 4212 3298 4284 προτάξας
3325 4211 3442 4266 ἀνά·

1872 4310 1998 4361 γκην
2027 4290 2158 4349 εἶναι
2183 4295 2288 4346 δεῖν
2313 4293 2516 4362 ἐπέθηκε
2533 4333 2548 4358 ,
2575 4293 2659 4346 καὶ
2698 4293 2884 4347 τούτων
2921 4293 3110 4347 ἀκούειν
3141 4291 3429 4362 ἀνέχεσθαι·

1873 4370 1966 4441 πρὸ
2001 4371 2096 4443 γὰρ
2124 4376 2212 4426 τοῦ
2235 4373 2558 4444 συμφέροντος
2581 4369 2811 4433 ἀπίθανος
2841 4373 2898 4424 ἂν
2931 4368 2990 4438 ἦν
3021 4371 3145 4424 κατὰ
3171 4373 3259 4422 τοῦ
3290 4369 3436 4438 Χαρι-

1874 4449 2033 4522 δήμου
2055 4449 2236 4521 λέγων.
2259 4451 2407 4505 Β8Υ.

1947 4534 2070 4600 667,
2104 4547 2190 4584 αα.
2218 4530 2472 4602 Βούλομαι
2498 4531 2661 4585 τοίνυν
2695 4529 2830 4600 ἤδη]
2867 4526 3111 4588 Ἐξέτασις
3146 4523 3321 4578 λοιπὸν
3347 4528 3451 4578 τοῦ·

1874 4609 2080 4663 δικαίου.
2156 4608 2246 4661 Διὰ
2272 4609 2320 4661 τί
2341 4608 2394 4662 δὲ
2421 4608 2470 4661 έν
2491 4614 2562 4680 τῷ
2587 4607 2715 4662 τέλει
2735 4606 2898 4667 ἔταξεν
2923 4603 3072 4666 αὐτός
3098 4603 3309 4673 λέγομεν
3337 4603 3435 4668 ὅτι,

1880 4684 2042 4753 ἐπειδὴ
2067 4687 2335 4756 ύπείληπτο
2355 4688 2422 4750 ὥς
2449 4687 2610 4748 εὔνους
2626 4725 2642 4749 ,
2673 4685 2968 4755 βουλόμενος
2988 4682 3121 4736 λύειν
3146 4681 3325 4749 ταύτην
3348 4680 3439 4748 τὴν

1875 4766 2136 4832 ὑπόνοιαν,
2161 4766 2246 4819 ἵνα
2268 4765 2295 4818 ό
2325 4763 2562 4836 ἀκροατὴς
2595 4765 2914 4834 ἀνιστάμενος
2944 4760 3011 4832 μὴ
3041 4760 3330 4828 ἐπιλάθηται
3357 4757 3430 4814 ὧν

1875 4843 2051 4916 ἀρτίως
2073 4843 2298 4911 ἤκουσεν.
2373 4844 2434 4896 Εἰ
2459 4843 2554 4915 γὰρ
2577 4842 2626 4905 ἐξ
2645 4842 2801 4914 ἀρχῆς
2823 4837 2882 4909 ἣν
2911 4841 3208 4912 γιγνόμενον
3226 4880 3242 4905 ,
3263 4839 3350 4894 ούκ
3379 4843 3440 4894 ἂν

1879 4924 2061 4994 ὁμοίως
2086 4923 2181 4979 {mh
2209 4930 2304 4978 τῶν
2335 4926 2574 4976 δικαστῶν
2619 4921 2824 4989 ἠκούετο
2867 4921 3250 4990 ἐναντιουμένων
3279 4919 3440 4974 αὐτῶν

1877 5008 1940 5075 τῇ
1975 5005 2154 5076 γνώμῃ
2172 5044 2188 5068 ,
2218 5004 2285 5065 ὡς
2314 5002 2402 5055 ούκ
2428 5005 2498 5056 ὢν
2548 5007 2766 5063 τοιοῦτος
2803 4998 2906 5062 οἷος
2953 5001 3222 5071 νομίζεται.
3305 4998 3439 5052 Ἀλλ’

1878 5081 2138 5136 ένδέδωκεν
2166 5080 2328 5142 αὐτοῖς
2345 5121 2358 5144 ,
2385 5079 2466 5132 καὶ
2492 5081 2657 5141 πείσας
2679 5077 2731 5132 ἐν
2756 5079 2858 5139 τοῖς
2883 5081 3121 5150 πρώτοις,
3153 5077 3441 5150 thy-aphra·-

293 5157 419 5228 659,
453 5157 543 5211 23.
568 5147 663 5210 Καὶ
688 5155 784 5228 μὴν
808 5157 891 5214 καὶ
917 5159 1117 5230 χρυσοῖς
1140 5157 1427 5231 στεφάνοις]
1465 5155 1527 5210 Ἥ
1556 5157 1795 5224 ἀντίθεσις
1878 5181 1964 5232 ρον
1985 5162 2158 5216 τούτου
2177 5160 2400 5222 δέξασθαι
2427 5160 2660 5227 πεποίηκε
2683 5158 2772 5226 τὴν
2798 5157 3028 5220 ἐξέτασιν.
3107 5158 3324 5230 ’Ἤρξατο
3352 5159 3446 5231 μὲν

226 5235 527 5309 στοχαστική
544 5256 557 5268 ·
598 5234 728 5292 Ἀλλ’
760 5235 847 5292 οὗκ
876 5238 933 5288 ἂν
965 5236 1131 5300 ἕλοιτο
1161 5235 1387 5304 ἀδικῆσαι
1410 5237 1519 5300 τοὺς
1546 5243 1787 5310 τιμῶντας
1834 5222 1845 5280 ί
1881 5235 1967 5292 οὖν
2003 5239 2055 5294 ἐκ
2083 5239 2359 5311 προοιμίου.
2436 5237 2608 5305 Τίθησι
2634 5238 2678 5291 δ’
2709 5237 2844 5301 εὖθὐς
2875 5237 3211 5310 ἀνθυποφορᾶν
3233 5238 3328 5309 πρὸ
3351 5241 3440 5292 τοῦ
