3825 5834
542 448 646 498 144

656 645 1261 758 [ΑΙΣΧΙΝΟΥ]
1344 649 1964 730 ΕΠΙΣΤΟΛΑΙ.

534 843 639 892 Ὅτι
658 839 879 904 Αἰσχίνης
899 838 965 901 μὴ
988 837 1105 886 ἐλὼν
1129 839 1463 898 Κτησιφῶντα,
1490 837 1661 897 μᾶλλον
1692 837 1741 884 δὲ
1766 835 2090 898 Δημοσθένην.

600 911 657 959 οὗ
680 909 953 971 κατηγόρει,
978 907 1094 969 μηδὲ
1112 906 1165 954 τὸ
1188 907 1399 967 πέμπτον
1424 907 1559 966 μὲρος
1580 910 1675 952 τῶν
1704 906 1869 967 ψήφων
1892 905 2092 965 μεταλα-

600 980 697 1027 6ὼν
711 1013 725 1038 ,
749 980 831 1035 τήν
853 976 1039 1037 ἀτιμίαν
1058 975 1113 1023 οὗ
1136 977 1282 1038 φέρων
1296 1009 1311 1033 ,
1334 973 1415 1030 τὰς
1436 975 1517 1035 μὲν
1544 972 1727 1031 Ἀθήνας
1750 973 2002 1032 ἀπέλιπεν,
2027 972 2092 1025 εἰς

474 1060 501 1098 b
603 1049 653 1097 δὲ
683 1047 844 1097 Ῥόδον
876 1046 1146 1109 μετῴησεν
1158 1080 1174 1105 ,
1204 1041 1343 1091 παντί
1382 1059 1476 1090 που
1512 1044 1757 1105 γνώριμον.
1784 1041 1914 1090 Ἐκεῖ
1942 1041 2092 1089 τοίνυν

606 1117 803 1165 ταυτασὶ
820 1115 904 1170 τὰς
923 1114 1167 1168 ἐπιστολὰς
1191 1114 1357 1174 σχεδὸν
1380 1111 1565 1167 ἁπάσας
1584 1113 1761 1174 γράψας
1775 1147 1789 1170 ,
1806 1117 1874 1173 πῇ
1898 1111 1980 1172 μὲν
1997 1113 2093 1164 τοῖς

602 1185 745 1248 φίλοις
764 1184 843 1239 τάς
866 1199 916 1232 τε
939 1183 1202 1242 ἀποδημίας
1219 1183 1299 1230 καὶ
1322 1181 1468 1230 τᾶλλα
1490 1183 1550 1230 τὰ
1566 1181 1671 1230 καθ’
1690 1181 1830 1230 αὑτὸν
1856 1181 2062 1237 ἐδήλωσε
2077 1213 2092 1236 ,

600 1260 668 1316 πῇ
686 1255 735 1302 δὲ
756 1253 839 1310 τήν
856 1257 947 1300 τῶν
968 1253 1143 1315 ἐχθρῶν
1170 1252 1549 1313 ἐπιχαιρεκακίαν
1581 1251 1815 1313 ἠμύνατο,
1834 1253 1901 1311 πῇ
1923 1250 1972 1297 δὲ
1999 1252 2094 1304 τοῖς

602 1321 853 1378 Ἀθηναίοις
871 1322 985 1383 ὺπέρ
1003 1323 1170 1369 ἑαυτοῦ
1182 1355 1196 1378 ,
1216 1322 1278 1375 ὡς
1299 1321 1440 1382 μηδὲν
1459 1319 1784 1382 ἐξαμαρτόντος
1799 1354 1813 1378 ,
1835 1317 2096 1378 ἀπολογού-

466 1400 518 1441 10
606 1409 765 1455 μενος,
812 1392 895 1440 καὶ
940 1390 1267 1453 συμόουλεύων
1306 1395 1623 1452 γνωστμαχεῑν
1635 1426 1652 1453 ,
1689 1389 1889 1438 καθόδου
1938 1391 2093 1449 τυχεῖν

606 1462 796 1524 ἐφίεται.

1036 1591 1079 1649 l.
1110 1591 1347 1649 ΦΙΛΟΚ
1358 1589 1600 1649 ΡΑΤΕῙ.

626 1727 887 1793 Λύσαντες
924 1729 983 1786 ἐκ
1014 1727 1317 1804 Μουνυχίας
1356 1725 1579 1804 ἑσπέρας
1622 1727 1851 1804 λαμπρῷ
1901 1725 2097 1804 σφόδρα

552 1815 781 1894 Σκίρωνι
800 1813 921 1894 περὶ
944 1813 1109 1890 μέσην
1134 1813 1335 1891 ἡμέραν
1358 1811 1697 1891 κατήχθημεν
1726 1813 1796 1878 εἷς
1828 1812 2099 1892 Κορησσὸν

474 1925 527 1966 15
549 1903 643 1973 τὴν
672 1902 859 1964 Κείων.
945 1899 1263 1966 Καθίσαντες
1290 1900 1344 1957 δὲ
1372 1898 1570 1980 ἠμέρας
1594 1898 1735 1957 ἐννέα
1766 1899 1885 1973 (καὶ
1910 1899 2014 1979 γὰρ
2036 1891 2100 1969 ἦν

548 1990 737 2065 ἄνεμος
764 1988 1052 2065 ἐναντίος),
1089 1980 1200 2046 εἶτα
1242 1985 1462 2066 ἑσπέρας
1494 1983 1745 2052 λύσαντες
1782 1985 1893 2062 ἅμα
1923 1991 1989 2065 τῇ
2030 1983 2100 2066 ἕῳ

549 2080 621 2144 εἰς
640 2079 810 2148 Δῆλον
828 2075 1071 2150 ἤλθομεν.
1154 2073 1215 2154 (2)
1231 2073 1415 2144 Δήλιοι
1434 2072 1490 2130 δὲ
1510 2072 1713 2131 ἐνόσουν
1729 2069 1963 2149 λοιμώδη
1987 2072 2101 2131 τινὰ

550 2164 697 2224 νόσον
713 2187 727 2200 ·
761 2161 827 2220 τὰ
868 2163 960 2239 μὲν
1004 2160 1259 2240 πρόσωπα
1298 2159 1627 2236 ἐπίμπλαντο
1662 2158 1849 2231 λεύκης
1876 2159 1968 2218 καὶ
2009 2159 2102 2226 τὰς

466 2302 471 2308 .
548 2250 733 2328 τρίχας
758 2248 933 2308 λευκοὶ
960 2247 1213 2325 ἐγίνοντο,
1249 2250 1278 2304 6
1318 2246 1373 2304 δὲ
1410 2245 1674 2326 τράχηλος
1700 2246 1792 2304 καὶ
1818 2245 1886 2304 τὰ
1915 2245 2099 2326 στέρνα

468 2355 523 2392 20
551 2337 765 2419 ἀνῴδει,
797 2336 1009 2417 πυρετοὶ
1048 2335 1090 2394 δ’
1113 2338 1205 2392 οὐκ
1238 2333 1463 2411 ἐγίνοντο
1487 2334 1602 2394 οὐδὲ
1633 2333 1908 2412 ἀλγηδόνες
1935 2334 2098 2411 μεγά-

549 2429 639 2486 λαι
655 2473 671 2498 ,
694 2424 808 2483 οὐδὲ
831 2422 897 2482 τὰ
913 2422 1060 2481 κάτω
1084 2422 1217 2501 με’ρη
1240 2422 1606 2501 παρήλλαττεν
1634 2421 1781 2482 οὐδέν
1808 2446 1881 2482 τι.
1909 2425 2098 2482 Ταῦτα

551 2514 598 2571 δ’
628 2509 889 2571 ἐπείθοντο
915 2509 1053 2568 κατὰ
1085 2514 1238 2586 μῆνιν
1272 2508 1590 2576 ’Λπόλλωνος
1632 2513 1803 2576 αὑτοῖς
1834 2508 2100 2586 συμὸεόη·

551 2599 727 2675 κέναι,
754 2596 999 2679 ταφέντος
1026 2599 1079 2655 ἐν
1117 2601 1183 2674 τῇ
1224 2594 1369 2676 νήσῳ
1406 2596 1542 2663 τινὸς
1568 2601 1673 2654 τῶν
1714 2599 2004 2677 ἐπιφανῶν,
2041 2600 2100 2655 οὐ

551 2687 799 2766 πρότερον
852 2684 1057 2751 εἰωθός·
1106 2687 1165 2742 ἐκ
1216 2683 1399 2744 τούτου
1443 2685 1761 2765 προσὸαλεῖν
1808 2689 1979 2752 αὐτοῖς
2013 2684 2101 2744 τὸν

474 2791 527 2830 25
554 2775 665 2834 θεὸν
700 2773 795 2845 τὴν
829 2772 977 2830 νόσον
1018 2770 1212 2842 ταύτην
1243 2771 1631 2849 δπελείμὸανον.
1716 2773 1777 2853 (a)
1826 2772 2014 2848 Ἡμεῖς
2046 2773 2100 2830 δὲ

552 2861 732 2940 ὥσπερ
768 2857 843 2926 εἷς
880 2881 931 2916 τι
959 2857 1099 2924 ἔθνος
1140 2857 1489 2936 ἀλλόφυλονῆ
1526 2863 1681 2930 νῆσον
1712 2861 1763 2918 ἐν
1793 2863 1857 2940 τῇ
1890 2859 1986 2928 ἔξω
2009 2865 2102 2918 θα-

553 2947 726 3027 λάσσῃ
757 2944 1063 3026 ἀφιγμένοι,
1108 2945 1198 3002 καὶ
1234 2945 1425 3013 ἰδόντες
1463 2945 1703 3027 ἐξαίφνης
1728 2947 1990 3014 ποικίλους
2017 2950 2104 3005 ἀν-

554 3034 817 3113 θρώπους,
864 3031 1045 3100 νυκτὸς
1080 3029 1155 3090 ἔτι
1188 3031 1561 3113 ἀποφεύγοντες
1596 3035 1871 3115 ᾠχόμεθα,
1908 3039 2103 3094 πυνθα-

554 3123 761 3199 νόμενοι
805 3119 1047 3190 ἀλλήλων
1093 3118 1230 3177 κατὰ
1258 3122 1347 3178 τὸν
1378 3121 1555 3200 πόρον,
1596 3126 1641 3181 εἰ
1670 3121 1729 3179 τὸ
1757 3127 1953 3203 χρῶμα
1995 3121 2104 3201 ἔχει

476 3223 529 3266 ³0
555 3209 769 3274 ἕκαστος
794 3199 898 3266 οἷον
924 3206 1159 3283 ἐκόμιζεν
1187 3205 1403 3278 οἴκοθεν,
1435 3207 1525 3266 καὶ
1551 3208 1643 3276 τὰς
1663 3209 1863 3288 τρίχας.
1950 3213 2102 3281 Ζάλη

555 3297 609 3357 δὲ
633 3297 723 3356 καὶ
752 3297 937 3372 ἄνεμος
967 3293 1191 3365 ἐξώστης
1216 3295 1463 3370 ἐμπεσὼν
1490 3296 1781 3374 ἀπήνεγκεν
1806 3303 1948 3375 ἡμᾶς
1974 3299 2104 3380 ὑπὲρ

554 3383 773 3464 Κρήτην
785 3381 1006 3454 πλησίον
1024 3384 1438 3459 Ψαμαθοῦντος.
1526 3383 1588 3460 (4)
1610 3383 1701 3450 Ὡς
1721 3383 1777 3443 δὲ
1794 3387 1845 3443 ἐν
1866 3386 2105 3467 συνόπτῳ

554 3465 688 3549 ἦμεν
715 3469 817 3542 ἤδη
836 3514 854 3544 ,
883 3473 1115 3528 ἀντιπνεῑ
1140 3476 1347 3544 πνεῦμα
1372 3469 1623 3530 Λιὸυκόν.
1678 3462 1809 3530 Εἶτα
1832 3472 2106 3530 πνεύσαν-

554 3583 639 3628 τος
668 3564 795 3636 ἠμῑν
825 3561 916 3616 ἀπ’
952 3559 1143 3638 ἄρκτου
1180 3558 1339 3616 πάλιν
1383 3558 1537 3616 πέντε
1566 3556 1759 3625 νύκτας
1786 3560 1839 3616 ἐν
1870 3559 2104 3639 θαλάττῃ

476 3671 529 3711 as
558 3647 844 3730 ἐφερόμεθα
865 3689 881 3718 ,
914 3647 966 3702 ἐν
998 3635 1077 3710 αἶς
1114 3643 1476 3724 προσέσχομεν
1506 3640 1736 3724 Ἀθρώνῃ
1757 3689 1774 3720 ,
1802 3643 1889 3702 ἵνα
1925 3645 2105 3722 μοίθω-

559 3759 651 3813 μεν
693 3733 767 3812 μὴ
812 3735 1286 3813 πολυπραγμονεῖν,
1320 3731 1366 3790 εί
1402 3755 1476 3798 τις
1504 3733 1558 3789 ἐν
1587 3735 1653 3810 τῇ
1681 3734 1868 3790 ἑαυτοῦ
1894 3732 2107 3811 πατρίδι

557 3820 693 3880 κατὰ
713 3819 830 3885 τοὺς
855 3817 1043 3895 νόμους
1065 3815 1099 3887 ἢ
1126 3817 1199 3894 μὴ
1227 3823 1589 3898 στεφανοῦται.
1622 3817 1874 3877 Κάκεῖθεν
1894 3817 2106 3898 τέτταρ·

556 3932 639 3967 σιν
682 3906 903 3985 ἡμέραις
939 3904 1229 3986 ἀφικόμεθα
1264 3907 1335 3971 εἷς
1375 3903 1597 3965 ἐπίνειόν
1650 3929 1701 3963 τι
1735 3909 1829 3977 τῆς
1868 3904 2106 3983 Ῥοδίας,

557 3997 687 4055 ὅπου
722 3993 943 4063 νοσῆσαί
980 4015 1071 4069 μοι
1110 3991 1299 4063 συνέὸη
1332 3991 1428 4062 τὴν
1470 3992 1591 4072 περὶ
1630 3991 1689 4050 τὸ
1728 3983 1902 4069 ἆσθμα
1939 3994 2104 4052 νόσον.

475 4095 530 4136 to
561 4081 620 4160 (Β)
660 4080 755 4148 Ὡς
785 4081 837 4138 δὲ
868 4079 1225 4155 ἐπιμείναντας
1260 4080 1439 4137 αὐτόθι
1462 4081 1557 4138 οὐκ
1596 4077 1817 4137 ἐνεδίδου
1861 4085 1895 4150 ἡ
1937 4079 2108 4152 νόσος,

560 4170 838 4229 διέπλευσα
862 4169 935 4234 είς
960 4164 1161 4237 Ῥόδον,
1195 4163 1285 4224 καὶ
1317 4165 1521 4233 ἐδέξατο
1544 4169 1685 4242 ἡμᾶς
1714 4168 1940 4241 εὐμενῶς
1969 4170 1996 4224 6
2022 4167 2110 4224 τό·

557 4279 677 4324 πος·
693 4254 835 4322 εὐθὺς
860 4254 963 4334 γὰρ
990 4257 1059 4320 ὣς
1082 4253 1345 4332 ἀφικόμην
1362 4251 1493 4312 πολὺ
1524 4252 1667 4332 ῥᾴων
1696 4251 1970 4329 ἐγενόμην.
1999 4255 2108 4314 Καὶ

557 4344 709 4406 ταυτὶ
732 4342 828 4422 μὲν
860 4340 1050 4420 ἔχομέν
1078 4363 1159 4400 σοι
1186 4341 1311 4407 τέως
1344 4339 1663 4400 ἐπιστέλλειν
1680 4360 1693 4375 ·
1724 4337 1791 4397 τὰ
1810 4338 1857 4396 δ’
1878 4338 2014 4398 ἄλλα
2041 4344 2110 4408 ὡς

560 4431 621 4490 ἂν
644 4432 843 4492 ἕκαστα
870 4426 1154 4507 συμὸαίνῃ,
1181 4429 1507 4504 δηλώσομεν.
1534 4424 1779 4504 Εὗτύχει,
1800 4425 1890 4484 καὶ
1914 4425 1990 4502 μὴ
2010 4450 2110 4486 πο·

478 4540 532 4580 45
556 4517 759 4578 λιτεύου
786 4515 921 4594 μηδὲ
946 4513 1239 4596 πρόσκρουε
1271 4513 1406 4592 μήτε
1433 4515 1539 4578 τοῖς
1558 4510 1714 4571 πλέον
1741 4517 1833 4570 σοῦ
1855 4514 1987 4588 μήτε
2013 4522 2110 4580 τοῖς

559 4606 773 4666 ἔλαττον
810 4602 1129 4680 δυναμένοις.

1009 4752 1087 4811 11.
1142 4750 1643 4810 ΚΤΗΣΙΦΩΝΤΙ.

639 4881 969 4941 Ἐπέστειλεν
991 4880 1116 4956 ἡμῖν
1140 4881 1518 4958 Νικόστρατος,
1544 4882 1571 4936 6
1590 4877 1717 4956 πρὸς
1736 4877 1931 4957 μητρὸς
1947 4883 2108 4956 θεῖος,

563 4973 633 5036 ὣς
660 4968 959 5046 ἐπηρεάζεις
989 4967 1081 5042 μὲν
1110 4969 1181 5033 εἷς
1208 4967 1361 5024 αὑτὸν
1394 4969 1451 5024 οὗ
1484 4965 1732 5044 μετρίως,
1756 4965 1870 5042 ἐμοὶ
1900 4965 1954 5023 δὲ
1979 4967 2112 5025 ὀνει-

478 5075 534 5114 εο
564 5055 713 5122 δίζεις
732 5054 827 5124 τὴν
846 5053 931 5112 διὰ
945 5055 1004 5112 σέ
1024 5076 1111 5130 μοι
1133 5053 1409 5130 συμὸᾶσαν
1425 5053 1715 5133 συμφοράν.
1737 5051 1883 5130 Ἐγὼ
1908 5052 1962 5111 δὲ
1985 5057 2107 5113 θαυ·

565 5141 715 5220 μείζω
741 5140 793 5199 τί
820 5139 999 5200 παθὼν
1024 5141 1211 5211 ἐξιοῦσι
1236 5141 1330 5218 μὲν
1361 5141 1557 5201 οἴκοθεν
1582 5141 1709 5216 ἡμῖν
1736 5146 1966 5199 τοσαῦτα
2003 5143 2101 5200 διε·

1662 429 1685 505 [
1705 426 2114 504 ΑΙΣΧΙΝΟΥ]
2161 425 2590 488 ΕΠΙΣΤΟΛΑΙ.

3445 425 3670 498 (sss-ssi

2334 636 2940 746 [AEscles]
2987 649 3558 736 EPISTOLAE.

2181 839 2348 881 Notum
2369 839 2466 889 est,
2487 836 2738 881 AEscbtuem
2763 834 2824 881 ob
2849 837 3012 890 judicil
3029 837 3316 892 ignominiam
3333 867 3347 890 ‚
3366 848 3458 893 quo
3474 841 3700 882 mustum

2233 915 2586 970 ctesiphontem,
2611 915 2682 959 vel
2703 915 3046 960 Demosthenem
3055 917 3218 972 potius,
3233 927 3360 960 reum
3373 927 3468 959 nou
3477 919 3702 972 peregerat,

2233 993 2390 1048 quinta
2424 991 2746 1047 suffragiorum
2771 997 2898 1050 parte
2943 1005 3038 1038 uon
3067 1000 3282 1050 accepta.
3315 995 3494 1039 cessisse
3515 995 3701 1047 Athenis,

2232 1081 2286 1114 ac
2297 1069 2504 1115 Rhodum
2517 1082 2563 1114 se
2585 1072 2837 1116 contulisse.
2855 1072 2936 1116 ubi
2949 1073 3241 1127 hasepistolaa
3258 1071 3351 1118 lere
3369 1085 3523 1118 omnes
3533 1075 3700 1129 scripsit,

2233 1148 2282 1192 in
2301 1149 2461 1203 quibus
2477 1148 2642 1204 partim
2659 1149 2824 1192 amicos
2843 1149 2900 1193 de
2917 1149 3152 1194 itineribus
3182 1155 3229 1194 et
3246 1153 3366 1195 statu
3381 1163 3530 1196 rerum
3545 1163 3702 1196 mrum

2237 1227 2450 1270 certiores
2487 1225 2658 1276 reddin
2679 1227 2844 1282 partim
2875 1229 3164 1272 inimicorum
3195 1229 3476 1274 insolentiam
3503 1229 3704 1282 oetundit;

2237 1305 2398 1360 partim
2429 1303 2732 1348 innocentiam
2769 1315 2898 1352 suam
2935 1307 3056 1364 apud
3087 1307 3396 1360 Athenienses,
3437 1319 3546 1364 quos
3575 1311 3706 1352 monet

2237 1390 2290 1429 ut
2311 1383 2594 1438 resipiscant,
2613 1381 2838 1440 defendit,
2863 1389 3002 1442 utque
3027 1386 3082 1430 ab
3113 1387 3176 1430 eis
3204 1386 3250 1430 tn
3273 1387 3462 1443 pau-iam
3480 1391 3704 1438 revocetur,

2237 1466 2364 1520 petit.

2564 1587 2610 1647 1.
2653 1585 2758 1645 AD
2793 1583 3355 1644 PHILOCRATEM.

2249 1740 2410 1795 Quum
2425 1749 2482 1786 cx
2503 1735 2760 1798 Monychia
2781 1736 2962 1798 vesperi
2974 1735 3304 1796 solvissemus,
3319 1734 3448 1784 circa
3465 1735 3704 1798 meridiem,

2187 1828 2485 1878 serenissimo
2495 1829 2689 1878 Scirone
2703 1829 2865 1890 flante,
2877 1827 2938 1877 ad
2957 1830 3212 1878 coressum
3226 1865 3241 1890 ,
3253 1829 3480 1878 Ceiorum
3489 1828 3706 1891 oppidum,

2187 1922 2470 1984 appulimus.
2489 1923 2560 1974 lbi
2573 1936 2748 1972 novem
2763 1922 2863 1972 dies
2875 1922 2938 1972 ob
2947 1922 3201 1972 adversum
3216 1923 3416 1972 ventum
3433 1923 3676 1972 desedimus
3694 1937 3706 1971 :

2189 2021 2296 2079 post
2313 2029 2477 2065 rursus
2495 2014 2676 2077 vesperi
2695 2015 2895 2078 profecti
2908 2052 2923 2077 ,
2952 2016 3044 2065 sub
3063 2028 3288 2065 auroram
3315 2017 3491 2066 Delum
3519 2016 3706 2079 perveni·

2187 2121 2311 2160 mus.
2327 2109 2394 2170 (2)
2411 2108 2502 2158 Sed
2519 2107 2639 2158 Delii
2653 2108 2891 2170 pestilenti
2905 2108 3116 2170 quodam
3129 2109 3299 2160 morbo
3311 2109 3598 2160 laborabant.
3609 2111 3706 2158 Nam

2190 2203 2330 2251 facies
2348 2213 2513 2250 eorum
2531 2200 2752 2263 albuglue
2767 2201 3103 2264 opplebantur,
3129 2202 3288 2264 capilli
3308 2201 3457 2252 etiam
3491 2201 3706 2251 caudesoe·

2195 2297 2331 2357 bant,
2349 2295 2528 2344 collum
2546 2297 2710 2344 autem
2732 2297 2782 2344 et
2797 2298 2964 2358 pectus
2981 2295 3326 2346 intumescebat
3349 2315 3364 2345 z
3385 2299 3588 2347 οείετιιιιι
3603 2295 3708 2344 nulla

2193 2389 2334 2440 febris
2349 2389 2637 2452 accedebat,
2660 2403 2819 2452 neque
2849 2389 2994 2440 etiam
3016 2389 3208 2441 dolores
3231 2391 3395 2454 magni
3411 2428 3427 2454 ,
3461 2404 3606 2453 neque
3621 2403 3706 2452 par·

2190 2487 2262 2534 tes
2281 2485 2496 2546 corporis
2507 2485 2753 2534 inferiores
2771 2483 3034 2547 quicquam
3057 2485 3390 2536 mutabantur.
3455 2488 3564 2536 Haec
3575 2483 3708 2532 audis·

2191 2579 2298 2626 rant
2337 2590 2396 2626 ex
2431 2577 2666 2639 Apollinis
2689 2577 2760 2626 ira
2780 2577 2868 2626 sibi
2901 2577 3146 2639 accidisse,
3164 2577 3294 2641 quod
3312 2578 3391 2627 vir
3425 2577 3606 2642 qnidam
3621 2577 3709 2624 illu·

2191 2673 2302 2722 stris
2317 2707 2332 2732 ,
2372 2676 2538 2722 eontra
2579 2685 2764 2722 morem
2803 2675 3014 2723 veterem
3029 2708 3044 2733 ,
3079 2673 3130 2722 in
3157 2673 3312 2722 insula
3331 2675 3548 2736 sepultus
3578 2675 3708 2722 &etz

2190 2781 2248 2817 ea
2272 2765 2416 2828 igitur
2433 2767 2492 2816 de
2511 2781 2656 2816 causa
2675 2767 2820 2817 deum
2843 2768 2932 2818 stbi
2955 2767 3176 2818 morbum
3207 2769 3471 2819 immittere
3493 2767 3707 2832 putabant.

2195 2863 2264 2924 (3)
2289 2865 2386 2912 Nos
2405 2863 2568 2910 autem
2579 2897 2595 2924 ‚
2619 2862 2757 2924 quasi
2795 2861 2856 2910 ad
2883 2863 3071 2924 gentem
3091 2861 3300 2926 aliquam
3317 2863 3626 2927 peregrinam,
3641 2861 3706 2914 aut

2193 2958 2243 3006 in
2269 2956 2422 3006 exteri
2445 2956 2592 3006 maris
2609 2957 2814 3006 insulam
2829 2993 2846 3019 ,
2877 2957 3281 3019 pervenissemus,
3309 2963 3364 3008 et
3387 2958 3542 3008 subito
3557 2957 3708 3006 varium

2195 3051 2444 3100 homiuum
2483 3051 2693 3100 colorem
2735 3051 3046 3113 vidissemus,
3089 3055 3236 3100 noctu
3263 3052 3537 3116 aufugimus
3576 3070 3587 3099 :
3615 3049 3710 3099 alius

2192 3143 2338 3192 alium
2364 3143 2489 3193 inter
2509 3143 2828 3205 navigandum
2855 3143 3174 3206 sciscitantes,
3205 3147 3376 3194 utrum
3399 3159 3510 3196 eum
3533 3144 3708 3193 colorem

2193 3240 2242 3287 et
2265 3239 2490 3300 capillum
2505 3275 2519 3299 ,
2538 3252 2685 3301 quem
2703 3239 2850 3288 domo
2871 3239 3074 3301 quisque
3095 3238 3332 3289 attulisset
3345 3277 3366 3302 ,
3400 3233 3712 3290 retinet-emer!

2194 3335 2450 3395 tempestas
2472 3337 2665 3394 exorta,
2685 3336 2735 3382 et
2749 3337 2925 3384 ventus
2946 3335 3244 3396 impetuosus
3257 3370 3272 3394 ,
3291 3347 3386 3384 nos
3402 3347 3540 3396 supra
3555 3333 3713 3383 cretam

2195 3442 2343 3491 prope
2385 3430 2777 3479 Psamathuntem
2813 3429 3029 3480 abstulit.
3115 3431 3182 3491 (4)
3223 3431 3425 3480 Terram
3465 3441 3606 3492 quum
3634 3426 3712 3487 jam

2197 3522 2246 3570 in
2269 3524 2527 3584 conspectu
2567 3521 2852 3572 haberemus
2866 3558 2883 3585 ,
2908 3522 3043 3572 renat
3061 3526 3235 3572 ventus
3261 3522 3486 3586 Libycus.
3547 3518 3712 3576 Deinde,

2195 3627 2346 3676 quum
2360 3615 2618 3676 septentrio
2643 3614 2782 3664 nobis
2811 3617 3030 3677 spiraret,
3047 3629 3214 3665 rursus
3229 3615 3521 3676 ferebamur,
3539 3614 3714 3677 quinque

2197 3711 2362 3758 noctes
2381 3709 2428 3756 in
2449 3709 2572 3757 mari
2605 3710 2805 3770 versati,
2829 3709 3005 3771 quibus
3037 3709 3266 3758 Athronae
3285 3710 3346 3772 (P)
3373 3707 3714 3773 appulimuszut

2195 3803 2486 3852 disceremus
2501 3815 2598 3854 non
2613 3815 2780 3852 curare
2791 3841 2806 3864 ‚
2823 3803 2863 3853 si
2876 3803 2986 3866 quis
2997 3804 3048 3852 in
3063 3816 3150 3854 sua
3162 3805 3314 3866 patria
3327 3841 3344 3864 ,
3371 3805 3472 3854 sive
3488 3801 3714 3854 secundum

2195 3899 2297 3948 sive
2314 3901 2483 3947 contra
2499 3897 2645 3959 leges,
2668 3911 2843 3946 corona
2865 3897 3139 3948 donaretur.
3205 3902 3370 3962 Atque
3391 3899 3502 3948 inde
3523 3899 3715 3962 quattuor

2196 3992 2365 4043 diebus
2408 3992 2460 4041 in
2499 3994 2673 4042 navale
2713 3993 2957 4056 quoddam
2995 3994 3194 4044 Rhodiae
3219 3995 3550 4056 pervenimus,
3585 3989 3654 4039 ubi
3677 3987 3714 4034 in
3763 4009 3765 4049 2

2199 4089 2420 4138 morbum
2455 4091 2504 4138 et
2527 4087 2860 4138 difficultatem
2884 4087 3090 4152 spirandi
3117 4088 3276 4138 incidi.
3361 4089 3431 4150 (5)
3454 4093 3558 4148 Quo
3573 4086 3616 4134 in
3631 4085 3716 4132 loeo
3761 4141 3763 4154 Ξ

2197 4175 2314 4225 dum
2325 4175 2594 4239 manebam,
2607 4188 2761 4238 quum
2781 4175 2979 4226 morbus
2995 4177 3113 4226 nihil
3131 4178 3394 4236 levaretur,
3417 4175 3625 4226 Rhodum
3640 4174 3716 4219 tra·
3761 4167 3763 4170 ⁴

2195 4263 2314 4324 jeci,
2329 4276 2388 4312 ae
2405 4262 2586 4326 placide
2595 4277 2684 4312 uos
2707 4263 2820 4313 urbs
2835 4263 3057 4326 excepit:
3081 4263 3244 4313 statim
3263 4261 3395 4312 enim
3425 4265 3480 4312 ut
3504 4275 3560 4311 eo
3581 4263 3712 4308 ιηιιι·

2199 4349 2346 4399 ieram
2363 4387 2378 4412 ,
2428 4351 2582 4400 multo
2602 4350 2774 4400 melius
2807 4351 2982 4400 babere
3001 4349 3142 4414 coepi.
3225 4353 3384 4413 Atque
3402 4351 3504 4400 baec
3525 4349 3718 4397 hactenus

2199 4437 2480 4498 babuimus,
2495 4451 2605 4501 quae
2625 4437 2711 4486 tibi
2730 4436 3045 4487 scriberemus
3065 4457 3076 4486 :
3099 4439 3256 4488 cetera
3270 4451 3441 4500 porro,
3461 4435 3528 4485 uti
3546 4439 3720 4496 quaque

2200 4524 2485 4585 acciderint,
2505 4523 2891 4586 significabimus.
2957 4523 3089 4574 Felix
3107 4523 3204 4573 sis:
3239 4526 3288 4573 et
3309 4535 3480 4572 caveas
3495 4519 3653 4578 velim,
3669 4525 3718 4562 ne
3754 4531 3760 4598 f

2199 4625 2343 4674 quem
2369 4613 2420 4662 te
2442 4613 2518 4662 vel
2538 4612 2855 4673 potentiorem
2877 4611 2952 4660 vel
2984 4610 3344 4660 imbecilliorem
3365 4603 3588 4660 offendas.

2529 4753 2608 4811 11.
2652 4753 2755 4811 AD
2799 4749 3406 4811 CTESIPHONTEM.

2263 4891 2460 4953 Scn‘psit
2471 4891 2608 4940 nobis
2621 4890 2933 4948 Nicostratus,
2951 4887 3217 4938 avunculus
3233 4887 3416 4947 noster,
3434 4888 3484 4935 te
3493 4894 3631 4947 quum
3647 4876 3718 4928 sibi

2199 4991 2296 5028 non
2331 4977 2635 5028 mediocriter
2679 4978 2940 5038 insultare,
2979 4979 3084 5026 tum
3121 4974 3239 5025 mibi
3272 4974 3559 5036 exprobrare
3593 4979 3716 5032 qnam
3748 4945 3754 4999 Ι

2200 5067 2392 5127 propter
2419 5065 2468 5112 te
2491 5063 2652 5125 accepi
2672 5064 3014 5112 calamitatem.
3097 5065 3198 5124 Ego
3221 5073 3335 5110 vero
3361 5061 3510 5109 miror
3529 5047 3716 5122 quid0nbi
3749 5041 3751 5054 '

2197 5147 2422 5198 acciderit
2437 5183 2452 5210 ,
2473 5149 2529 5196 nt
2547 5148 2796 5198 nobiscum
2813 5147 2958 5198 domo
2978 5148 3175 5210 egressis
3201 5147 3300 5195 tam
3321 5145 3472 5194 multa
3509 5139 3716 5200 conoque·
3747 5191 3749 5200 ,
