3825 5834
533 430 645 481 37⁶

527 548 614 609 καὶ
647 551 702 608 αἱ
730 550 888 610 ἄλλαι
919 551 1108 631 κρίσεις
1133 554 1270 613 κατὰ
1309 554 1424 623 τοὺς
1455 556 1642 634 νόμους
1681 558 1900 617 εἰσίασιν
1930 562 1999 626 εἶς
2021 561 2079 619 τὸ

525 638 854 717 δικαστήριον
872 656 887 672 ·
917 641 1000 699 διὰ
1043 648 1194 701 τοῦτο
1221 641 1321 721 γὰρ
1363 646 1513 719 ὑμεῖς
1539 642 1669 725 ὑπὲρ
1706 646 1950 704 ἁπάντων
1974 651 2078 706 τῶν

523 726 885 803 ἀδικημάτων,
929 726 1028 787 ὅσα
1068 728 1208 787 ἔστιν
1249 731 1302 788 ἒν
1337 736 1403 810 τῇ
1444 732 1595 793 πόλει
1615 776 1632 805 ,
1673 734 1858 810 νόμους
1903 734 2078 795 ἔθεσθε

519 813 680 892 χωρὶς
717 814 836 893 περὶ
879 815 1102 875 ἑκάστου
1143 819 1330 877 αὐτῶν.
1414 821 1480 895 (ο)
1514 818 1719 879 Ἀσεὸεἶ
1753 844 1831 887 τις
1867 820 2077 900 περὶτὰ

519 899 650 979 ἱερά·
674 900 871 981 γραφαὶ
899 902 1136 969 ἀσεὸείας
1167 902 1314 985 [εἰσὶ]
1337 905 1465 985 πρὸς
1483 905 1570 963 τὸν
1590 906 1832 981 βασιλέα.
1867 909 2078 975 Φαῧλός

519 991 629 1047 ἔστι
661 989 787 1067 πρὸς
820 989 938 1057 τοὺς
967 994 1150 1049 ἑαυτοῦ
1179 994 1370 1069 γονεῖς·
1393 996 1421 1050 ὁ
1447 994 1623 1073 ἄρχων
1659 993 1744 1052 ἐπὶ
1771 992 1955 1052 τούτου
1979 996 2077 1053 κά-

516 1077 748 1155 θη[ται].
835 1079 1132 1159 Παράνομά
1161 1104 1236 1148 τις
1271 1084 1323 1140 ἐν
1351 1085 1417 1159 τῇ
1447 1081 1597 1141 πόλει
1635 1084 1849 1161 γράφει·
1881 1090 2075 1161 θεσμο-

513 1168 672 1222 Θετῶν
693 1165 953 1245 συνέδριόν
984 1168 1114 1226 ἐστι.
1140 1166 1448 1247 'Aren-sowi<
1467 1169 1584 1239 άξια
1605 1178 1772 1228 ποιεῖ·
1806 1169 1946 1249 ἀρχὴ
1970 1175 2075 1231 τῶν

513 1250 693 1309 ἕνδεκα
728 1252 1042 1325 καθέστηκε.
1081 1254 1186 1314 Τὸν
1226 1255 1378 1315 αὐτὸν
1420 1254 1475 1315 δὲ
1502 1257 1690 1337 τρόπον
1727 1257 1818 1316 καὶ
1849 1259 1935 1317 ἐπὶ
1970 1263 2073 1318 τῶν

511 1340 686 1397 ἄλλων
712 1340 1053 1417 ἀδικημάτων
1075 1341 1319 1401 ἁπάντων
1340 1344 1429 1403 καὶ
1454 1344 1641 1421 νόμους
1659 1344 1748 1403 καὶ
1779 1344 1947 1425 ἀρχὰς
1974 1346 2065 1404 καὶ

509 1425 824 1505 δικαστήρια
865 1426 930 1485 τὰ
971 1428 1302 1506 προσήκοντα
1336 1430 1574 1497 ἑκάστοις
1616 1433 1786 1489 αὐτῶν
1825 1431 2068 1494 ἀπέδοτε.

511 1512 578 1590 (7)
613 1512 782 1592 Ὑπὲρ
823 1513 976 1573 τίνων
1011 1504 1097 1573 οὗν
1131 1515 1296 1576 οἴεσθε
1334 1517 1438 1577 δεῖν
1478 1516 1570 1585 τὰς
1615 1518 1942 1595 εἰσαγγελίας
1984 1519 2069 1598 75·-

508 1607 752 1675 γνεσθαις
806 1602 957 1662 Τοῦτ’
991 1604 1091 1675 ἤδη
1135 1603 1250 1662 καθ’
1272 1603 1490 1664 ἕκαστον
1530 1610 1582 1665 ἐν
1618 1609 1695 1684 τῷ
1739 1606 1884 1685 νόμῳ
1913 1606 2071 1685 ἐγρά-

505 1691 660 1764 ψατε,
677 1686 764 1745 ἵνα
791 1688 867 1765 μὴ
895 1692 1057 1769 ἀγνοῇ
1083 1691 1288 1767 μηδείς·
1319 1718 1344 1745 ε
1365 1692 1455 1753 ἐάν
1483 1714 1576 1763 τις,
1607 1694 1754 1773 φησί,
1790 1694 1878 1752 τὸν
1903 1696 2067 1771 δῆμον

505 1774 592 1831 τὸν
641 1775 921 1847 Ἀθηναίων
983 1778 1219 1857 καταλύῃ
1240 1798 1253 1813 ·
1305 1808 1327 1832 a
1381 1781 1619 1852 εἰκότως,
1666 1769 1710 1837 ὦ
1754 1780 1931 1861 ἄνδρες
1991 1784 2067 1840 δι-

505 1863 722 1921 κασταί·
761 1869 794 1936 ἡ
834 1866 936 1946 γὰρ
957 1866 1171 1939 τοιαύτη
1201 1868 1343 1928 αἰτία
1368 1871 1425 1926 οὗ
1457 1868 1813 1947 παραδέχεται
1846 1872 2065 1950 σκῆψι[ν

503 1950 778 2027 ο]ὗδεμίαν
805 1952 1004 2021 οὐδενὸς
1029 1956 1138 2014 οὐδ’
1163 1954 1490 2031 ὑπωμοσίαν,
1521 1955 1657 2014 ἀλλὰ
1683 1954 1780 2027 τὴν
1809 1956 2065 2034 ταχίστην

502 2038 663 2109 αὐτὴν
689 2041 766 2099 δεῖ
793 2030 993 2099 εἶναιὲν
1019 2046 1094 2121 τῷ
1120 2044 1456 2124 δικαστηρίῳ·
1476 2044 1552 2115 «ἢ
1577 2042 1723 2122 συνίῃ
1745 2066 1833 2102 ποι
1853 2046 1939 2101 ε’πὶ
1965 2068 2061 2100 κα-

499 2128 714 2187 ταλύσει
740 2134 830 2187 τοῦ
861 2128 1029 2205 δήμου
1052 2128 1086 2201 ἢ
1117 2133 1372 2209 ἑταιρικὸν
1398 2132 1670 2210 συναγάγῃ
1694 2132 1727 2203 ἢ
1753 2114 1842 2191 ἐάν
1871 2154 1948 2198 τις
1970 2132 2065 2189 πό-

499 2220 580 2275 λιν
607 2217 724 2277 τινὰ
745 2220 922 2299 προδῷ
951 2218 984 2289 ἢ
1013 2224 1137 2287 ναῦς
1157 2217 1194 2289 ἢ
1214 2222 1374 2292 πεζὴν
1394 2219 1427 2291 ἢ
1453 2220 1699 2293 ναυτικὴν
1721 2222 2000 2299 στρατιάν,
2026 2222 2059 2293 ἢ

500 2307 732 2385 ῥήτω[ρ]
751 2303 824 2365 ὢν
849 2307 922 2381 μὴ
943 2308 1072 2387 λέγῃ
1103 2306 1166 2366 τὰ
1191 2307 1382 2386 ἄριστα
1402 2312 1476 2387 τῷ
1501 2309 1654 2389 δήμῳ
1673 2312 1749 2389 τῷ
1777 2308 2060 2381 Ἀθηναίων

498 2395 755 2476 χρήματα
781 2395 1088 2469 λαμὸάνων.
1121 2423 1146 2448 ο
1177 2394 1242 2475 (8)
1269 2396 1355 2456 Τὰ
1376 2396 1471 2473 μὲν
1501 2396 1610 2455 ἄνω
1633 2402 1721 2455 τοῦ
1741 2397 1902 2473 νόμου
1924 2397 2059 2457 κατὰ

496 2483 706 2541 πάντων
739 2486 840 2540 τῶν
886 2484 1113 2542 πολιτῶν
1138 2484 1462 2563 γράψαντες·
1493 2487 1554 2543 ἐκ
1595 2485 1807 2543 πάντων
1833 2484 1937 2565 γὰρ
1968 2484 2058 2543 καὶ

496 2570 838 2645 τάδικήματα
881 2577 1048 2629 ταῦτα
1077 2570 1272 2649 γένοιτ’
1315 2570 1378 2629 ἄν
1399 2590 1412 2607 ·
1445 2570 1503 2631 τὸ
1532 2572 1587 2631 δὲ
1636 2575 1935 2631 τελευταῖον
1966 2577 2055 2631 τοῦ

495 2658 654 2734 νόμου
679 2661 796 2715 κατ’
830 2660 999 2717 αὐτῶν
1025 2663 1128 2717 τῶν
1159 2658 1413 2740 ῥητόρων,
1441 2660 1566 2740 παρ’
1593 2650 1667 2727 οἷς
1698 2660 1835 2720 ἔστιν
1867 2661 1958 2719 καὶ
2000 2660 2057 2718 τὸ

495 2746 712 2827 γράφειν
762 2746 828 2803 τὰ
860 2749 1202 2827 ψηφίσματα·
1253 2747 1524 2823 ἐμαίνεσθε
1564 2748 1666 2827 γὰρ
1711 2746 1776 2806 ἂν
1819 2750 1864 2807 εἰ
1899 2748 2057 2807 ἄλλον

1932 428 2343 491 ΒΥΡΕΒΙΒ15

2169 561 2285 621 τινὰ
2310 560 2501 640 τρόπον
2538 560 2625 619 τὸν
2663 560 2819 636 νόμον
2848 565 3028 621 τοῦτον
3052 558 3226 621 ἔθεσθε
3259 559 3297 632 ἢ
3340 560 3512 632 οὕτως,
3533 568 3571 623 εἷ
3600 566 3675 635 τὰς

2168 647 2261 723 μὲν
2296 647 2452 724 τιμὰς
2490 647 2578 705 καὶ
2613 646 2703 712 τὰς
2738 647 2964 728 ὠφελίας
3012 652 3074 707 ἐκ
3100 654 3189 707 τοῦ
3226 649 3396 725 λέγειν
3422 653 3465 709 οἱ
3506 652 3675 729 ῥήτορες

2166 741 2523 813 καρποῦνται,
2562 733 2677 801 τοὺς
2706 736 2757 795 δὲ
2783 736 3044 801 κινδύνους
3078 737 3208 815 ὑπὲρ
3230 740 3403 795 αὐτῶν
3440 746 3537 804 τοῖς
3557 742 3675 798 ἰδιώ-

2168 844 2278 888 ταις
2322 822 2625 893 ἀνεθήκατε.
2710 826 2775 903 (ο)
2826 823 2965 882 Ἀλλ’
3006 822 3145 898 ὅμως
3196 823 3515 891 Πολύευκτος
3550 826 3673 895 οὕτως

2166 910 2307 969 ἐστὶν
2350 912 2577 991 ἀνδρεῖος
2600 909 2736 969 ὥστε
2776 912 3107 988 εἰσαγγελίαν
3144 912 3343 971 διώκων
3374 916 3467 970 οὐκ
3488 913 3574 993 ἔφη
3596 917 3673 973 δεῖν

2164 996 2283 1063 τοὺς
2304 998 2583 1079 φεύγοντας
2604 1000 2681 1077 τῷ
2713 1000 3087 1077 εἰσαγγελτικῷ
3112 998 3258 1079 νόμῳ
3280 1004 3523 1078 χρῆσθαι·
3546 1005 3621 1061 καὶ
3642 1008 3674 1062 οἱ

2165 1084 2257 1160 μὲν
2288 1087 2435 1143 ἄλλοι
2476 1086 2663 1151 πάντες
2704 1085 2983 1163 κατήγοροι
3000 1129 3016 1156 ,
3040 1084 3165 1143 ὅταν
3191 1085 3407 1144 οἴωνται
3428 1088 3527 1145 δεῖν
3558 1091 3603 1146 ἐν
3625 1096 3677 1169 τῷ

2163 1172 2400 1252 προτέρῳ
2436 1172 2575 1253 λόγῳ
2598 1176 2803 1252 ὑφελεῖν
2834 1175 2938 1231 τῶν
2968 1172 3257 1252 φευγόντων
3290 1174 3385 1240 τὰς
3414 1176 3677 1253 ἀπολογίας,

2163 1265 2314 1319 τοῦτο
2384 1262 2831 1338 παρακελεύονται
2899 1270 3005 1327 τοῖς
3067 1263 3338 1329 δικασταῖς
3394 1264 3467 1340 μὴ
3525 1268 3679 1325 ἐθέλειν

2163 1347 2368 1407 ἀκούειν
2398 1352 2503 1407 τῶν
2536 1348 2998 1426 ἀπολογουμένων,
3024 1350 3111 1407 ἐάν
3149 1372 3283 1415 τινες
3314 1348 3415 1417 ἔξω
3446 1356 3530 1409 τοῦ
3552 1354 3680 1428 νόμου

2160 1434 2405 1513 λέγωσιν,
2436 1439 2554 1495 ἀλλ’
2584 1438 2821 1496 ἀπαντᾶν
2848 1436 2975 1514 πρὸς
2999 1434 3065 1493 τὰ
3092 1437 3353 1513 λεγόμενα
3380 1436 3471 1494 καὶ
3496 1440 3678 1497 κελεύειν

2159 1522 2244 1581 τὸν
2272 1524 2430 1600 νόμον
2458 1523 2853 1601 ἀναγινώσκειν·
2886 1522 2951 1580 σὺ
2974 1522 3029 1581 δὲ
3056 1523 3356 1583 τούναντίον
3380 1524 3475 1595 τὴν
3497 1528 3561 1591 εἰς
3588 1527 3679 1593 τοὺς

2160 1610 2345 1685 νόμους
2390 1610 2699 1689 καταφυγὴν
2741 1613 2799 1669 ἐκ
2828 1614 2919 1681 τῆς
2962 1610 3245 1689 ἀπολογίας
3264 1609 3368 1669 οἴει
3401 1611 3500 1669 δεῖν
3528 1616 3679 1689 ἀφελέ-

2157 1701 2277 1755 σθαι
2312 1694 2655 1764 Εὐξενίππου.

2235 1801 2302 1845 10.
2356 1783 2464 1844 Καὶ
2492 1785 2620 1862 πρὸς
2653 1783 2853 1851 τούτοις
2882 1782 2995 1843 οὗδὲ
3028 1784 3231 1862 βοηθεῖν
3258 1780 3449 1843 οὐδένα
3479 1782 3568 1863 φῂς
3602 1787 3679 1845 δεῖν

2156 1870 2297 1949 αὐτῷ
2334 1872 2451 1929 οὐδὲ
2480 1870 2859 1952 συναγορεύειν,
2892 1871 3027 1930 ἀλλὰ
3070 1869 3411 1951 παρακελεύῃ
3440 1878 3536 1936 τοῖς
3564 1872 3675 1929 Buz-

2158 1967 2303 2025 σταῖς
2336 1958 2409 2035 μὴ
2442 1958 2603 2017 θέλειν
2626 1959 2830 2017 ἀκούειν
2862 1963 2965 2017 τῶν
2996 1956 3413 2018 ἀναδαινόντων.
3498 1958 3593 2017 Καί
3618 1982 3673 2016 τοι

2155 2044 2205 2103 τί
2239 2047 2419 2107 τούτου
2450 2050 2502 2105 ἐν
2530 2052 2595 2126 τῇ
2627 2048 2775 2107 πόλει
2802 2046 3056 2124 βέλτιονῆ
3082 2044 3553 2127 δ[ημο]τικῶτερόν
3574 2049 3677 2116 ἐστι,

2150 2136 2357 2192 πολλῶν
2384 2134 2471 2193 καὶ
2502 2136 2674 2194 ἄλλων
2702 2136 2875 2193 καλῶν
2908 2132 3091 2205 ὄντων,
3122 2134 3157 2205 ἢ
3182 2134 3387 2193 ὁπόταν
3410 2158 3487 2199 τις
3508 2134 3675 2205 ἰδιώτης

2151 2225 2222 2288 εἰς
2264 2226 2441 2299 ἀγῶνα
2482 2223 2574 2283 καὶ
2614 2222 2843 2283 κίνδυνον
2892 2222 3157 2289 καταστὰς
3206 2220 3282 2296 μὴ
3326 2222 3541 2293 δύνηται
3576 2227 3679 2303 ὑπὲρ

2149 2311 2335 2368 ἑαυτοῦ
2366 2313 2731 2389 ἀπολογεῖσθαι
2748 2356 2765 2382 ‚
2798 2308 2965 2390 τούτῳ
2998 2311 3082 2369 τὸν
3126 2310 3446 2388 βουλόμενον
3490 2316 3582 2368 τῶν
3604 2334 3675 2367 πο·

2146 2397 2304 2455 λιτῶν
2351 2396 2536 2465 ἐξεῖναι
2582 2396 2850 2457 ἀναὸάντα
2891 2400 3147 2475 βοηθῆσαι
3184 2396 3275 2455 καὶ
3312 2395 3437 2462 τοὺς
3472 2396 3678 2461 δικαστὰς

2148 2486 2279 2561 ὑπὲρ
2322 2492 2413 2545 τοῦ
2450 2487 2756 2564 πράγματος
2782 2486 2847 2544 τὰ
2892 2487 3069 2544 δίκαια
3114 2484 3361 2557 διδάξαις
3434 2486 3523 2560 (ιι)
3560 2484 3679 2541 Ἀλλὰ

2153 2570 2229 2646 μὰ
2252 2572 2353 2633 Δία
2380 2576 2531 2639 αὐτὸς
2553 2573 2773 2653 τοιούτῳ
2794 2573 3067 2651 πράγματι
3092 2576 3151 2631 οὗ
3174 2572 3479 2651 κέχρησαι,
3500 2571 3600 2628 ἀλλ’
3624 2572 3677 2630 ὅτ’

2148 2660 2353 2740 ἔφευγες
2390 2662 2478 2720 τὸν
2510 2664 2685 2737 ἀγῶνα
2724 2661 2811 2719 ὑπ’
2842 2660 3171 2739 Ἀλεξάνδρου
3213 2665 3309 2719 τοῦ
3340 2658 3393 2727 ἐξ
3437 2658 3560 2719 Οἴου
3580 2660 3677 2717 δέκα

2148 2746 2240 2821 μὲν
2266 2748 2575 2827 συνηγόρους
2597 2750 2657 2806 ἐκ
2685 2754 2777 2820 τῆς
2809 2748 3051 2825 Αἰγηίδος
3078 2749 3243 2828 φυλῆς
3272 2746 3494 2826 ᾐτήσω,
3520 2738 3583 2805 ὧν
3612 2749 3678 2805 καὶ

651 2912 728 2973 §9
747 2910 824 2959 ἐάν
846 2927 961 2967 τινες
981 2912 1002 2973 1
1021 2914 1141 2959 Cum
1169 2912 1351 2962 Cobeto
1378 2912 1530 2974 legere
1555 2914 1716 2961 malim
1742 2913 1820 2961 ἐάν
1848 2929 1892 2961 τι
1919 2913 1991 2961 vel
2018 2929 2121 2961 τινα
2142 2912 2223 2962 sed
2251 2912 2361 2962 ferri
2397 2918 2553 2975 potest
2580 2914 2724 2963 ctiam
2753 2914 2959 2975 vulgata.
2993 2913 3103 2975 -§
3133 2919 3203 2962 10.
3237 2913 3281 2961 τί
3306 2911 3519 2974 τούτου]
3545 2913 3679 2970 seim

494 2982 540 3030 τί
567 2982 743 3031 τούτων
769 2982 897 3042 cod„
929 2986 981 3031 ut
1011 2985 1055 3030 iu
1077 2982 1218 3030 simili
1245 2984 1348 3031 loco
1371 2984 1594 3031 orationis
1612 2987 1775 3031 contra
1801 2982 2184 3044 Lycophronem.
2212 3008 2271 3019 —
2294 2983 2322 3046 §
2354 2992 2367 3031 1
2388 2992 2423 3031 ι.
2452 2984 2518 3045 μὰ
2538 2982 2627 3032 Δία
2648 2983 2667 3046 ]
2690 2984 2747 3040 νὴ
2775 2984 2866 3032 Δία
2880 2985 2991 3031 cod.
3001 3002 3015 3043 ;
3040 2996 3135 3031 em.
3156 2984 3325 3032 Cobet.
3348 3012 3415 3024 —
3434 2982 3679 3043 Ἀλεξάνδρα-ι

493 3058 579 3101 τοῦ
602 3054 650 3109 ἐξ
670 3050 826 3115 Οἴου]
849 3050 926 3101 Sic
954 3052 1229 3113 Babington,
1249 3052 1332 3113 qui
1355 3052 1416 3101 de
1436 3053 1613 3101 codicis
1631 3054 1860 3114 scriptura
1883 3054 1987 3102 liaec
2009 3056 2144 3103 notat
2165 3068 2177 3099 ι
2208 3072 2232 3096 ιι
2257 3056 2356 3103 Τιιε
2378 3054 2469 3103 Ιεει
2498 3054 2603 3101 tour
2628 3054 2792 3102 letters
2813 3067 2940 3101 seem
2972 3059 3019 3102 to
3044 3056 3165 3102 liare
3190 3053 3311 3101 been
3338 3056 3478 3111 τουέκ
3512 3053 3585 3099 tlte
3604 3058 3679 3099 ιντο

495 3124 602 3172 first
622 3123 743 3171 bave
759 3121 1018 3182 cancelled,
1031 3122 1122 3169 and
1149 3123 1176 3169 θ
1189 3122 1273 3169 lias
1289 3122 1408 3170 been
1425 3123 1668 3171 corrected
1690 3125 1740 3171 ιο
1757 3138 1812 3180 π,
1834 3137 1887 3171 so
1903 3137 1955 3171 as
1968 3127 2019 3173 to
2035 3126 2168 3173 leave
2184 3127 2273 3179 im:
2300 3127 2379 3172 tlte
2393 3128 2457 3171 ὑπ
2480 3124 2707 3173 however
2725 3124 2763 3171 is
2788 3123 3009 3183 repeated
3024 3123 3145 3171 after
3165 3122 3245 3169 the
3268 3123 3471 3182 original
3493 3122 3595 3180 line,
3612 3122 3679 3168 lol-

496 3194 650 3243 lowed
678 3194 738 3256 by
764 3195 902 3244 αλε..
927 3194 1028 3243 The
1054 3193 1361 3255 interpolated
1387 3194 1551 3243 letters
1574 3208 1655 3243 are
1674 3194 1691 3255 (
1710 3195 1985 3256 apparently
2008 3196 2023 3255 )
2052 3195 2353 3255 ανδρτουεξοι,
2376 3195 2457 3243 tlte
2484 3194 2586 3242 ιιι-ει
2610 3194 2717 3241 four
2734 3194 2955 3241 ofwliicli
2976 3196 3097 3241 torm
3124 3196 3231 3253 part
3248 3193 3306 3239 οι·
3322 3195 3408 3241 tlte
3448 3192 3572 3239 wortl
3592 3191 3681 3239 'Aiz-

494 3266 700 3330 ξάνδρου.
729 3286 754 3309 ιι
782 3266 866 3315 iiis
879 3265 1011 3313 addit
1029 3265 1454 3314 Seliueidewinuse
1481 3285 1503 3309 υ
1525 3268 1651 3315 Num
1675 3266 1734 3313 ad
1760 3264 1967 3314 eundem
1994 3264 2319 3313 Alexandrum
2346 3264 2547 3323 pertinet
2570 3264 2735 3323 steph.
2764 3264 2879 3324 Byz.
2907 3276 2952 3309 ν.
2978 3263 3107 3311 Οἷον·
3129 3264 3175 3317 ἐξ
3198 3263 3337 3311 Οῖου·
3360 3282 3384 3303 ιι
3414 3264 3681 3316 'Heiutus-

493 3339 611 3393 ξιδος
633 3338 679 3392 ἐξ
698 3336 816 3385 Οιου
835 3337 1088 3391 Λεοντίδος.
1113 3338 1174 3383 n?
1199 3336 1252 3383 In
1273 3348 1370 3397 quo
1393 3348 1540 3397 quum
1562 3335 1701 3384 codd.
1722 3338 1804 3385 RV
1825 3348 1909 3397 pro
1928 3335 2095 3391 Ἄλεξις
2116 3336 2323 3383 habeant
2348 3333 2495 3394 Ἁλεξ,
2522 3334 2723 3394 conjicio
2743 3332 3090 3382 restituendum
3114 3333 3403 3397 Ἀλέξανδρος
3431 3333 3643 3388 Ἀλέξιδος.
3664 3354 3680 3371 ·

2150 3486 2332 3533 nicusi.
2356 3502 2381 3525 ν
2408 3484 2474 3545 (8)
2510 3486 2581 3531 Ex
2608 3482 2681 3529 liis
2712 3482 2872 3544 priora
2898 3482 3012 3544 legis
3034 3482 3189 3544 capita
3209 3484 3381 3531 contra
3410 3494 3571 3529 omncs
3588 3482 3681 3529 scri·

493 3568 642 3618 quam
668 3558 742 3604 cat
769 3555 829 3602 de
853 3568 952 3615 quo
977 3554 1192 3615 pluribus
1231 3553 1387 3603 verbis
1411 3554 1749 3615 exponendum
1769 3566 1870 3603 esse
1891 3558 2057 3615 putem
2150 3556 2227 3615 pta
2250 3556 2363 3602 sunt
2386 3553 2541 3611 cives,
2560 3552 2789 3613 quonlam
2819 3552 2867 3601 in
2894 3566 3060 3601 omnes
3084 3553 3187 3601 baec
3206 3552 3384 3601 delicta
3406 3551 3576 3600 cadere
3598 3564 3677 3611 pos-

495 3486 588 3534 boc
616 3485 832 3533 omnium
857 3485 1064 3545 primum
1091 3484 1382 3532 monendum
1403 3497 1502 3533 esse
1523 3484 1712 3533 videtur
1737 3496 1892 3546 neque
1910 3484 2056 3547 quid-

493 3638 638 3688 quam
658 3640 754 3688 quo
771 3626 852 3673 liat
878 3630 930 3673 ut
953 3638 1040 3674 sua
1063 3625 1246 3686 legibus
1271 3624 1543 3685 reipublicae
1573 3625 1646 3673 vis
1671 3624 1732 3672 sit
1757 3630 1906 3686 atque
1930 3622 2055 3672 dela-

493 3698 653 3745 tiones
673 3698 939 3757 ceteraeque
973 3696 1182 3743 actiones
1204 3694 1466 3743 secundum
1498 3695 1622 3755 leges
1640 3694 1687 3742 in
1720 3694 1955 3755 judicium
1994 3694 2059 3741 in-

491 3767 826 3815 troducantur.
894 3768 1146 3827 Propterea
1191 3766 1317 3813 enirn
1357 3778 1443 3812 vos
1487 3765 1548 3813 de
1601 3764 1826 3814 omnibus
1873 3764 2060 3813 delictis

495 3852 608 3901 quae
640 3839 689 3885 in
719 3837 811 3885 liae
851 3838 1044 3884 civitate
1070 3836 1452 3893 committantur,
1485 3836 1612 3894 leges
1645 3835 1818 3883 fecistis
1841 3838 1890 3884 et
1913 3847 2053 3895 sepa·

497 3909 637 3957 ratim
663 3907 858 3968 quidem
889 3906 950 3956 de
973 3918 1262 3967 unoquoque
1291 3905 1566 3966 peculiares.
1637 3905 1706 3967 (6)
1729 3908 1785 3953 ln
1815 3916 1951 3953 sacra
1970 3904 2056 3952 ali·

495 3977 610 4037 quis
638 3977 816 4039 impius
843 3982 942 4036 est;
990 3974 1246 4036 impietatis
1289 3974 1500 4022 actiones
1539 3986 1683 4034 penes
1719 3976 1898 4035 Regem
1926 3977 2055 4023 suut.

497 4050 622 4110 Erga
647 4050 864 4109 parentes
884 4044 1158 4107 improbum
1177 4058 1228 4093 se
1248 4044 1396 4103 germ
1420 4043 1597 4091 arclion
1623 4042 1801 4104 judicio
1816 4043 2054 4106 praesidet.

497 4116 796 4166 contrariam
830 4116 1010 4176 legibus
1039 4117 1331 4175 rogationem
1357 4113 1530 4175 aliquis
1559 4113 1675 4171 lert;
1703 4126 1778 4162 res
1801 4114 1874 4162 est
1897 4114 2055 4161 conci-

497 4190 546 4235 lii
574 4186 1024 4235 tliesmothetarum.
1092 4186 1224 4233 Talia
1251 4184 1424 4245 aliquis
1457 4183 1702 4232 commisit
1733 4184 1788 4232 ut
1820 4184 1985 4232 atatim
2012 4184 2058 4232 in

493 4268 739 4306 carcerem
767 4256 1058 4317 abducatur3
1085 4256 1390 4317 magistratus
1427 4255 1560 4303 adest
1598 4254 2057 4303 undecimvirorum.

495 4328 680 4379 Eodem
713 4327 856 4375 moclo
891 4327 1060 4375 ceteris
1090 4339 1282 4387 quoque
1317 4324 1500 4373 delictis
1523 4324 1571 4373 et
1598 4322 1724 4384 leges
1745 4327 1794 4372 et
1818 4326 2059 4384 magistra-

493 4408 575 4453 tus
597 4403 645 4449 et
666 4399 845 4461 judicia
877 4412 965 4447 sua
994 4398 1263 4458 quibusque
1305 4395 1503 4445 dedistis
1549 4396 1819 4456 peculiaria.
1889 4395 1955 4457 (7)
1987 4400 2058 4446 De

495 4473 780 4534 quibusnam
812 4470 952 4530 igitur
997 4468 1259 4517 delationes
1295 4466 1534 4515 faciendas
1563 4478 1663 4514 esse
1693 4464 1907 4527 putatis?
1946 4466 2055 4515 sin-

495 4541 694 4605 gulatim
727 4540 818 4589 lioc
851 4540 896 4586 in
931 4537 1030 4597 lege
1068 4536 1453 4598 consignantis,
1481 4548 1540 4583 ne
1581 4535 1821 4595 quispiam
1850 4536 2054 4595 ignoret.

498 4636 521 4657 a
555 4618 607 4664 Sl
628 4616 764 4676 quis,
801 4612 892 4667 ait,
922 4609 1236 4672 popularem
1273 4608 1658 4657 Atheniensium
1688 4610 1892 4656 stactem
1926 4619 2057 4654 ever·

501 4688 653 4742 term
677 4704 701 4726 u
739 4684 860 4731 bene
901 4694 1190 4740 sanennarn,
1226 4678 1442 4739 judicem
1475 4688 1584 4725 nam
1619 4676 1853 4735 ejusmodl
1877 4676 2057 4724 crimen

497 4769 587 4805 nec
608 4753 966 4814 inquisitionem
993 4750 1205 4797 admittit
1229 4760 1384 4809 neque
1413 4747 1558 4795 ullam
1585 4744 1894 4807 iureiurando
1918 4744 2059 4793 inler-

499 4826 656 4887 posito
674 4824 946 4872 dilationem
962 4858 976 4879 ,
1002 4820 1086 4868 sed
1108 4832 1254 4879 quarn
1285 4817 1515 4865 citissime
1542 4816 1705 4865 adesse
1732 4815 1875 4865 debet
1901 4814 1949 4863 in
1977 4814 2059 4873 Ju-

497 4895 648 4951 «licl03
675 4907 847 4955 ιιοιτοι
871 4910 892 4933 σι
911 4893 1090 4953 siquis
1113 4889 1186 4937 ad
1211 4886 1544 4937 evertendam
1557 4885 1934 4947 rempublicam
1950 4896 2062 4932 con-

488 4968 782 5030 juraverit,
804 4964 886 5013 vel
905 4962 1198 5022 sartionem
1221 4960 1582 5018 constituerit,
1599 4956 1684 5006 vel
1707 4957 1890 5018 siquis
1913 4957 2060 5016 oppi-

499 5042 626 5092 dum
647 5038 865 5101 aliquod
893 5034 1187 5097 prodiderit
1213 5032 1294 5082 vel
1335 5045 1488 5081 naves
1518 5032 1597 5081 vel
1617 5030 1906 5093 pedestrem
1932 5042 2061 5078 nau·

505 5114 724 5159 ticumve
741 5110 1042 5161 exercitum.
1060 5106 1139 5155 vel
1158 5108 1204 5153 si
1223 5108 1404 5153 orator
1417 5102 1674 5166 publicus,
1693 5100 2061 5161 larqitionibus

503 5193 554 5229 ει·
583 5180 842 5240 corrumpi
873 5190 1092 5238 passus,
1128 5188 1227 5223 non
1273 5174 1470 5235 optima
1505 5170 1652 5221 dicat
1688 5171 1877 5235 populo
1915 5169 2061 5219 Athe-

2147 3626 2267 3684 sint,
2293 3624 2515 3673 ultimum
2536 3635 2649 3672 vero
2668 3628 2833 3673 contra
2854 3622 2984 3672 solos
3005 3628 3219 3673 oratores
3235 3660 3252 3683 ‚
3274 3636 3423 3684 penes
3445 3636 3562 3684 quos
3580 3622 3680 3669 solos

2148 3699 2297 3747 etiam
2328 3698 2593 3760 rogationes
2616 3697 2794 3747 ferendi
2820 3696 2901 3758 Jus
2931 3698 3019 3745 est.
3085 3698 3364 3745 insaniretis
3398 3696 3526 3745 einim
3550 3694 3585 3743 si
3607 3694 3679 3742 alio

2150 3769 2295 3818 modo
2316 3770 2465 3829 legem
2492 3770 2614 3816 lianc
2646 3767 2873 3817 tulissetis
2890 3802 2903 3825 ‚
2926 3770 2967 3816 ai
3004 3767 3208 3816 honores
3232 3766 3433 3827 quidem
3453 3770 3501 3815 et
3527 3766 3681 3813 inactus

2150 3852 2177 3887 e
2209 3839 2412 3888 dicendo
2442 3836 2753 3899 comparandi
2795 3837 2844 3885 in
2876 3842 3089 3886 oratores
3117 3835 3474 3893 redundarent,
3502 3834 3679 3895 pericula

2151 3923 2263 3958 vero
2283 3922 2369 3971 pro
2386 3908 2445 3957 iis
2460 3908 2670 3969 privatos
2693 3906 2930 3955 sustinere
2945 3906 3230 3955 voluissetis.
3298 3907 3367 3967 (9)
3394 3905 3680 3954 Nihilosetius

2152 3981 2439 4040 Polyeuctus
2455 3976 2575 4025 adeo
2593 3990 2643 4027 se
2665 3980 2913 4026 strenuum
2933 3976 3113 4039 praebet
3130 3979 3183 4025 ut
3204 3976 3459 4026 delationis
3474 3978 3678 4025 actionem

2150 4050 2402 4099 instituens
2422 4048 2513 4097 reis
2536 4059 2676 4095 usum
2703 4047 2818 4108 legis
2837 4045 3081 4095 delatoriae
3107 4060 3202 4095 non
3226 4047 3584 4095 concedendum
3598 4060 3679 4094 esse

2147 4120 2295 4170 dicat.
2358 4124 2429 4169 Ac
2465 4118 2609 4167 ceteri
2640 4118 2943 4167 accusatores
2986 4117 3182 4178 quando
3222 4118 3271 4164 in
3313 4118 3473 4177 priore
3496 4118 3679 4165 oratione

2148 4191 2443 4239 defensiones
2469 4201 2657 4237 reorum
2682 4187 2919 4249 surripere
2945 4187 3092 4235 velint
3109 4224 3123 4247 ,
3142 4186 3399 4235 hortantur
3426 4186 3603 4248 judices
3632 4201 3679 4235 ne

2150 4275 2202 4311 se
2226 4260 2589 4309 defendentibus
2614 4270 2755 4306 aures
2783 4258 3033 4320 praebeant
3056 4260 3095 4305 si
3128 4270 3240 4318 quae
3264 4257 3332 4305 illi
3364 4264 3534 4319 praeler
3554 4260 3677 4318 legem

2148 4334 2295 4382 verba
2318 4332 2517 4391 saciant,
2538 4329 2619 4379 sed
2646 4335 2699 4378 ut
2722 4330 2792 4378 sic
2828 4329 2971 4378 dictis
2997 4335 3253 4376 occurrant
3276 4332 3421 4390 atque
3454 4328 3597 4387 legem
3622 4340 3677 4373 re-

2149 4403 2279 4451 citari
2304 4401 2504 4462 jubeant
2529 4414 2540 4443 ²
2566 4405 2617 4447 ιιι
2659 4413 2773 4448 vero
2791 4436 2806 4461 ,
2827 4414 2853 4447 e
2880 4398 3148 4456 contrario,
3179 4397 3239 4445 ad
3275 4399 3400 4459 leges
3430 4398 3679 4462 confugium

2148 4470 2418 4519 defendenti
2442 4482 2491 4517 se
2515 4467 2799 4530 Euxenippo
2824 4468 3236 4531 praescindendum
3259 4480 3365 4516 ase
3392 4480 3575 4516 censes.

2216 4548 2288 4589 to.
2308 4542 2549 4589 Praeterea
2569 4540 2807 4587 nemiuem
2828 4538 2869 4587 ei
2890 4537 3109 4587 auxiliari
3134 4536 3208 4585 vel
3227 4537 3512 4598 patrocinari
3531 4536 3681 4583 debere

2148 4609 2393 4659 contendis
2410 4644 2423 4667 ‚
2449 4612 2499 4657 et
2517 4609 2701 4669 iudices
2718 4608 2982 4657 cohortaris
3008 4620 3067 4656 ne
3090 4607 3290 4656 audiant
3308 4608 3348 4657 si
3372 4608 3454 4667 qui
3480 4606 3568 4654 hoc
3588 4618 3681 4651 mn-

2148 4682 2253 4731 silio
2300 4680 2648 4729 adscenderint.
2716 4683 2939 4728 Attamen
2981 4680 3105 4728 inter
3152 4682 3223 4726 tot
3267 4678 3447 4741 egregia
3498 4674 3682 4725 civitatis

2151 4757 2328 4801 nostrat
2362 4751 2583 4799 lnstituta
2606 4748 2722 4810 quid
2769 4748 2977 4809 pulcrius
3002 4752 3102 4806 est,
3144 4744 3257 4809 quid
3297 4747 3509 4809 populari
3542 4759 3681 4794 reruni

2150 4822 2293 4873 statui
2316 4819 2679 4869 convenientius
2706 4832 2851 4881 quam
2886 4818 3039 4867 cuivis
3067 4818 3249 4866 civium
3280 4816 3490 4879 permitti
3532 4819 3581 4864 ut
3612 4816 3679 4861 bo·

2150 4892 2264 4939 mini
2289 4904 2317 4938 a
2343 4889 2428 4937 l'ori
2454 4901 2541 4937 usu
2569 4888 2727 4936 alieno
2744 4922 2757 4947 ,
2776 4888 2858 4949 qui
2891 4888 2936 4934 in
2960 4886 3234 4935 certaminis
3272 4886 3534 4947 periculum
3552 4884 3683 4930 addu-

2150 4963 2259 5008 ctus
2282 4960 2383 5021 ipse
2398 4970 2449 5006 se
2467 4956 2720 5006 defendere
2742 4959 2976 5017 nequeat,
2996 4956 3044 5004 in
3072 4956 3162 5004 boc
3184 4958 3399 5015 suggestu
3423 4954 3678 5006 auxilietur,

2150 5033 2196 5079 et
2222 5042 2330 5091 quae
2352 5030 2399 5077 in
2420 5040 2565 5077 causa
2598 5028 2700 5089 ejus
2722 5029 2851 5087 justa
2882 5026 2978 5075 siut
3005 5026 3191 5087 judices
3212 5024 3444 5073 edoceat?
3512 5024 3606 5084 (ιι)
3630 5026 3678 5069 At

2152 5103 2235 5157 tu,
2273 5111 2356 5160 per
2388 5100 2590 5157 Jovem,
2616 5110 2859 5158 nunquam
2894 5094 3125 5155 ejusmodi
3170 5108 3313 5156 opera
3354 5108 3461 5142 usus
3504 5094 3577 5141 es!
3607 5090 3675 5138 sed

2152 5182 2302 5231 quum
2324 5166 2387 5216 ab
2424 5164 2697 5217 Alexandro
2736 5164 2907 5215 OEensi
2943 5177 3051 5213 rcus
3074 5164 3497 5226 agebar-is,decem
3539 5174 3677 5211 causae
