3825 5834
457 404 570 458 2³0

444 545 661 628 ὀρνίθων
702 545 820 612 θέας
848 545 908 604 ἔκ
949 566 1007 604 τε
1035 542 1423 622 Λακεδαίμονος
1457 543 1548 603 καὶ
1589 543 1886 610 Θετταλίας
1924 543 2013 603 καὶ

446 633 680 706 σπουδὴν
707 636 966 692 ποιεῖσθαι
1005 634 1108 690 τῶν
1139 631 1256 712 ιξκῗιν
1284 629 1627 708 μεταλαὸεῖν.
1657 631 1793 710 Περὶ
1831 630 1887 690 δὲ
1921 635 2016 704 τῆς

447 720 586 790 ἰδίας
603 723 776 780 αὐτῶν
799 719 966 798 λέγων
989 719 1181 798 γράφει
1202 741 1214 756 ·
1244 754 1322 764 -
1341 746 1366 773 α
1389 717 1461 779 Εἴ
1481 743 1559 786 τις
1579 721 1744 778 ἐθέλοι
1773 720 2015 779 καταὸα·

1504 411 2035 473 ANTIPHONTIS
2081 413 2524 475 RHAMNUSH

2108 543 2399 602 Philinum
2436 547 2795 621 Ampelinum
2834 549 3130 622 peculatus
3168 567 3295 606 reos
3324 550 3503 624 egisse
3541 549 3655 625 (or.

2109 637 2169 708 6,
2194 640 2230 716 S
2260 655 2354 706 ια,
2384 653 2481 704 21,
2512 633 2629 709 35).
2660 635 2871 708 Quidni
2900 636 3072 692 etiam
3100 639 3159 692 in
3184 637 3290 693 hac
3321 654 3493 692 causa
3516 640 3659 694 Anti·

2106 727 2338 802 phontis
2374 741 2505 780 eum
2536 741 2713 800 opera
2742 742 2905 778 usum
2938 743 3056 781 esse
3080 727 3385 799 putemus?
3406 727 3509 783 Uti
3536 747 3661 784 vero

455 835 479 862 ι
513 810 620 868 λεῗν
661 811 732 876 εἰς
778 808 930 867 πόλιν
976 806 1094 874 τοὺς
1137 807 1379 888 ὄρνιθας,
1423 807 1730 888 οἰχήσονται
1768 807 2014 868 ἀναπτό-
2109 817 2427 871 orationem
2448 829 2575 885 quae
2597 821 2680 866 est
2692 807 2817 887 περὶ
2834 813 2927 868 τοῦ
2950 817 3200 888 χορευτοῦ
3218 815 3559 870 calamitosis
3574 818 3665 872 rei·

453 927 476 950 «
517 920 680 975 μενοι.
708 896 840 958 Ἐὰν
879 897 934 956 δὲ
971 898 1074 955 τῶν
1110 894 1379 976 πτερύγων
1415 895 1689 974 ἀποτέμῃ,
1723 897 1783 956 τὸ
1821 898 2016 966 κάλλος

451 1014 474 1038 α
512 987 895 1066 ἀφαιρήσεται·
921 983 989 1044 τὰ
1011 985 1180 1064 πτερὰ
1198 984 1301 1064 γὰρ
1339 987 1509 1044 αὐτῶν
1540 985 1598 1044 τὸ
1621 986 1815 1050 κάλλος
1845 986 2013 1065 ἐστίν,

444 1103 466 1128 ι
497 1077 614 1134 ἀλλ’
643 1077 700 1134 οὗ
729 1081 787 1134 τὸ
827 1077 1006 1152 σῶμα.
1056 1100 1080 1126 ³>
1109 1071 1237 1134 Ὅτι
1268 1073 1324 1132 δὲ
1363 1073 1452 1132 καὶ
1475 1073 1923 1156 περισπούδαστος
1950 1067 2014 1148 ἧν

443 1155 614 1222 αὗτῶν
630 1167 663 1235 ἡ
684 1162 798 1238 θέα,
815 1165 867 1223 ἐν
892 1164 968 1242 τῷ
989 1163 1132 1242 αὐτῷ
1155 1160 1295 1242 λόγῳ
1317 1161 1476 1221 πάλιν
1499 1159 1653 1241 φησίν
1669 1184 1682 1199 ·
1711 1193 1792 1208 ——
1811 1188 1834 1215 ιι
1855 1160 2015 1223 Ἀλλὰ

448 1281 472 1304 a
519 1251 612 1320 τὰς
639 1251 732 1328 μὲν
763 1251 1048 1330 νουμηνίας
1085 1255 1112 1310 δ
1143 1250 1456 1329 βουλόμενος
1492 1250 1686 1330 εἰσῄει,
1719 1249 1812 1318 τὰς
1836 1249 1880 1310 δ’
1920 1251 2015 1310 ἄλ-

448 1369 472 1394 ι
507 1343 601 1406 λας
647 1341 852 1421 ἡμέρας
897 1338 948 1398 εἴ
998 1362 1076 1406 τις
1121 1340 1260 1399 ἔλθοι
1315 1339 1628 1418 βουλόμενος
1691 1341 2012 1415 θεάσασθαι,

447 1455 472 1480 σι
511 1430 606 1487 οὐκ
635 1429 777 1488 ἔστιν
817 1427 962 1496 ὅστις
1007 1429 1185 1506 ἔτυχε·
1234 1426 1326 1486 καὶ
1362 1431 1532 1488 ταῦτα
1571 1433 1667 1488 οὐκ
1705 1431 1853 1510 ἐχθὲς
1896 1431 2013 1491 οὐδὲ

449 1537 472 1570 ιι
518 1515 702 1597 πρώην
725 1564 740 1592 ,
770 1517 887 1577 ἀλλ’
923 1517 1016 1588 ἔτη
1053 1516 1212 1577 πλέον
1242 1515 1276 1587 ἢ
1308 1517 1592 1597 τριάκοντά
1627 1521 1789 1579 ἐστιν.
1826 1544 1851 1571 ι»

1178 1631 1272 1703 57.

519 1755 768 1810 AElianus
795 1757 866 1810 N.
895 1757 1002 1813 An.
1028 1757 1098 1823 V,
1133 1773 1202 1810 21
1239 1774 1250 1808 :
1287 1751 1584 1830 Ἐτιμῶντο
1612 1753 1666 1814 δὲ
1689 1753 1779 1814 τὸν
1817 1755 2012 1836 ἄρρενα

440 1840 648 1900 καὶτὸν
695 1843 852 1911 θῆλυν
898 1842 1150 1920 δραχμῶν
1195 1841 1378 1920 χιλίων
1421 1841 1660 1923 (μυρίων
1695 1866 1760 1906 υ.
1793 1847 1901 1922 L),
1944 1848 2015 1913 ὡς

441 1929 688 2010 Ἀντιφῶν
721 1932 774 1988 ἐν
815 1931 890 2009 τῷ
927 1928 1058 2010 πρὸς
1105 1928 1520 2010 Ἐρασίστρατον
1556 1931 1698 2012 λόγῳ
1741 1931 1887 2013 φησί.
1920 1935 2007 1993 Cf.

439 2021 658 2092 reliqua
695 2021 928 2078 AEliani.

521 2231 900 2301 Harpocratio
932 2250 944 2284 :
981 2229 1066 2290 Εὖ
1082 2250 1109 2286 ο
1123 2250 1158 2307 φ
1174 2231 1201 2284 0
1219 2227 1250 2287 α’
1267 2230 1300 2286 λ
1315 2252 1410 2304 μω
1426 2253 1448 2294 ς
1471 2228 1586 2286 ἀντὶ
1614 2235 1711 2288 τοῦ
1739 2230 2033 2310 εὐπρεπῶς.

441 2308 690 2393 Ἀντιφῶν
722 2317 774 2371 ἐν
801 2319 876 2392 τῷ
902 2314 1024 2394 περὶ
1051 2318 1189 2374 ταῶν
1217 2314 1465 2392 (ταώνων
1491 2317 1550 2372 h.
1581 2317 1622 2377 l.
1647 2319 1922 2396 codices.)

525 2537 727 2596 Idem:
765 2534 1230 2615 Πυριλάμπης
1257 2561 1269 2574 ·
1299 2535 1544 2618 Ἀντιξῶν
1571 2537 1624 2596 ἐν
1657 2541 1733 2618 τῷ
1759 2537 1878 2618 περὶ
1906 2542 2009 2598 τῶν

439 2623 821 2702 ταῶν.’ονομα
854 2625 1050 2702 κύριον.

439 2793 626 2851 XVII.
676 2791 882 2856 ΥΠΕΡ
940 2791 1095 2850 ΤΗΣ
1159 2789 1282 2850 ΕΙΣ
1337 2791 1490 2850 TON
1551 2791 2011 2855 ΕΛΕΥΘΕΡΟΝ

781 2882 790 2888 ’
923 2879 1163 2940 ΠΛΙΔΑ
1205 2877 1529 2940 ΥΒΡΕΩΣ.

1178 2997 1273 3054 60.
1365 3067 1370 3070 Ι

521 3138 682 3196 Idem
715 3156 728 3192 z
758 3134 812 3193 ’A
832 3133 963 3201 ξιοῑ
995 3133 1108 3190 ἀντὶ
1135 3137 1224 3191 τοῦ
1247 3133 1448 3209 νομίζει
1478 3132 1726 3214 Ἀντιφῶν
1759 3135 1888 3213 ὑπὲρ
1918 3140 2010 3208 τῆς

443 3227 514 3290 εἷς
551 3223 640 3281 τὸν
689 3223 950 3300 ἐλεύθερον
981 3221 1148 3278 παῖδα
1179 3219 1397 3299 ῧόρεως.
1446 3223 1529 3281 Cf.
1573 3223 1748 3283 Bekk.
1786 3227 2005 3284 Anecd.

441 3332 502 3387 p.
539 3319 676 3382 412,
706 3311 800 3369 28.

795 3451 1009 3508 XVIII.
1061 3447 1270 3508 ΚΑΤΑ
1313 3447 1657 3508 ΦΙΛΙΝΟΥ.

522 3607 545 3633 ι
591 3583 916 3657 Choragus‚
953 3583 1045 3636 cui
1075 3581 1372 3655 Antiphon
1407 3583 1726 3637 orationem
1755 3601 1880 3655 quae
1928 3595 2011 3640 cst

443 3671 515 3727 de
545 3671 697 3728 caede
725 3671 1009 3727 saltatoris
1031 3671 1280 3744 scripsit,
1314 3669 1454 3725 dicit
1489 3689 1549 3725 se
1571 3672 1909 3727 Aristionem
1950 3685 2008 3728 et

439 3834 606 3883 scribit
630 3847 643 3882 t
668 3835 858 3896 Siquis
878 3833 1108 3883 voluerit
1131 3834 1186 3881 in
1207 3831 1388 3881 urbem
1409 3829 1533 3882 illas
1549 3843 1668 3881 aves
1687 3831 1984 3891 transferre
2000 3870 2015 3893 ‚

444 3903 666 3954 abibunt
697 3903 970 3952 avolantes
986 3919 1004 3962 ‚-
1029 3905 1114 3951 sin
1133 3905 1345 3964 partem
1383 3913 1680 3964 pennarum
1707 3905 2013 3966 resecuerit,

437 3973 810 4036 periitsormae
827 3971 1189 4036 pulchritudo.
1217 3973 1356 4021 Nam
1375 3975 1432 4020 in
1459 3975 1646 4034 pennis
1670 3975 1802 4022 inest
1821 3985 2009 4022 earum

437 4042 805 4106 pulchritudo,
830 4055 936 4092 non
959 4045 1019 4091 in
1043 4053 1272 4105 corpore.
1301 4043 1470 4103 ingens
1493 4045 1656 4090 autem
1684 4042 1830 4092 tuisse
1859 4043 2011 4092 homi-

2106 903 2351 978 publicae
2388 899 2739 973 temporibus
2778 901 3036 956 habitam
3072 920 3183 957 esse
3222 901 3539 958 ostendunt
3578 923 3661 973 ea,
3764 953 3766 956 Α

2108 1009 2232 1064 quae
2262 989 2334 1045 de
2362 986 2625 1042 tribubus
2660 986 2976 1062 Cecropide
3014 1000 3071 1044 et
3100 989 3485 1046 Erechtheide
3522 1001 3666 1048 actor

2107 1077 2142 1154 S
2178 1098 2201 1134 1
2218 1097 2241 1134 1
2268 1077 2440 1144 dicit,
2463 1076 2541 1130 sic
2570 1075 2718 1130 hanc
2752 1093 2874 1148 quae
2895 1086 2979 1132 est
3010 1089 3214 1133 contra
3240 1079 3531 1134 Philinum
3552 1093 3667 1153 post

2106 1165 2324 1223 cladem
2341 1163 2583 1221 Siculam
2602 1163 2856 1219 habitam
2872 1181 2985 1221 esse
3008 1163 3254 1237 conjicio
3281 1183 3298 1223 z
3318 1167 3381 1220 in
3407 1167 3515 1220 illis
3531 1170 3663 1222 enim

2105 1273 2297 1312 rerum
2347 1253 2615 1328 angustiis
2647 1252 2919 1308 videntur
2962 1254 3333 1311 Athenienses
3387 1255 3565 1311 thetes
3602 1257 3663 1312 ad

2106 1361 2263 1401 arma
2280 1357 2532 1401 vocasse.
2566 1363 2591 1391 υ
2616 1341 2913 1400 Smrems·

2837 1461 2936 1521 61.

2188 1568 2567 1644 Harpocratio
2612 1585 2625 1620 :
2654 1565 2868 1636 Θῆτες
2891 1565 2985 1624 καὶ
3004 1571 3133 1638 θητ
3152 1565 3322 1626 ικόν.
3349 1566 3597 1646 Ἀντιφῶν
3622 1571 3665 1626 ἓν

2104 1657 2181 1736 τῷ
2228 1654 2368 1714 κατὰ
2418 1654 2640 1714 Φιλίνου
2682 1652 2845 1733 φησί·
2902 1681 2927 1706 a
2977 1653 3095 1722 τούς
3138 1678 3195 1714 τε
3236 1660 3407 1728 θῆτας
3448 1657 3663 1723 ἅπαντας

2114 1771 2139 1796 ι
2174 1741 2392 1810 ὁπλίτας
2442 1745 2684 1814 ποιῆσαι.
2730 1767 2756 1796 ν
2800 1745 3107 1820 Sequentia
3148 1765 3205 1804 v,
3254 1748 3317 1801 in
3366 1748 3666 1804 Aristotelis

2106 1835 2256 1908 Rep.
2283 1825 2637 1904 Atheniens„
2660 1831 2730 1890 fr.
2773 1852 2863 1892 ιο.

2844 1954 2937 2011 62.

2186 2061 2347 2118 Idem
2377 2078 2392 2119 τ
2423 2059 2477 2119 Ἀ
2495 2061 2825 2137 κροᾶσθαι
2849 2058 2965 2116 ἀντὶ
2992 2063 3083 2116 τοῦ
3108 2059 3402 2119 ὑπακούειν
3434 2059 3663 2140 Ἀντιφῶν

2103 2150 2155 2208 ἐν
2182 2149 2257 2226 τῷ
2286 2145 2423 2206 κατὰ
2474 2145 2723 2206 Φιλίνου.
2770 2147 2858 2204 Cf.
2905 2147 3106 2203 Suidas
3143 2161 3203 2204 et
3234 2149 3423 2204 Beklt.
3472 2153 3579 2204 An.
3606 2170 3653 2224 p.

2108 2244 2247 2320 366,
2280 2241 2379 2302 28.

2841 2355 2939 2413 632

2198 2473 2357 2530 Idem
2383 2493 2395 2527 :
2427 2469 2477 2530 Ἀ
2494 2471 2619 2528 πολ
2634 2491 2667 2526 α
2681 2491 2755 2548 χε
2772 2477 2793 2527 ἶ
2808 2494 2835 2528 ν
2860 2468 2975 2528 ἀντὶ
2996 2468 3167 2528 ἁπλοῦ
3189 2471 3280 2527 τοῦ
3318 2469 3507 2547 λαχεῖν
3526 2467 3666 2529 Ἀντι-

2112 2563 2219 2640 φῶν
2263 2562 2315 2618 ἐν
2337 2562 2414 2636 τῷ
2455 2559 2593 2618 κατὰ
2618 2558 2867 2630 Φιλίνου,
2896 2555 3262 2623 Δυσίαςκατὰ
3291 2557 3657 2616 Ποσειδίππου.

2101 2650 2186 2707 Cf.
2210 2649 2389 2706 Bekk.
2440 2649 2653 2706 Anecd.
2684 2667 2742 2722 p.
2762 2647 2895 2718 430,
2920 2667 2959 2721 9
2982 2659 3041 2703 et
3068 2647 3161 2704 13.
3200 2647 3449 2706 Bachm.
3472 2649 3662 2705 Anecd.

2102 2737 2152 2807 Ι,
2186 2758 2246 2814 p.
2289 2757 2421 2812 127,
2450 2755 2509 2811 9.

2844 2845 2941 2912 61..

2190 2954 2385 3011 Idem:
2413 2949 2628 3020 Διᾶλη
2647 2951 2671 3018 ξ
2692 2973 2763 3018 ις.
2796 2949 3185 3027 Διαλαγχάνειν
3212 2949 3275 3008 τὸ
3316 2950 3505 3030 κλήρῳ
3540 2951 3659 3007 διαι-

2112 3041 2341 3117 ρεῖσθαι,
2370 3038 2599 3112 διάληξις
2628 3037 2685 3098 δὲ
2710 3037 2771 3096 τὸ
2810 3046 3049 3115 πρᾶγμα.
3081 3036 3335 3130 Ἀντιφῶν
3358 3044 3414 3099 ἐν
3440 3042 3516 3118 τῷ
3542 3039 3659 3096 κατὰ

2109 3125 2353 3190 Φιλίνου.

2240 3271 2394 3332 ΧΙΧ.
2447 3273 2655 3333 ΠΡΟΣ
2706 3270 3098 3332 ΦΙΛΙΠΠΟΝ
3142 3269 3559 3341 ΔΠΟΛΟΓΙΑ,

2696 3359 2753 3416 εἰ
2798 3358 3081 3436 γνήσιος.

2842 3472 2942 3534 65.

2186 3589 2347 3646 Idem
2399 3609 2412 3645 :
2463 3586 3057 3665 Δημοτευόμενος.
3110 3583 3510 3662 Δημοτεῦεσθαί
3560 3583 3655 3640 ἔστι

2106 3673 2167 3732 τὸ
2236 3673 2389 3734 τοῦδέ
2442 3700 2579 3744 τινος
2635 3677 2803 3753 δήμου
2865 3675 3130 3735 κοινωνεῖν
3190 3676 3281 3734 καὶ
3336 3673 3661 3754 χρηματίζειν

2146 3837 2300 3887 xvn.
2336 3841 2419 3890 DE
2454 3839 2857 3890 coN'rUMELIA
2895 3843 2959 3892 IN
2994 3843 3253 3891 PUERUM
3286 3838 3625 3890 memnon.

2856 3961 2936 4007 00.

2175 4045 2329 4108 Ἁξιοῖ,
2354 4049 2639 4098 existimat.
2663 4047 2903 4112 Antiphon
2922 4047 2973 4097 in
2996 4047 3213 4098 oratione
3236 4045 3297 4096 de
3316 4043 3603 4096 contumelia
3623 4042 3661 4090 in

444 4127 564 4164 uum
583 4113 800 4164 studium
828 4113 1012 4163 visendi
1034 4113 1140 4162 illas
1161 4125 1276 4162 aves
1293 4147 1308 4172 ‚
1334 4112 1504 4162 eadem
1524 4112 1572 4161 in
1591 4113 1808 4162 oratione
1837 4113 2013 4164 iterum
2116 4129 2317 4177 puerum
2344 4116 2621 4179 ingenuum.

445 4184 661 4236 nectant
682 4183 758 4234 his
796 4183 990 4232 verbis:
1017 4182 1307 4234 Noviltmtis
1333 4181 1544 4245 quidem
1560 4213 1578 4237 ,
1602 4185 1898 4247 quicunque
1936 4185 2012 4233 vi·

445 4255 567 4306 dere
594 4267 680 4304 eas
705 4256 852 4316 cupit
870 4289 885 4312 ‚
913 4252 1251 4312 adnitemur,-
1274 4256 1458 4302 ceteris
1482 4252 1662 4302 diebus
1680 4256 1728 4302 si
1755 4257 1875 4316 quis
1913 4253 2013 4304 ad-

447 4328 587 4377 venit
619 4328 784 4374 visere
825 4326 1038 4386 cupiens
1058 4358 1073 4382 ,
1100 4325 1299 4373 nemini
1339 4324 1474 4373 ticet.
1523 4325 1596 4373 Ec
1619 4323 1728 4373 haee
1763 4337 1868 4374 non
1899 4324 2017 4374 heri

449 4399 549 4446 auc
577 4407 748 4458 nuper
786 4396 865 4444 ita
889 4405 996 4443 esse
1025 4395 1317 4455 coeperunc,
1346 4391 1436 4443 sed
1454 4392 1572 4454 jam
1586 4395 1716 4444 anni
1739 4397 1863 4443 sunt
1895 4405 2013 4444 am-

445 4467 588 4530 plius
613 4467 854 4528 triqinta.

1193 4555 1269 4602 57.

505 4647 823 4698 AEstimabant
860 4645 992 4695 mille
1023 4643 1265 4694 drachmis
1309 4655 1544 4706 pavonem
1569 4655 1753 4692 marem
1792 4644 1842 4692 et
1865 4642 2009 4693 semi-

445 4733 557 4768 nam
576 4755 592 4780 ,
617 4723 673 4768 ut
695 4717 942 4780 Antiphon
969 4716 1037 4765 ait
1061 4715 1108 4764 in
1131 4715 1348 4763 oratione
1369 4716 1538 4763 contra
1561 4713 1921 4764 Erasistratum.

917 4839 948 4856 ..
1191 4809 1267 4856 58.

513 4899 823 4962 Εὑοφθά).μως
861 4910 949 4958 pro
979 4896 1244 4958 εὐπρεπῶς,
1265 4892 1444 4943 decore
1462 4927 1478 4952 ,
1501 4891 1630 4955 apud
1666 4892 2018 4954 Antiphontem

447 4973 496 5020 in
517 4971 732 5020 oratione
754 4971 815 5018 de
836 4966 1120 5030 pavonibus.

1193 5061 1269 5104 50.

513 5152 834 5215 Pyrilampae,
890 5159 1066 5196 nomen
1107 5144 1387 5208 proprium,
1423 5143 1546 5208 apud
1586 5141 1933 5206 Antiphontem
1970 5141 2016 5192 in

449 5221 664 5272 oratione
691 5220 751 5270 de
781 5217 1061 5282 pavonibus.

2482 4221 2571 4268 XV
2576 4221 2662 4270 11¹.
2698 4221 2951 4270 CONTRA
2980 4219 3311 4270 palmatum.

2676 4329 2684 4336 ·
2718 4319 2759 4352 ⁸»
2858 4315 2935 4360 61.

2176 4397 2417 4461 Antiphon
2438 4411 2485 4448 in
2504 4401 2727 4451 oratione
2746 4403 2917 4451 contra
2932 4399 3177 4452 Philinum
3198 4397 3315 4450 dicit
3334 4411 3349 4448 ε
3376 4397 3553 4451 metes
3565 4407 3656 4446 m-

2116 4479 2204 4518 nes
2234 4468 2463 4532 hoplites
2478 4470 2682 4533 facere.
3354 4481 3359 4485 ’

2858 4565 2935 4609 02.

2178 4645 2470 4706 Ἀκροᾶσθαι,
2525 4645 2659 4696 dieto
2706 4643 3011 4696 audientem
3059 4652 3167 4694 esse
3185 4681 3201 4708 ,
3239 4642 3484 4706 Antiphon
3522 4639 3567 4689 in
3594 4651 3655 4686 or.

2114 4723 2281 4764 contra
2310 4716 2569 4766 Philinum.

2860 4809 2940 4854 63.

2174 4887 2452 4953 ’Λπολαχεῖν
2484 4904 2572 4954 pro
2610 4891 2813 4954 simplici
2848 4893 3007 4956 λαχεῖν
3024 4928 3041 4950 ,
3090 4888 3337 4952 Antiphon
3370 4887 3421 4936 in
3459 4881 3653 4936 oratione

2119 4964 2287 5008 contra
2314 4960 2556 5010 Philinum
2579 4997 2592 5022 ,
2614 4961 2778 5023 Lysias
2795 4965 2963 5012 contra
2986 4959 3312 5023 Posidippum.

2863 5055 2939 5100 6'0.

2177 5137 2531 5200 Διαλαγχὰνειν,
2568 5143 2702 5189 sorte
2750 5139 3102 5200 distribuere,-
3150 5151 3225 5192 res
3260 5138 3431 5189 dicitur
3466 5131 3653 5188 διιϋιςξις.

2058 5261 2062 5266 ,
2114 5209 2358 5273 Antiphon
2382 5215 2429 5260 in
2449 5224 2523 5260 or.
2546 5215 2712 5260 contra
2734 5209 2998 5261 Philinum.
