3825 5834
1470 443 1967 506 FRAGMENTA.

188 675 333 730 ld‘em
362 693 377 731 ε
410 673 465 734 Π
484 577 1021 743 αλληνεύς.6“.7......
1054 669 1133 731 Τὸ
1156 670 1211 730 δὲ
1234 672 1296 730 ἐκ
1320 671 1484 731 τόπου
1512 672 1663 753 ἐπίρ-

3201 465 3312 516 461

1757 599 1994 636 munere
2033 577 2252 638 σιτώνου
2291 581 2544 638 functum
2595 601 2710 638 esse
2730 625 2746 652 ,
2784 595 2880 640 aut
2920 584 3320 643 Callisthenem

1760 669 1934 724 alium
1973 671 2232 725 oratione
2276 671 2546 726 Dinarchi
2588 689 2750 726 reum
2787 675 2898 748 agi.
2933 676 3076 730 Nam
3111 675 3323 732 multos

124 783 246 840 ρημα
267 757 553 841 Δείναρχος
570 759 625 816 ἐν
653 761 728 838 τῷ
748 757 887 818 κατὰ
910 757 1181 840 Στεφάνου
1205 762 1261 820 II
1278 785 1311 819 α
1326 761 1359 818 λ
1372 759 1452 832 λή
1466 784 1539 832 νη
1552 765 1581 818 θ
1596 783 1620 819 ε
1635 785 1665 820 ν
1759 757 2120 813 Callisthenes
2141 759 2252 812 illis
2279 759 2634 834 temporibus
2655 760 2890 816 Athenis
2911 763 3118 819 vixisse
3147 764 3314 820 Boeh·

124 847 289 926 φησίν,
332 849 361 904 ὁ
402 844 459 905 δὲ
503 844 736 922 δημότης
764 847 1093 918 Παλληνεύς.
1177 845 1309 908 Ὀτι
1340 849 1389 906 δ’
1420 847 1533 908 ἐστὶ
1574 847 1667 906 καὶ

121 934 395 1078 ῗῙΧΘρᾴκη
430 932 725 1007 Παλλήνη,
764 931 1043 1012 γνώριμον.
1087 937 1171 996 cf.
1220 939 1525 1014 Hyperidis
1568 958 1657 1001 or.

857 1110 953 1169 68.

193 1203 339 1261 Idem
399 1223 415 1261 τ
471 1200 877 1270 Ὑποκυδεῑς
920 1201 1047 1284 γάρ
1102 1207 1279 1264 εἰσιν
1330 1207 1393 1264 οἱ
1452 1206 1667 1268 τόποι·

123 1289 385 1368 Δείναρχος
412 1292 469 1349 ἐν
508 1292 585 1369 τῷ
626 1287 765 1350 κατὰ
812 1291 1101 1369 Στεφάνου.
1146 1291 1441 1365 Ὑποκυδής
1474 1298 1615 1354 ἔστιν
1641 1298 1669 1354 ὁ

126 1377 335 1456 δίυγρος,
359 1380 429 1443 ὣς
468 1379 529 1436 ἐκ
556 1383 651 1450 τῆς
690 1377 737 1455 γ’
763 1378 997 1450 Κτησίου
1033 1379 1255 1460 φανερόν
1294 1382 1453 1441 ἔστιν.
1490 1383 1669 1462 Εὐφο-

127 1464 232 1541 ρίων
265 1493 287 1516 ι
322 1456 427 1524 οἶόν
460 1465 503 1523 θ’
524 1468 767 1542 εἱαμενῆς
794 1466 1096 1534 ὓποκυδέος.
1128 1495 1153 1520 ¹·
1182 1466 1274 1527 Ἔν
1312 1467 1462 1534 ἐνίοις
1494 1469 1668 1544 μέντοι

129 1555 217 1608 τῶν
250 1551 579 1633 ἀντιγράφων
597 1576 671 1610 πα
680 1553 743 1634 ρὰ
763 1557 840 1632 τῷ
867 1552 1046 1634 ῥήτορι
1068 1552 1362 1634 γέγραπται
1384 1555 1665 1615 ὑπόκοιλοι.

128 1641 201 1698 Cf.
222 1641 387 1697 Bekk.
411 1641 625 1699 Anecd.
651 1661 711 1718 p.
751 1641 883 1712 312,
918 1641 949 1698 5
984 1663 998 1697 τ
1026 1640 1336 1710 Ὑποκυδεῑς
1367 1639 1502 1709 τίνες
1527 1643 1663 1716 εἷσίς

126 1729 269 1785 κάλοι
293 1727 467 1789 τόποι.

194 1876 390 1937 xvllt.
439 1877 648 1936 ΚΑΤΑ
694 1875 1291 2022 ΚῗᾼιὶῐιξθΕΝΟΥΣ
1332 1875 1589 1936 ΕΙΣΑΓ·

194 2139 219 2166 ι
263 2115 405 2174 Cum
446 2113 811 2171 Callisthenes
850 2111 1081 2186 quidam
1112 2129 1165 2171 a.
1220 2111 1331 2183 357
1370 2132 1425 2170 a.
1458 2113 1560 2171 Ch.
1604 2131 1665 2174 n.

128 2219 233 2256 rem
270 2201 695 2260 Irmnentariam
731 2201 877 2256 bene
908 2201 1189 2256 curavisse
1228 2201 1483 2256 tradatur
1526 2203 1670 2274 (De-

128 2290 313 2345 mosth.
350 2308 441 2354 ,ao
468 2289 505 2364 S
549 2287 659 2362 33)
690 2299 750 2345 et
796 2289 1157 2344 Callisthenes
1199 2289 1429 2361 quidam
1459 2308 1671 2346 corona

129 2396 281 2434 aurea
325 2396 359 2433 a
400 2378 625 2453 populo
670 2388 903 2433 ornatus
946 2395 1067 2432 esse
1102 2377 1328 2433 dicatur
1382 2376 1669 2452 (Lycurgi

130 2465 191 2521 fr.
218 2465 343 2538 29),
373 2464 448 2521 ad
469 2482 590 2520 rem
636 2464 1062 2519 frumentariam
1088 2481 1226 2519 vero
1263 2465 1433 2520 etiam
1468 2468 1671 2521 oratio·

128 2570 243 2606 nem
264 2551 627 2607 dium-cheam
648 2552 988 2624 pertinuisse
1016 2550 1325 2624 fragmenta
1354 2552 1671 2608 luculenter

130 2637 385 2708 doceant,
401 2639 474 2695 G.
497 2641 760 2712 Droysen
778 2638 851 2693 de
877 2639 1301 2710 populiscitisin
1329 2641 1487 2694 Dem.
1524 2651 1667 2698 orat.

130 2725 189 2779 de
216 2745 331 2783 cur.
368 2745 427 2800 p.
470 2724 578 2790 148
626 2735 685 2780 et
729 2726 801 2780 A.
860 2727 1317 2782 Westermannus
1356 2729 1416 2782 in
1446 2727 1671 2802 Bergkii

132 2813 327 2867 diurnis
364 2814 451 2870 lit.
484 2823 597 2867 ant.
647 2812 795 2878 1844
826 2830 887 2885 p.
921 2811 1033 2868 583
1064 2815 1123 2867 in
1162 2814 1269 2868 hac
1312 2817 1572 2870 oratione
1602 2815 1671 2872 de

130 2901 311 2956 eodem
339 2901 674 2956 Callisthene
700 2910 873 2972 atque
896 2899 968 2955 de
999 2901 1095 2956 illa
1128 2901 1247 2974 ipsa
1275 2919 1415 2956 cura
1438 2904 1519 2957 rei
1546 2903 1671 2958 fru-

130 2990 401 3044 mentariae
428 2998 731 3044 tractatum
763 3005 881 3042 esse
902 2997 1242 3046 statuerunt.
1284 2991 1359 3046 At
1392 2990 1670 3046 Boehnec-

128 3075 238 3130 kius
265 3087 483 3149 quaestt.
514 3085 761 3131 oratorr.
790 3094 855 3149 p.
892 3075 1009 3150 619
1032 3075 1277 3134 dubitat.
1300 3078 1629 3133 Rectissime
1652 3095 1668 3136 t

128 3179 247 3216 nam
274 3181 461 3236 neque
488 3162 631 3218 illud
656 3162 791 3218 ferri
812 3173 1030 3236 potest,
1062 3181 1116 3221 a.
1146 3161 1259 3217 336
1276 3204 1291 3231 ,
1320 3182 1437 3237 quo
1468 3165 1671 3220 Dinar-

132 3249 255 3304 chus
274 3251 553 3322 Dionysio
584 3247 785 3320 judice
826 3251 1109 3306 orationes
1135 3251 1383 3306 scribere
1422 3253 1668 3324 incepit,

132 3333 193 3388 de
216 3337 280 3389 iis
304 3337 367 3388 in
404 3333 629 3406 judicio
675 3344 867 3389 actum
901 3353 1016 3392 esse
1036 3376 1053 3405 ,
1098 3353 1223 3407 quae
1268 3337 1467 3410 viginti
1512 3339 1672 3392 annis

132 3433 243 3477 ante
270 3422 419 3478 facta
454 3432 663 3491 essent,
689 3439 878 3496 neque
912 3423 1212 3478 verisimile
1257 3433 1373 3493 est,
1409 3423 1471 3479 id
1512 3425 1673 3497 quod

130 3509 574 3564 Westermannus
614 3509 838 3578 statuit,
870 3508 1016 3564 hanc
1056 3511 1375 3564 orationem
1401 3509 1611 3581 injuria
1639 3529 1673 3567 a

133 3595 385 3670 Dionysio
408 3598 469 3650 in
496 3597 871 3671 genuina-um
898 3614 1199 3652 numerum
1228 3596 1447 3654 referri.
1481 3599 1667 3670 Quare

132 3683 477 3738 statuendum
507 3693 591 3738 est
615 3691 715 3738 aut
739 3681 985 3737 eundem
1020 3683 1309 3738 hominem
1346 3683 1473 3756 plus
1500 3685 1672 3740 semel

854 3845 933 3894 ⁶7.

190 3921 475 3972 Adverbitlm
498 3921 815 3984 Παλλήνηθεν,
838 3933 865 3971 e
882 3921 1101 3972 Pallene
1115 3954 1130 3981 ,
1164 3921 1433 3972 Dinarchus
1451 3923 1591 3974 effert
1620 3923 1670 3973 in

134 3997 241 4042 orat.
268 3994 435 4042 contra
460 3992 777 4055 Stephanum.

848 4073 926 4118 68.

189 4165 214 4188 ι
238 4147 504 4202 ‘ramme
534 4147 665 4196 enim
704 4147 819 4196 sunt
856 4146 964 4198 loci.
1002 4165 1027 4189 ι·
1066 4146 1365 4208 Dinarchus,
1390 4147 1439 4196 in
1473 4152 1674 4202 or.adv.

136 4216 427 4277 Stephanum.
446 4217 708 4274 Ὑποκυδῆς
732 4219 803 4266 est
822 4215 1049 4266 humidus
1062 4253 1077 4277 ‚
1102 4217 1387 4281 uliginosus,
1412 4222 1468 4268 ut
1488 4219 1671 4268 clarum

136 4297 190 4333 ex
209 4289 379 4336 etesia
410 4287 531 4337 libro
549 4287 745 4337 tertio...
775 4289 831 4336 In
856 4287 1096 4338 nonnullis
1124 4290 1286 4338 tamen
1317 4289 1672 4352 exemplaribus

137 4355 249 4415 apud
274 4362 511 4407 oratorem
540 4357 765 4406 scribitur
781 4357 1039 4407 ὑπόκοιλοι.

186 4489 357 4539 xvlu.
392 4489 640 4539 CONTRA
672 4489 1145 4539 caulsrnmffl
1170 4490 1607 4541 DERUNTlATlo.

854 4612 933 4656 69.

190 4692 447 4741 Dinarchus
468 4691 521 4739 in
544 4690 909 4742 denuntiatione
936 4697 1101 4740 eontra
1128 4692 1491 4742 callisthenem:
1514 4711 1539 4734 ιι
1560 4694 1671 4740 Tes-

140 4760 431 4877 lgrmvestam
470 4761 714 4823 βουλαίαν,
760 4779 785 4803 ι»
822 4760 856 4810 i.
895 4773 941 4810 e.
979 4762 1175 4809 Vestam
1203 4762 1251 4811 in
1285 4765 1453 4812 senatu
1488 4761 1673 4812 dedica·

840 4905 918 4951 70.

192 4977 432 5040 Διάμεφον
446 5013 463 5036 ,
506 4976 639 5040 quod
688 4977 757 5026 rei
794 4977 925 5040 juste
970 4979 1259 5027 mensuratae
1294 4975 1355 5025 ad
1403 4989 1672 5028 mensuram

142 5045 271 5096 deest.
293 5047 553 5097 Dinarchus
577 5047 629 5096 iu
652 5045 1012 5100 denuntiatione
1029 5053 1196 5098 contra
1226 5047 1579 5098 callisthenem.

194 5203 429 5266 Ἣμὶεκτον
448 5207 497 5256 et
518 5203 844 5266 ἡμιμέδιμνον.
856 5128 1146 5253 ⁷1¹Jinarchus
1172 5203 1220 5253 in
1244 5202 1481 5253 delatione
1509 5207 1675 5252 contra

1757 844 1990 901 neckius
2023 846 2066 903 l.
2098 844 2158 904 d.
2193 845 2460 904 ostendit.
2494 871 2519 896 ι
2547 847 2837 906 Saurrms.

1840 1045 2226 1117 Harpocratio
2274 1068 2291 1102 ι
2325 952 2645 1107 Βουλῗιςία.
2684 1043 2968 1124 Δείναρχος
2999 1049 3052 1106 ἐν
3077 1052 3144 1127 τῇ
3171 1049 3314 1108 κατὰ

1764 1129 2142 1196 Καλλισθένους
2174 1128 2398 1198 ἐνδείξει·
2423 1157 2448 1182 α
2479 1133 2815 1212 μαρτύρομαι
2841 1133 2937 1206 τὴν
2970 1132 3188 1195 Ἑστίαν
3221 1134 3317 1207 τὴν

1762 1215 2012 1296 βουλαίαν
2030 1261 2047 1290 ,
2077 1243 2100 1269 ι
2123 1207 2230 1276 οἷον
2253 1216 2348 1289 τὴν
2368 1219 2423 1276 ἓν
2448 1223 2514 1298 τῇ
2539 1223 2702 1300 βουλῇ
2734 1221 3037 1300 ἱδρυμένην.

2494 1347 2589 1398 7o.

1838 1420 1996 1477 Idem
2021 1440 2034 1476 :
2072 1422 2116 1478 Δ
2136 1441 2152 1475 ι
2169 1418 2344 1495 ἄμετ
2362 1442 2468 1498 ρον
2497 1419 2559 1478 τὸ
2577 1421 2815 1481 ἐλλεῖπον
2851 1422 2956 1480 ἀπὸ
2981 1428 3072 1482 τοῦ
3108 1425 3318 1492 δικαίως

1760 1505 2117 1584 μετρηθέντος·
2144 1506 2432 1586 Δείναρχος
2463 1508 2516 1564 ἐν
2543 1510 2610 1587 τῇ
2649 1504 2785 1567 κατὰ
2827 1509 3210 1578 Καλλισθένους
3247 1515 3322 1570 εἷ-

1760 1591 2038 1672 σαγγελία.

2494 1711 2524 1763 7
2539 1712 2562 1748 1
2574 1733 2592 1750 .

1836 1785 2044 1842 Idem:
2081 1783 2446 1861 Ἦμίεκτον
2506 1785 2598 1844 καὶ
2656 1784 2878 1862 ἡμιμί
2903 1787 3156 1864 διμνον·
3203 1788 3324 1848 Δεί-

1759 1894 1948 1950 ναρχος
1971 1873 2023 1930 ἐν
2047 1876 2115 1952 τῇ
2145 1871 2282 1930 κατὰ
2313 1871 2696 1939 Καλλισθένους
2719 1875 3041 1954 εἰσαγγελία.
3082 1879 3194 1936 Τοῦ
3225 1900 3324 1953 με·

1760 1958 1945 2034 δίμνου
1973 1957 2180 2038 ἔχοντος
2215 1960 2448 2040 χοίνικας
2481 1959 2598 2038 μη’,
2627 1962 2690 2020 τὸ
2720 1966 2924 2040 χωροῦν
2973 1961 3054 2020 κδ’
3084 1963 3320 2042 χοίνικας

1759 2043 2112 2121 ἡμιμέδιμνόν
2133 2049 2298 2120 ἔστιν,
2327 2048 2572 2124 ἡμίεκτον
2593 2047 2650 2106 δὶ
2671 2049 2732 2106 τὸ
2749 2052 2954 2127 χωροῦν
2985 2050 3031 2107 δ’
3059 2050 3319 2130 χοίνικας,

1760 2137 1852 2192 τοῦ
1871 2132 2048 2205 ἕκτου,
2078 2133 2206 2212 ὅπερ
2230 2133 2340 2191 ἐστὶ
2360 2133 2583 2212 χοίνικες
2609 2133 2682 2206 η’,
2709 2134 2770 2194 τὸ
2793 2133 2984 2212 ἥμισυ.
3013 2139 3095 2195 Cf.
3121 2138 3190 2196 fr.
3220 2145 3319 2209 74,

2489 2258 2584 2310 72.

1839 2333 2044 2391 Idem:
2077 2330 2411 2408 Κόμματα
2454 2334 2545 2392 καὶ
2585 2358 2618 2392 κ
2637 2333 2912 2412 υρήὸια·
2954 2334 3240 2414 Δείναρχος
3265 2336 3322 2392 ἐν

1760 2423 1825 2500 τῇ
1866 2421 2003 2479 κατὰ
2040 2419 2423 2487 Καλλισθένους
2457 2421 2778 2502 εἰσαγγελίᾳ.
2825 2421 2913 2482 Τὰ
2954 2422 3048 2498 μὲν
3090 2421 3320 2502 κυρήόιά

1762 2509 1861 2566 εἶσι
1881 2507 1951 2566 τὰ
1977 2507 2200 2588 πίτυρα,
2221 2506 2288 2566 τὰ
2317 2506 2372 2567 δὶ
2392 2509 2646 2586 κόμματα
2675 2509 2843 2570 ἔοικεν
2873 2500 3006 2569 εἶναι
3036 2509 3172 2588 μέρη
3200 2509 3320 2569 τινὰ

1760 2593 1795 2666 ἢ
1823 2599 1915 2666 τῆς
1943 2595 2189 2672 καλάμης
2214 2595 2248 2662 ἢ
2269 2599 2371 2654 τῶν
2401 2597 2522 2676 περὶ
2540 2596 2628 2655 τὸν
2652 2605 2794 2658 σῖτον
2819 2599 2972 2657 αὐτὸν
3003 2600 3060 2657 ἐν
3090 2600 3166 2678 τῷ
3191 2597 3322 2656 στά-

1760 2691 1853 2763 χυῖ
1873 2685 2157 2761 γινομένων
2178 2683 2214 2755 ἢ
2238 2687 2340 2742 τῶν
2363 2684 2660 2765 ἀνθερίκων.

2486 2790 2580 2861 73.

1842 2881 2005 2941 Idem
2028 2903 2042 2940 ε
2076 2886 2381 2965 Δουτροφ
2398 2884 2546 2965 όρος
2568 2885 2660 2945 καὶ
2692 2888 2854 2945 λουτ
2873 2895 3197 2967 ροφορεῖν.

1764 2967 1921 3045 Λέγει
1948 2971 2068 3050 περὶ
2095 2969 2292 3032 τούτων
2322 2973 2604 3053 Δείναρχος
2631 2973 2682 3032 ἔν
2706 2995 2764 3032 τε
2793 2977 2868 3055 τῷ
2894 2975 3030 3032 κατὰ
3061 2973 3322 3036 Θεοδότου

1762 3055 1852 3200 zai
1876 3057 1930 3114 ἐν
1949 3061 2016 3136 τῇ
2032 3059 2169 3118 κατὰ
2187 3061 2232 3120 Κ
2244 3059 2568 3130 αλλισθὲνους
2585 3061 2909 3142 εἰσαγγελίᾳ.
2936 3063 3023 3123 Cf.
3052 3063 3325 3120 Dinarchi

1819 3187 1836 3204 .
1874 3165 1897 3201 1
1914 3165 1937 3201 1
1949 3165 2006 3220 9.

1842 3337 2004 3394 Idem
2034 3356 2049 3397 :
2081 3336 2256 3398 Μέδι
2279 3360 2450 3416 μνος·
2474 3254 2760 3416 galeamn<
2793 3339 2846 3396 ἐν
2886 3342 2962 3418 τῷ
2991 3337 3129 3397 κατὰ
3161 3341 3318 3398 Καλ-

1762 3422 2045 3493 λισθένους.
2073 3424 2278 3505 Μέτρον
2307 3426 2418 3484 ἐστὶ
2447 3423 2616 3503 ξηρῶν
2633 3470 2652 3500 ,
2686 3415 2793 3484 οἷον
2823 3429 3002 3505 πυρῶν
3037 3425 3072 3496 ἢ
3101 3431 3316 3506 κριθῶν,

1762 3507 1875 3588 ἔχει
1904 3509 1960 3568 δὲ
1988 3511 2225 3590 χοίνικας
2245 3510 2366 3588 μη’,
2390 3511 2524 3571 καθά
2556 3533 2684 3590 φησι
2715 3513 3002 3592 Νίκανδρος
3029 3517 3056 3571 ὁ
3075 3515 3319 3572 Θυατει-
3423 3511 3436 3532 ’

1761 3596 1911 3741 ρτηνὸς
1930 3601 1982 3657 ἐν
2019 3605 2124 3666 τοῖς
2161 3599 2478 3678 ἐξηγητικοῖς
2506 3604 2597 3670 τῆς
2639 3599 2876 3670 Ἀττικῆς
2919 3600 3211 3660 διαλέκτου.
3234 3603 3318 3658 Cf.

1820 3728 1836 3744 .
1870 3705 1900 3754 7
1916 3705 1968 3743 1.

1760 3847 2118 3899 callisthenem.
2141 3849 2396 3910 Medimni,
2424 3849 2710 3900 continentis
2733 3849 2980 3898 choenicas
3005 3849 3319 3912 quadraginta

1759 3925 1885 3980 octo,
1931 3931 2039 3981 pars
2067 3919 2264 3968 dimidia
2285 3921 2590 3983 ἡμιμέδιμνον
2621 3919 2820 3978 dieitur,
2852 3920 3046 3981 capiens
3073 3921 3318 3970 choenica·

1760 3987 1926 4050 viginti
1953 3994 2208 4052 quattuol-5
2233 3993 2284 4042 at
2303 3991 2929 4053 fiuhzrov,semisextarius,
2953 3991 3168 4040 continet
3181 3992 3316 4040 choe·

1760 4059 1893 4109 nicae
1920 4065 2165 4122 quattuor,
2203 4067 2354 4112 sextae
2390 4061 2610 4112 vldelicet
2647 4063 2823 4124 partis,
2847 4060 2899 4111 id
2933 4065 3006 4112 est
3039 4061 3314 4112 choenieum

1760 4136 1897 4191 octo,
1923 4130 2192 4181 dimidium.

2477 4211 2554 4258 72.

1822 4294 2055 4357 Κόμματα
2094 4297 2144 4344 et
2197 4295 2410 4358 κυρήὸια.
2460 4293 2730 4342 Dinarchus
2772 4291 2819 4342 in
2861 4291 3104 4343 delatione
3147 4297 3314 4342 contra

1761 4366 2114 4415 Callisthenem.
2143 4367 2358 4430 Κυρήὸια
2389 4368 2500 4413 sunt
2530 4364 2762 4423 furfures,
2791 4363 3016 4428 κόμματα
3053 4366 3216 4413 autem
3245 4363 3315 4411 vi·

1759 4435 1936 4486 dentur
1969 4450 2072 4486 esse
2099 4440 2258 4499 partes
2291 4437 2366 4484 vel
2409 4434 2554 4486 culmi
2583 4435 2656 4483 vel
2687 4433 3010 4483 folliculorum
3045 4433 3131 4494 qui
3166 4443 3314 4494 grana

1763 4505 1988 4558 frumenti
2010 4507 2060 4557 in
2084 4508 2215 4570 spica
2244 4509 2441 4569 tegunt,
2479 4505 2555 4554 vel
2579 4505 2848 4554 aristarum.

2485 4593 2564 4642 7³.

1822 4681 2138 4745 Δουτροφὸρος
2160 4684 2210 4731 et
2235 4682 2566 4744 λουτροφορεϊν.
2599 4681 2672 4728 De
2700 4676 2774 4726 his
2801 4675 3016 4737 loquitur
3041 4673 3313 4723 Dinarchus

1762 4753 1809 4804 in
1844 4766 1914 4802 or.
1957 4757 2120 4802 contra
2156 4751 2454 4802 Theodotum
2473 4785 2488 4812 ,
2517 4751 2566 4798 et
2601 4749 2650 4797 iu
2691 4744 3050 4796 denuntiatione
3085 4743 3317 4819 adversus

1762 4823 2114 4874 Callisthenem.

2497 4901 2576 4950 7⁴.

1824 4990 2068 5052 Μὲδιμνος.
2097 4987 2364 5038 Dinarchus
2391 4987 2515 5035 orat.
2542 4984 2654 5034 adr.
2676 4981 3038 5034 callisthenem.
3065 4981 3150 5028 Est
3177 4991 3314 5028 men-

1765 5074 1877 5110 sura
1915 5059 2189 5117 aridorum,
2227 5064 2280 5108 ut
2320 5057 2546 5107 frumenti
2572 5056 2646 5104 vel
2677 5054 2872 5114 hordei;
2899 5051 3113 5102 continet
3150 5054 3313 5100 antem

1763 5132 2002 5181 choenicas
2023 5132 2253 5190 XLVltI,
2288 5125 2692 5191 quemadmodum
2720 5125 2954 5176 Nicander
2993 5123 3314 5186 Thyatirenus

1764 5203 1813 5252 in
1840 5203 1974 5252 libris
1993 5199 2260 5263 Exegeticis
2284 5199 2452 5249 Atticoe
2475 5197 2666 5248 dialecti
2690 5198 2910 5247 testatur.
