3825 5834
1318 401 1417 459 VI.
1472 400 1672 459 ΚΑΤΑ
1714 398 2099 459 ΦΙΛΙΠΠΟΥ
2143 398 2205 457 Β.

240 540 366 606 163,
396 556 481 592 12.
517 538 779 607 Ὠρωπόν]
807 538 979 599 τόπος,
1008 533 1059 587 ἐν
1086 524 1131 603 ᾧ
1152 530 1361 587 ἀπέὸαλε
1399 531 1511 592 tob<
1538 526 1673 591 ὦπας
1700 528 1728 581 6

170 618 241 669 Ὦ
304 639 347 679 ς.
379 620 443 670 Β.

244 638 339 760 “P-03,
371 700 435 748 16
460 619 807 764 1Καρδιανοὺς]
837 692 1019 762 Καρδία
1047 688 1187 751 πόλις
1225 688 1484 756 Μιλησίων
1522 688 1721 748 ἄποικος

178 776 229 829 ἐν
260 773 578 845 Χερρονήσῳ,
620 772 725 837 ἥτις
755 770 969 840 τοῦνομα
994 768 1139 839 ἔσχεν
1173 768 1413 821 ἐντεῦθεν.
1452 764 1723 836 Ἑρμοκρά-

168 872 279 914 τους
310 851 689 922 (Ἑρμοχάρους
710 868 793 921 ap.
820 848 1001 919 steph.
1034 848 1152 917 Byz.
1180 864 1232 904 v.
1264 846 1478 915 Καρδία)
1505 849 1591 897 τοῦ
1628 844 1723 895 Mt·

174 932 355 995 λησίου
392 929 664 991 οἰκίζοντος
688 926 837 991 αὑτὴν
870 926 953 979 καὶ
990 924 1185 986 θύοντος
1227 924 1372 994 κόραξ
1398 924 1611 993 ἁρπάσας
1638 926 1723 975 τοῦ

172 1009 350 1077 ἱερείου
370 1006 461 1072 τὴν
490 1008 689 1076 καρδίαν
720 1004 903 1073 ἀφῆκεν
938 1002 1005 1064 εἰς
1036 1001 1123 1067 τὴν
1152 1006 1266 1071 γῆν.
1344 1001 1437 1053 Καὶ
1474 1000 1555 1053 διὰ
1580 1004 1725 1053 τοῦτο

172 1086 407 1151 κέκληται
447 1085 645 1155 Καρδία.
720 1078 866 1135 Οὗτοι
892 1081 943 1135 δὲ
973 1081 1021 1133 οἳ
1057 1080 1317 1150 Καρδιανοὶ
1353 1079 1439 1131 οὒκ
1467 1079 1727 1133 ἐδούλοντο

174 1164 431 1217 συντελεῖν
462 1163 581 1234 μετὰ
620 1168 717 1214 τῶν
759 1160 926 1212 ἄλλων
972 1160 1333 1230 Χερρονησιτῶν
1362 1159 1444 1211 καὶ
1473 1157 1726 1211 ὑπακούειν

178 1238 476 1306 Ἀθηναίοις,
518 1239 651 1291 ἀλλὰ
684 1239 870 1309 ἔφησαν
898 1236 993 1299 ἔξω
1021 1244 1117 1291 τῶν
1144 1240 1271 1308 ὅρων
1312 1235 1439 1291 εἶναι
1466 1242 1561 1291 τῶν
1594 1236 1727 1303 ’.Αθη-

174 1319 329 1379 ναίοις
354 1318 717 1387 προσηκόντων.
802 1316 869 1369 Ἥ
900 1314 997 1386 γὰρ
1027 1317 1323 1385 Χερρόνησος
1354 1314 1611 1382 Ἀθηναίων
1645 1310 1725 1381 ἦν,

172 1400 479 1468 κτησαμένου
502 1395 649 1461 αὐτὴν
673 1396 943 1448 Μιλτιάδου
968 1399 1055 1448 τοῦ
1076 1395 1321 1465 Κυψέλου.
1348 1398 1466 1449 ΑΗ.

248 1476 341 1539 63,
382 1493 465 1544 17.
492 1474 587 1526 Τον
620 1474 781 1543 Κᾶρα]
803 1472 887 1525 τὸν
906 1475 991 1537 τῆς
1020 1472 1193 1542 Καρίας
1213 1471 1347 1541 λέγει
1371 1472 1617 1540 σατράπην
1642 1471 1726 1523 τὸν

174 1552 481 1605 Μαύσωλον.
520 1554 667 1605 HRS.

242 1634 341 1695 63,
375 1636 459 1687 18.
490 1632 635 1698 Χίον]
664 1629 823 1697 Χίοςὴ
856 1633 1023 1695 νῆσος·
1053 1628 1081 1681 6
1106 1628 1156 1682 ἐν
1178 1627 1301 1700 αὗτῇ
1328 1627 1471 1681 οἰκῶν
1494 1629 1629 1689 Χῖος.
1667 1630 1725 1681 Ρ.

248 1712 343 1773 63,
385 1728 465 1778 19.
502 1710 821 1775 Βυζαντίους]
846 1708 1111 1768 Βυζάντιόν
1138 1706 1265 1760 ἐστιν
1292 1706 1325 1772 ἧ
1356 1710 1439 1759 νῦν
1474 1707 1729 1759 Κωνσταν·

174 1788 471 1849 τινούπολις.
530 1786 745 1852 Ἐκλήθη
782 1786 834 1838 δὲ
873 1784 969 1839 ἀπὸ
1002 1786 1245 1847 Βύζαντός
1276 1802 1405 1846 τινος
1454 1785 1725 1854 Μεγαρέων

178 1867 496 1936 ἡγησαμένου
522 1863 753 1927 ἀποικίας.
789 1864 1062 1934 Μεγαρέων
1104 1862 1199 1935 γὰρ
1226 1863 1419 1916 ἄποικοι
1456 1862 1727 1924 Βυζάντιοι.

183 1946 337 1997 HRS.

254 2022 355 2085 63,
385 2024 475 2083 24.
498 2019 623 2089 Πρὸς
648 2020 889 2089 ἅπαντας]
914 2018 1021 2071 Τῶν
1058 2019 1320 2089 μεγίστων,
1350 2018 1499 2088 φησὶ,
1532 2036 1735 2087 παροικε-

174 2101 461 2170 χωρηκότες
482 2100 545 2151 δι’
573 2098 819 2161 ἐπιεικείας
842 2098 948 2152 νυνὶ
970 2099 1077 2169 περὶ
1101 2097 1297 2169 φαύλων
1326 2097 1407 2149 καὶ
1434 2100 1567 2159 σκιᾶς
1592 2096 1735 2151 πολε·

176 2177 441 2247 μήσομενς
468 2178 571 2232 FP.

592 2428 687 2479 VI.
728 2426 897 2480 ΚΑΤΑ
928 2425 1241 2479 ΦΙΛΙΠΠΟΥ
1272 2428 1335 2479 Β.

253 2566 344 2629 65,
370 2582 419 2617 1.
442 2563 621 2634 Ὅταν]
650 2562 1019 2635 Ἐπιτιμητικὸν
1032 2562 1087 2616 τὸ
1102 2564 1355 2633 προοίμιον
1378 2566 1462 2629 τῆς
1484 2568 1579 2615 τῶν
1606 2562 1737 2629 Ἀθη-

180 2648 329 2697 ναίων
354 2643 587 2715 ῥᾳθυμίας
604 2664 615 2673 ·
640 2642 747 2713 ἔχει
764 2643 816 2696 δὲ
834 2643 915 2695 καὶ
928 2644 1197 2713 προσοχήν.
1222 2644 1369 2695 BFR.
1392 2641 1460 2694 Τὸ
1482 2642 1735 2711 προοίμιον

184 2724 517 2776 ἀκατάσκευον
542 2722 623 2774 διὰ
662 2723 719 2775 τὸ
746 2722 1099 2793 ὁμολογεῖσθαι
1143 2724 1218 2774 ὅτι
1244 2721 1440 2791 λέγεται
1479 2720 1600 2773 κατὰ
1631 2720 1733 2773 ἀδι·

180 2807 401 2861 κοῦντος.
479 2800 555 2853 To
586 2799 639 2853 δὲ
663 2802 979 2870 συμπέρασμα
1006 2802 1097 2861 ἕως
1119 2804 1205 2851 τοῦ
1236 2820 1257 2848 α
1298 2799 1641 2871 χαλεπώτερον
1668 2796 1739 2851 εἷ·

184 2900 275 2935 ναι.
318 2904 341 2929 ι
371 2880 444 2932 Τὸ
472 2880 525 2931 δὲ
560 2904 581 2924 ι
610 2876 765 2931 αἴτιον
794 2880 845 2933 δὲ
866 2879 1048 2933 τούτων
1080 2900 1099 2929 n
1134 2878 1264 2932 αἰτία
1286 2883 1370 2933 τοῦ
1392 2880 1736 2949 συμπεράσμα-

182 2976 261 3019 τος
284 2959 372 3010 καὶ
398 2957 661 3017 ἐπέκτασις.
692 2958 854 3010 ΑΗΒ.

252 3038 345 3097 65,
375 3052 429 3089 2.
464 3035 701 3104 Πράττει]
727 3034 1016 3088 πλεονεκτεῖ
1029 3034 1109 3087 καὶ
1135 3034 1311 3091 ἀδικεῖ.
1334 3037 1438 3088 ΒΡ.

250 3116 447 3184 Λόγους
468 3114 552 3165 καὶ
589 3114 799 3174 δικαίους
833 3114 915 3165 καὶ
941 3112 1336 3183 φιλανθρώπους]
1363 3112 1571 3175 δικαίους
1611 3114 1695 3183 μέν
1716 3132 1727 3143 ·

181 3194 301 3247 κατὰ
340 3192 443 3265 γὰρ
469 3192 719 3246 Φιλίππου
742 3192 909 3263 λέγετε
934 3190 1237 3254 ἀδικοῦντος·
1266 3192 1629 3262 φιλανθρώπους
1656 3192 1732 3264 δέ,-

183 3273 253 3323 ὅτι
284 3272 475 3325 ἐλεεῖτε
502 3271 560 3324 τὸ
584 3273 723 3342 γένος
744 3272 801 3324 τδ
829 3270 1147 3338 Ἑλληνικόν.
1175 3274 1335 3324 AHR.

249 3357 339 3414 66,
370 3356 430 3404 6.
449 3350 614 3403 Αἴτιον
637 3351 722 3422 δὲ]
754 3351 1051 3417 Κατασκευή.
1082 3353 1187 3403 ΒΡ.
1216 3350 1495 3415 Κατασκευή
1521 3354 1605 3416 τῆς
1630 3368 1742 3419 προ-

180 3431 385 3491 τάσεως,
462 3430 663 3482 Τούτων
690 3430 743 3483 δὲ
782 3428 919 3499 λέγει
954 3428 1011 3481 τὸ
1039 3426 1194 3480 αἴτιον
1222 3428 1279 3481 τὸ
1320 3428 1567 3498 δυστυχῶς
1608 3428 1740 3498 ἔχειν

180 3511 239 3563 τὰ
265 3512 539 3581 πράγματα
556 3530 567 3540 ·
601 3509 716 3579 πρὸς
742 3509 835 3579 γὰρ
866 3508 924 3562 τὸ
949 3510 1051 3562 ἀνω
1074 3508 1192 3563 ἔστι.
1217 3508 1366 3560 HRS.

251 3594 342 3651 66,
384 3604 470 3641 12.
494 3588 683 3641 Ἔπειθ’
710 3587 847 3657 ὑμεῖς
865 3586 911 3639 οἱ
932 3587 1217 3658 καθήμενοι]
1244 3586 1309 3639 Εἰ
1330 3584 1423 3657 γὰρ
1443 3584 1745 3639 ἀποδεικνύν-

182 3684 277 3717 των
306 3667 459 3736 ᾗμῶν
500 3666 586 3732 τὴν
627 3666 814 3719 ἀδικίαν
851 3666 1099 3721 Φιλίππου
1128 3666 1261 3720 οὗδὲν
1289 3668 1575 3738 πράττεται,
1622 3665 1741 3719 ἀπο-

184 3750 361 3815 ροῦμεν
392 3743 569 3797 λοιπὸν
594 3746 643 3797 τί
660 3744 1097 3816 συμΘουλεύσομεν.
1128 3747 1290 3798 ΑΗΒ.

258 3830 349 3887 66,
394 3828 476 3875 16.
517 3824 776 3893 Συμὸαίνει
803 3823 894 3891 δὴ]
921 3824 989 3875 Tb
1019 3826 1351 3895 συμπέρασμα.
1381 3824 1480 3877 ΒΡ.

252 3908 343 3963 66,
378 3918 467 3969 17.
504 3900 675 3972 Εἰκὸς]
700 3901 843 3963 Εἰκός
876 3901 977 3955 ἐστι
1003 3902 1063 3955 τὸ
1086 3903 1288 3965 πίστεως
1311 3902 1567 3973 ἐχόμενον,
1591 3900 1743 3968 ἐοικὸς

185 3978 235 4029 δὲ
258 3980 315 4029 τὸ
344 3979 565 4049 ἐμφερές.
591 3982 695 4036 ΒΡ.

254 4062 344 4122 66,
386 4076 474 4127 19.
502 4056 565 4110 Εἰ
586 4058 673 4129 μὲν
717 4052 895 4127 οὑν-1
936 4058 1071 4119 Τινὲς
1093 4058 1320 4128 ἐνόμισαν
1352 4060 1495 4110 τοῦτο
1526 4056 1744 4127 δεύτερον

184 4136 468 4206 προοίμιον.
544 4137 645 4189 Οὔκ
672 4136 775 4190 ἔστι
800 4138 877 4190 δέ·
911 4140 997 4202 τῆς
1023 4136 1116 4207 γὰρ
1156 4136 1301 4203 αὗτῆς
1324 4136 1507 4197 ἐννοίας
1534 4136 1635 4189 ἐστὶ
1657 4140 1743 4188 τοῦ

189 4216 385 4283 πρώτου
408 4218 696 4287 προοιμίου,
728 4215 859 4269 ἀλλὰ
888 4214 1081 4287 μᾶλλον
1110 4216 1427 4287 συμπέρασμα
1451 4218 1537 4281 τῆς
1568 4214 1742 4285 προτά·

188 4312 323 4355 σεως.
350 4296 512 4347 HRS.

254 4376 321 4422 66
340 4410 357 4435 ‚
394 4374 485 4425 28.
512 4372 813 4444 Πρῶτον-]
850 4369 1105 4425 Ἐντεῦθεν
1127 4370 1184 4423 τὸ
1219 4370 1479 4441 κεφάλαιον
1527 4368 1623 4423 ἀπὸ
1662 4374 1748 4423 τοῦ

188 4450 535 4519 συμφέροντος.
610 4450 705 4503 Καὶ
750 4454 835 4504 τοῦ
871 4451 1057 4503 δικαίου
1102 4450 1184 4503 καὶ
1222 4454 1309 4503 τοῦ
1349 4451 1555 4503 δυνατοῦ
1609 4470 1749 4521 μεμι-

188 4532 390 4598 γμένον.
414 4532 481 4583 R.

256 4613 347 4677 67,
365 4627 420 4677 7.
449 4608 545 4661 ‘lv'
565 4609 651 4664 ἐὰν
678 4610 763 4681 μὲν
786 4608 887 4680 ἐγὼ
910 4610 1061 4681 δοκῶ]
1086 4608 1171 4661 Ἐν
1192 4608 1366 4679 αἱρέσει
1389 4606 1552 4669 αὗτοῖς
1582 4608 1748 4659 δίδωσι

192 4686 273 4736 τὴν
320 4686 570 4757 πόλεμον,
619 4687 837 4759 ἐκφυγὼν
884 4687 942 4740 τὸ
971 4686 1305 4758 ἀποφήνασθαι
1346 4685 1426 4737 διὰ
1465 4686 1521 4738 τδ
1562 4684 1745 4751 ἄδηλον

193 4761 337 4815 αὑτοῦ
353 4781 371 4797 ·
392 4764 483 4817 ἵνα
508 4768 598 4819 κᾶν
622 4767 801 4839 πταίσῃ
823 4766 853 4819 ὁ
882 4766 1037 4837 δῆμος
1063 4765 1207 4819 αὐτὸν
1229 4765 1553 4835 ψηφισάμενος
1584 4761 1651 4835 μὴ
1680 4762 1749 4816 αἶ-

195 4844 445 4910 τιάσηται.
473 4847 584 4898 AR.

260 4926 351 4985 68,
382 4940 419 4975 2
483 4923 602 4975 Καθ’
626 4922 795 4993 ὑμῶν]
820 4924 1099 4995 Σημείωσαι
1120 4920 1209 4989 τὴν
1236 4920 1471 4983 σύνταξιν.
1504 4920 1749 4983 Πολλάκις

196 4999 299 5053 ἀντὶ
323 5005 415 5067 τῆς
442 5000 561 5072 ὑπέρ
597 5002 969 5073 ἐκλαμὸάνεται.
1048 5002 1141 5054 Καὶ
1172 5001 1267 5073 γὰρ
1286 5000 1313 5053 ὁ
1333 4999 1578 5072 Θεολόγος
1599 4999 1650 5053 ἐν
1679 5006 1749 5071 τῷ

194 5082 369 5151 mat-«p
398 5086 504 5133 τῶν
518 5081 887 5148 στηλιτευτικῶν
906 5102 917 5113 ·
953 5104 975 5131 ι
1003 5080 1127 5134 κατὰ
1146 5080 1241 5151 γὰρ
1259 5085 1354 5133 τῶν
1374 5079 1747 5149 ἀγωνιζομένων

194 5157 239 5209 οἱ
262 5160 531 5228 στέφανοι,
564 5182 585 5208 n
611 5160 718 5213 ἀντὶ
747 5166 832 5214 τοῦ
854 5158 969 5230 ὑπὲρ
1000 5167 1095 5215 τῶν
1124 5160 1515 5231 ἀγωνιζομένων.
1544 5160 1604 5211 Β.

377 5265 637 5304 outo-ts.
661 5266 709 5301 n.

3231 412 3340 463 561

1886 533 1976 593 68,
2009 532 2092 583 18.
2131 530 2424 600 Γλίχονται]
2457 530 2582 601 ἄγαν
2621 530 2928 601 ἐπιθυμοῦσι,
2969 532 3049 585 διὰ
3082 532 3138 585 τὸ
3166 540 3373 605 κοσμεῖ-

1814 609 1926 661 σθαι
1952 610 2063 671 τοὶις
2086 609 2264 679 λόγους
2286 608 2441 661 αύτῶν
2467 608 2519 663 ἐκ
2545 613 2631 675 τῆς
2651 610 2936 674 ὑποθέσεως.
2963 616 3028 665 Α.

1888 690 1976 751 68,
2014 705 2096 759 19.
2129 689 2215 741 Διὸ
2245 687 2387 759 κάγὼ
2412 690 2730 759 παραλείψω]
2763 693 2825 761 τῇ
2855 690 2942 760 μὲν
2971 688 3176 763 ἀληθείᾳ
3199 692 3280 745 διὰ
3309 692 3368 746 τὸ

1819 764 1885 836 μὴ
1910 765 2098 828 οἰκείως
2119 765 2250 836 ἔχειν
2279 770 2341 837 τῇ
2365 766 2618 837 συμβουλῇ
2641 773 2736 819 τῶν
2766 770 3022 838 προγόνων
3043 771 3367 839 παρεκτείνειν

1818 845 1879 897 τὰ
1910 846 2150 916 ἐγκώμια,
2179 844 2314 915 λέγει
2331 844 2384 899 δὲ
2399 885 2416 911 ,
2447 846 2521 899 ὅτι
2551 845 2692 916 κάγὼ
2715 841 2783 907 εἷς
2805 846 2904 917 εἶμι
2939 853 3036 900 τῶν
3063 846 3369 915 ἡττηθέντων

1816 927 1920 985 τοῖς
1938 926 2207 996 πράγμασι.
2239 928 2305 978 Λ.

1889 1008 1977 1068 68,
2006 1020 2092 1057 22.
2125 1004 2246 1063 Τοὺς
2271 1002 2354 1072 μὲν
2385 1002 2852 1071 συστρατεύσαντας]
2876 1002 2986 1063 τους
3005 1002 3262 1069 θηὸαίους.
3295 1006 3363 1056 Α.

1884 1083 2008 1143 Τοὺς
2027 1083 2070 1133 δ’
2100 1081 2187 1134 υῦκ
2210 1081 2609 1151 ἐναντιωθέντας]
2634 1081 2746 1142 τους
2773 1078 3021 1149 Ἀργείους.
3053 1086 3114 1134 Α.

1887 1162 1987 1230 69],
2017 1165 2068 1225 ί..
2102 1158 2250 1212 Ἀλλὰ
2293 1158 2349 1225 νὴ
2394 1160 2516 1229 Δία]
2543 1158 2793 1219 Ἆντίθεσις
2821 1159 2872 1211 ἐκ
2901 1164 2986 1210 τοῦ
3021 1160 3236 1211 δικαίου·
3266 1160 3369 1225 ἥτις

1816 1238 2052 1309 δυσχερὴς
2073 1235 2194 1293 οὖσα
2221 1238 2398 1308 εὐφυῶς
2419 1237 2567 1304 ἐλύθη
2588 1238 2716 1307 παρὰ
2744 1240 2830 1289 τοῦ
2859 1236 3076 1307 ῥήτορος.
3151 1238 3248 1291 ’Ἦν
3273 1238 3370 1308 γὰρ

1818 1319 1940 1385 αὕτη
1969 1322 2044 1373 ὅτι
2066 1320 2358 1388 δικαιότερον
2400 1317 2652 1379 αἰτοῦντας
2675 1318 2912 1385 Θηὸαίους
2937 1317 3058 1386 ἥπερ
3095 1316 3368 1384 Ἀθηναίους

1820 1398 2098 1468 προείλετο·
2149 1398 2324 1451 ἐκεῖνοι
2359 1396 2453 1467 γὰρ
2480 1402 2574 1449 τῶν
2611 1396 2810 1461 ἀδίκων,
2850 1393 2986 1449 οὗτοι
3025 1397 3076 1449 δὲ
3115 1397 3228 1466 ὑπὲρ
3269 1402 3368 1451 τῶν

1816 1477 1984 1529 ἀλλων
2018 1474 2277 1541 Ἑλλήνων
2303 1477 2650 1547 φροντίζουσιν.
2726 1476 2838 1527 Λύει
2863 1470 2948 1527 οὖν
2975 1474 3028 1527 ἐκ
3051 1480 3135 1527 τοῦ
3164 1476 3366 1544 ὁμοίου,

1818 1558 1913 1620 ὅτι,
1941 1554 1982 1608 εί
2007 1555 2088 1606 διὰ
2115 1560 2258 1607 τοῦτο
2285 1554 2528 1625 προκρίνει
2555 1554 2664 1615 τοὺς
2699 1553 2944 1620 Θηὸαίους
2961 1594 2974 1619 ,
3005 1558 3102 1614 πῶς
3130 1555 3233 1616 τοῖς
3268 1558 3366 1607 Λα-

1818 1633 2140 1705 κεδαιμονίοις
2165 1633 2452 1702 ἀφίστασθαι
2488 1631 2672 1685 κελεύει
2701 1636 2788 1684 τοῦ
2823 1630 2944 1685 ἰδίου
2969 1633 3182 1701 χωρίου;
3209 1632 3370 1686 καίτοι

1818 1713 1970 1775 οὕτως
1997 1714 2054 1765 ἂν
2079 1712 2132 1765 ἐκ
2151 1716 2236 1765 τοῦ
2267 1712 2440 1781 ὁμοίου
2469 1710 2598 1773 ἔδοξε
2622 1715 2705 1763 τοῦ
2733 1711 2918 1763 δικαίου
2955 1710 3078 1763 κατὰ
3105 1710 3162 1763 τὸ
3197 1710 3376 1776 ἀληθὲς

1817 1791 2106 1862 φροντίζειν.
2133 1792 2281 1843 ΗΒ8.

1888 1874 1978 1939 69,
2002 1888 2054 1937 9.
2095 1866 2152 1921 ‘O
2179 1868 2273 1939 γὰρ
2297 1867 2592 1937 Μεσσήνην]
2618 1865 2755 1919 Μετὰ
2785 1866 2842 1919 τὰ
2867 1866 3126 1936 Λευκτρικὰ
3162 1866 3373 1933 θηὸαῖοι

1819 1947 1931 2007 τοὺς
1971 1946 2309 2011 Μεσσηνίους,
2351 1945 2461 2006 τοὺς
2490 1950 2584 1997 τῶν
2613 1944 3004 2013 Λακεδαιμονίων
3042 1946 3364 2015 συμμάχους,

1820 2024 2120 2089 ἀπέσπασαν,
2151 2025 2282 2085 ὅπως
2305 2022 2466 2093 ἔχοιεν
2497 2022 2562 2084 εἰς
2583 2023 2666 2075 τὸν
2693 2024 2798 2075 κατ’
2829 2020 2986 2076 αὐτῶν
3010 2022 3248 2094 πόλεμον.
3279 2024 3374 2075 Καὶ

1818 2105 1847 2157 ὁ
1877 2104 2122 2165 Φίλιππος
2144 2098 2229 2157 οὖν
2258 2102 2598 2173 συναιρόμενος
2615 2104 2718 2163 τοῖς
2739 2100 2966 2167 Θηὸαίοις
3003 2102 3112 2163 τοὺς
3147 2104 3376 2155 Λακεδαι-

1826 2182 2020 2253 μονίους
2049 2181 2233 2235 κελεύει
2261 2180 2530 2247 ἀποστῆναι
2557 2186 2653 2233 τῶν
2678 2180 2992 2245 Μεσσηνίων,
3031 2180 3202 2249 καίπερ
3234 2181 3374 2241 ὄντος

1824 2260 1946 2315 ἰδίου
1968 2264 2072 2323 τοῖς
2100 2260 2494 2329 Λακεδαιμονίοις
2515 2264 2602 2313 τοῦ
2625 2259 2885 2329 κτήματος.
2927 2259 2995 2311 Τὸ
3018 2258 3070 2313 δὲ
3107 2282 3127 2307 ι
3157 2259 3316 2321 καλῶς
3345 2283 3368 2307 ι

1824 2340 2070 2409 συντρέχει
2093 2378 2107 2402 ,
2131 2338 2218 2391 ἵνα
2246 2338 2551 2407 γελοιότερον
2574 2336 2700 2407 λύσῃ
2728 2334 2784 2389 τὸ
2815 2336 2990 2389 δοκοῦν
3017 2336 3213 2407 ἰσχυρὸν
3255 2356 3372 2407 τυγ-

1822 2420 2012 2487 χάνειν.
2039 2418 2149 2469 ΛΗ.

1893 2502 1981 2565 69,
2020 2512 2101 2549 10.
2139 2492 2470 2565 Ὀρχομενὸν]
2497 2492 2558 2545 Οἱ
2589 2491 2898 2563 Ὀρχομένιοι
2926 2493 3008 2545 καὶ
3027 2492 3074 2545 οἳ
3099 2492 3368 2562 Κορώνειαν

1823 2574 2066 2635 οἰκοῦντες
2091 2574 2379 2642 σωζομένων
2404 2578 2498 2626 τῶν
2529 2572 2742 2625 Φωκέων
2768 2572 3008 2641 ἐλεύθεροι
3044 2572 3150 2623 καθ’
3181 2570 3375 2633 έαυτοὺς

1822 2650 1963 2720 ἦσαν.
2003 2651 2345 2707 ’Λπολωλότων
2383 2652 2600 2705 Φωκέων
2627 2652 2804 2703 δέδωκε
2833 2654 2938 2710 τοῖς
2969 2650 3198 2717 Θηδαίοις
3224 2649 3252 2701 6
3277 2650 3372 2701 Φί-

1823 2733 1998 2793 λιππος
2037 2730 2125 2796 τὴν
2169 2732 2440 2801 Κορώνειαν
2483 2730 2566 2782 καὶ
2599 2729 2683 2783 τὸν
2717 2727 3052 2799 Ὀρχομενὸν,
3083 2729 3140 2781 οὗ
3166 2726 3290 2781 κατὰ
3315 2728 3374 2781 τὸ

1823 2804 2027 2855 δίκαιον.
2055 2804 2169 2853 HR.

1896 2888 1962 2951 69
1979 2922 1992 2945 ,
2045 2884 2128 2945 14.
2177 2880 2283 2933 Τῶν
2335 2878 2593 2932 Θετταλῶν
2653 2878 2832 2933 ἱππέων
2877 2877 2958 2930 καὶ
2999 2882 3092 2931 τῶν
3142 2876 3370 2943 Θηδαίων

1823 2960 2068 3027 ὁπλιτῶν]
2115 2958 2258 3028 Ἄγαν
2290 2957 2384 3028 γὰρ
2422 2958 2468 3010 οἱ
2499 2958 2582 3028 μὲν
2620 2956 2860 3009 Θετταλοὶ
2895 2956 3092 3011 ἱππόται
3125 2954 3243 3007 εἰσὶν
3279 2956 3379 3025 ἀρι-

1827 3058 1936 3093 στοι
1950 3079 1965 3102 ,
1988 3038 2036 3091 οἱ
2055 3038 2106 3091 δὲ
2129 3038 2339 3103 Θηὸαῖοι
2366 3036 2566 3089 ὁπλῖται
2585 3037 2938 3107 γενναιότατοι.
3013 3033 3149 3103 Παρὰ
3171 3036 3374 3106 γνώμην

1824 3113 1909 3171 οὖν
1935 3116 2056 3187 φησὶ
2077 3116 2156 3167 διὰ
2183 3115 2270 3181 τὴν
2301 3114 2518 3185 ἀνάγκην
2543 3116 2772 3181 πεποίηκε
2802 3118 2969 3167 ταῦτα.
2991 3116 3106 3167 HR.

1896 3202 1992 3265 69.
2025 3200 2104 3247 16.
2148 3194 2429 3263 Ὕπόπ-ι-ως]
2474 3194 2664 3246 Οὐκοῦν
2699 3192 2876 3262 ἔχθραν
2921 3192 3003 3245 καὶ
3028 3192 3228 3262 ὑποψίαν
3269 3190 3378 3261 ἔχει

1826 3273 1932 3325 κατ’
1961 3272 2116 3324 αὐτῶν
2166 3273 2327 3325 ΑΗΒ.

1897 3355 1992 3418 69,
2029 3352 2110 3403 18.
2171 3348 2464 3419 Ἐλάτειαν]
2507 3350 2734 3417 Λέγουσιν
2771 3340 2858 3398 οὖν
2901 3366 3024 3407 τινες
3059 3347 3134 3397 ὅτι
3175 3344 3256 3397 καὶ
3287 3344 3376 3410 τὴν

1833 3428 2088 3481 Ἐλάτειαν
2115 3430 2295 3498 τειχιεῖ
2307 3427 2549 3487 Φίλιππος
2575 3426 2690 3495 πρὸς
2719 3426 2800 3477 τὸν
2833 3424 2954 3477 κατὰ
2973 3424 3199 3490 Θηὸαίων
3224 3423 3370 3477 πόλε-

1828 3529 1940 3581 μον.
1967 3508 2032 3558 R.
2073 3504 2301 3559 Ἐλάτεια
2327 3506 2501 3577 μεταξὺ
2533 3504 2758 3570 Θηὸαίων
2795 3504 2875 3555 καὶ
2902 3506 2986 3569 τῆς
3008 3502 3224 3555 Φωκέων
3256 3502 3374 3567 κτή-

1830 3605 1951 3645 σεως
1977 3584 2151 3638 κεῖται.
2231 3584 2374 3655 Ἔχει
2405 3582 2456 3635 δὲ
2493 3580 2768 3647 ἐπιτηδείως
2819 3580 2934 3651 πρὸς
2958 3577 3045 3644 τὴν
3093 3576 3371 3644 ἐπιδουλήν.

1897 3763 1985 3815 70,
2014 3745 2100 3799 25.
2131 3743 2180 3795 Ἃ
2209 3741 2423 3811 καὶπρὸς
2446 3738 2782 3805 Μεσσηνίους]
2811 3735 2943 3790 Κατὰ
2970 3736 3222 3806 πρεσὸείαν
3249 3734 3378 3797 ἐξελ-

1831 3826 1928 3879 θὼν
1949 3825 2065 3895 πρὸς
2095 3822 2331 3893 Ἀργείους
2358 3820 2385 3872 ὁ
2415 3819 2730 3888 Δημοσθένης
2767 3816 3136 3868 συνεΕούλευσεν
3155 3835 3165 3845 ·
3195 3814 3251 3867 οὗ
3274 3834 3377 3867 πει-

1830 3907 2017 3967 σθέντες
2037 3903 2164 3974 αὐτῷ
2179 3902 2452 3967 ἐ6λά6ησαν
2474 3898 2534 3951 τὰ
2562 3898 2780 3967 μέγιστα.
2857 3894 3090 3947 Βούλεται
3119 3889 3204 3946 οὖν
3225 3892 3378 3946 εἰπεῖν

1830 3983 1916 4049 τὴν
1947 3981 2251 4054 δημηγορίαν
2289 3978 2434 4031 αὑτοῦ
2454 4017 2469 4042 ,
2502 3977 2587 4028 ἵνα
2613 3975 2755 4047 πείσῃ
2782 3974 2893 4036 τοὺς
2920 3972 3192 4039 Ἀθηναίους
3213 3972 3276 4023 δι’
3304 3968 3376 4023 ὧν

1831 4062 1924 4129 ἤδη
1949 4062 2010 4115 τὰ
2039 4062 2338 4133 συμφέροντα
2361 4054 2752 4118 συνεὸούλευσεν,
2781 4048 2855 4114 οἷς
2884 4050 3090 4122 Ἀργεῖοι
3113 4052 3380 4111 πεισθέντες

1832 4142 2189 4214 προῦδὸθησαν.
2211 4140 2319 4191 ΛΗ.

1903 4243 1991 4294 70,
2022 4225 2110 4276 28.
2146 4218 2540 4285 Ἄντεποιοῦντο]
2564 4213 2866 4283 ἀντείχοντο.
2902 4214 2960 4264 Ρ.

1903 4322 1991 4373 70,
2022 4319 2110 4371 29.
2140 4299 2404 4352 Ποτίδαιαν
2432 4296 2474 4347 δ’
2506 4294 2692 4361 ἐδίδου]
2717 4292 2977 4364 Ποτίδαιαν
3003 4286 3381 4358 ἐκπολιορκήσας

1832 4382 1909 4436 ὑπ’
1942 4380 2200 4447 Ἀθηναίων
2225 4376 2578 4448 φρουρουμένην
2603 4373 2712 4433 τοὺς
2736 4370 2994 4436 Ἀθηναίων
3017 4366 3246 4437 φρουροὺς
3267 4364 3380 4418 ἀπέ-

1834 4461 2020 4515 στειλεν
2060 4458 2126 4521 εἶς
2144 4456 2314 4517 αὖτοὺς
2329 4496 2344 4520 ,
2372 4456 2529 4525 νέμων
2557 4454 2698 4523 μέρος
2719 4470 2765 4503 τι
2784 4450 2981 4520 χάριτος
2999 4446 3080 4499 καὶ
3113 4443 3376 4509 ’Ἀθηναίων

1833 4540 1996 4610 δήμω.
2023 4535 2122 4602 Τὴν
2152 4535 2204 4588 δὲ
2227 4534 2368 4587 πόλιν
2403 4528 2924 4601 ἐξανδραποδισάμενος
2952 4522 3034 4574 καὶ
3057 4522 3176 4591 ἅψας
3210 4519 3381 4573 Ὀλυν-

1834 4594 2300 4685 θίοιςοἀστυγείτοσιν
2331 4606 2438 4665 οὖσι
2468 4608 2692 4679 νέμεσθαι
2719 4605 2803 4668 τὰς
2819 4604 3008 4669 κτήσεις
3029 4600 3199 4653 ἔδωκε.
3227 4600 3376 4652 Lnss,

1904 4713 1992 4766 71,
2050 4712 2104 4747 11
2124 4734 2137 4746 .
2168 4693 2374 4745 Νίκαιαν
2404 4690 2484 4742 καὶ
2510 4684 2806 4756 Μαγνησίαν
2851 4678 3046 4749 ἐδίδου]
3080 4676 3244 4728 Ταῦτα
3287 4675 3372 4745 μὲν

1834 4769 1893 4839 ἦν
1923 4774 2098 4836 αὐτῶν,
2123 4770 2231 4841 εἶχε
2255 4768 2308 4821 δὲ
2335 4766 2455 4821 αὑτὰ
2493 4764 2772 4823 ἀποσπάσας
2789 4800 2802 4823 ,
2835 4756 2946 4811 εἶτα
2971 4756 3122 4807 ἔδωκε
3139 4793 3156 4819 ,
3182 4752 3298 4824 πρὸς
3319 4752 3378 4806 τὸ

1834 4852 2078 4918 ἀπατῆσαι
2103 4850 2300 4914 αύτοὶις,
2331 4848 2416 4900 ἵνα
2449 4844 2562 4916 δόξῃ
2587 4841 2725 4913 φίλος
2753 4838 2899 4892 εἶναι.
2933 4836 3093 4889 ΑΗΒ.

1904 4948 1966 5000 71
1976 4969 1993 4995 ,
2018 4932 2107 4984 28.
2143 4926 2290 4981 Οὗδὲν
2319 4924 2475 4978 δεινὸν
2504 4920 2570 4993 μὴ
2596 4914 2931 4988 πάθητε]·οὗκ
2957 4912 3060 4965 ἔστι
3085 4910 3141 4963 τὸ
3170 4916 3266 4962 τῶν
3295 4910 3382 4962 δύο

1815 5010 2064 5084 ἀρνήσεων
2097 5006 2304 5060 ἐνταῦθα
2334 5004 2446 5076 μίαν
2485 4996 2835 5069 συγκατάθεσιν
2863 4994 3034 5047 ποιοῦν
3055 5028 3070 5054 ,
3101 4989 3264 5055 ὥσπερ
3289 4980 3381 5035 ἀλ·

1815 5090 1980 5159 λαχοῦ
1999 5128 2014 5153 ,
2053 5084 2185 5139 ἀλλὰ
2215 5084 2396 5155 ἰδίωμα
2437 5076 2648 5133 ’Λττικδν
2679 5074 2734 5128 τὸ
2776 5069 2904 5127 εἶναι
2932 5068 3123 5129 πολλὰς
3159 5063 3383 5137 ἀρνήσεις

1818 5170 1996 5243 ἐφεξῆς.
2028 5170 2192 5223 ΑΗΒ.

3065 5246 3120 5291 58
