3825 5834
480 463 587 514 13⁴

468 586 591 642 -λετε
636 579 859 640 ἀκούειν·
888 581 946 638 οὗ
974 577 1075 658 γὰρ
1102 581 1205 636 τῶν
1252 577 1543 658 φευγόντων
1590 577 1683 646 τὰς
1726 581 1786 637 οὗ
1826 578 2003 637 δικαία

478 668 763 747 ἀπολογίας
784 665 1151 737 εἰσεληλύθατε
1182 665 1590 744 ἀκροασόμενοι,
1617 665 1756 724 ἀλλὰ
1794 669 1895 723 τῶν
1921 668 2031 724 ἐθε-

474 755 667 814 λόντων
718 753 930 819 δικαίως
974 755 1363 830 ἀπολογεῖσθαι.
1458 755 1581 830 (202)
1612 752 1745 813 Ἐὰν
1786 752 1831 811 δ’
1870 756 2032 830 ὓπερ-

478 843 717 914 πηδήσας
730 839 826 912 τὴν
838 839 1043 900 δικαίαν
1060 839 1343 917 ἀπολογίαν
1363 839 1701 914 Δημοσθένην
1718 842 2028 918 παρακαλῇ,

480 931 711 1006 μάλιστα
750 926 845 1004 μὶν
890 925 965 1002 μὴ
1008 926 1357 1006 προσδέχεσθε
1398 933 1684 1006 κακοῦργον
1726 927 1996 1007 ἄνθρωπον
2013 970 2031 1000 ,

397 1037 451 1076 so
482 1016 711 1093 οἰόμενον
736 1015 935 1095 ῥήμασι
960 1013 1075 1079 τοὺς
1096 1013 1283 1088 νόμους
1306 1013 1602 1092 ἀναιρήσειν
1616 1055 1637 1088 ,
1654 1016 1779 1088 μηδ’
1798 1017 1851 1072 ἐν
1872 1017 2032 1092 ἀρετῇ

474 1101 613 1163 τοῦθ’
642 1107 785 1180 ὑμῶν
813 1101 994 1177 μηδεὶς
1020 1101 1463 1178 καταλογιζέσθω,
1488 1100 1542 1167 ὃς
1567 1101 1629 1160 ἂν
1651 1101 2031 1179 ἐπανερομένου

480 1193 853 1266 Κτησιφῶντος
877 1214 902 1239 ι
931 1179 965 1258 ἦ
993 1187 1201 1246 καλέσω
1220 1185 1589 1263 Δημοσθένην;
1624 1215 1650 1240 ¹·
1680 1191 1885 1266 πρῶτος
1910 1190 2030 1244 ἀνα·

478 1275 649 1353 ὂοήσῃ
676 1303 701 1328 ιι
728 1276 911 1349 κάλει,
934 1275 1103 1334 κάλει.
1128 1303 1152 1325 =
1208 1273 1337 1334 Ἐπὶ
1356 1275 1545 1332 σαυτὸν
1574 1275 1781 1345 καλεῖς,
1810 1274 1895 1331 ἐπὶ
1919 1273 2034 1338 τοὺς

474 1361 663 1439 νόμως
684 1364 887 1432 καλεῖς,
914 1361 1005 1419 ἐπὶ
1027 1360 1123 1431 τὴν
1138 1361 1495 1440 δημοκρατίαν
1515 1365 1709 1427 καλεῖς.
1736 1361 1829 1420 Ἀν
1856 1361 1900 1418 δ’
1929 1359 2032 1438 ἄρα

480 1454 603 1520 ὑμῖν
628 1447 746 1526 δόξῃ
768 1447 999 1518 ἀκούειν,
1021 1446 1273 1515 ἀξιώσατε
1296 1448 1381 1506 τὸν
1398 1449 1735 1524 Δημοσθένην
1762 1447 1852 1509 τὸν
1875 1446 2031 1505 αὐτὸν

478 1535 671 1613 τρόπον
696 1537 1066 1611 ἀπολογεῖσθαι
1098 1532 1255 1615 ὅνπερ
1284 1533 1433 1612 κάγὼ
1464 1534 1821 1615 κατηγόρηκα.
1910 1531 2026 1610 (εοε)

481 1620 627 1698 Ἰἰγὼ
648 1621 703 1679 δὲ
735 1625 846 1688 πῶς
884 1621 1257 1698 κατηγόρηκας
1295 1619 1381 1679 ἵνα
1424 1624 1513 1680 καὶ
1550 1622 1839 1699 ὑπομνήσω
1874 1625 2029 1696 ὑμᾶς.

374 1720 443 1770 83
480 1708 619 1768 Οὔτε
636 1709 725 1766 τὸν
742 1708 869 1767 ἴδιον
896 1707 1005 1786 βίον
1020 1707 1107 1765 τὸν
1128 1708 1489 1784 Δημοσθένους
1508 1709 1757 1789 πρότερον
1776 1707 2036 1778 διεξῆλθον

482 1795 599 1855 οὔτε
654 1798 755 1854 τῶν
809 1795 1073 1871 δημοσίων
1127 1795 1467 1871 ἀδικημάτων
1510 1796 1711 1862 οὐδενὸς
1780 1795 2032 1875 πρότερον

482 1882 771 1960 ἐμνήσθην,
794 1882 991 1957 ἄφθονα
1004 1881 1173 1950 δήπου
1197 1882 1289 1940 καὶ
1303 1883 1473 1940 πολλὰ
1486 1881 1621 1960 ἔχων
1648 1881 1831 1960 λέγειν·
1856 1881 2033 1950 ἢπάν-

470 1993 592 2029 -των
623 1972 673 2046 γ’
718 1967 781 2026 ἂν
822 1967 934 2040 εἴην
976 1967 1327 2048 ἀπορώτατος·
1358 1969 1494 2027 ἀλλὰ
1534 1972 1740 2048 πρῶτον
1783 1969 1876 2045 μὲν
1920 1967 2036 2034 τοὺς

486 2059 673 2133 νόμους
720 2055 955 2124 ἕπίδειξα
1000 2054 1415 2137 ἀπαγορεύοντας
1474 2055 1547 2131 μὴ
1590 2062 1871 2136 στεφανοῦν
1921 2055 2038 2121 τοὺς

482 2143 789 2211 ὑπευθύνους
810 2187 827 2215 ,
864 2142 1047 2202 ἔπειτα
1086 2143 1175 2201 τὸν
1224 2143 1417 2222 ῥήτορα
1466 2142 1712 2221 ἐξήλεγξα
1757 2143 2032 2223 γράψαντα

430 2258 457 2294 s
482 2231 827 2309 Δημοσθένην
852 2228 1130 2289 ὑπεύθυνον
1162 2230 1287 2290 ὄντα
1320 2237 1602 2309 στεφανοῦν
1629 2229 1773 2290 οὐδὲν
1800 2231 2034 2311 προὸαλο

483 2318 696 2396 λόμενον
716 2364 734 2394 ,
759 2318 875 2377 οὐδὲ
898 2317 1371 2398 προσεγγράψαντα
1396 2345 1419 2370 ι
1442 2317 1651 2376 ἐπειδὰν
1672 2319 1745 2398 δῷ
1767 2317 1861 2385 τὰς
1888 2317 2036 2376 εὐθύ-

481 2429 572 2472 νας
602 2433 656 2477 ι,
684 2403 821 2463 ἀλλὰ
862 2407 1127 2469 παντελῶς
1152 2404 1243 2463 καὶ
1272 2409 1417 2479 ὑμῶν
1452 2405 1544 2464 καὶ
1587 2409 1693 2465 τῶν
1726 2405 1900 2483 νόμων
1939 2429 2035 2462 κα-

484 2491 930 2572 ταπεφρονηκότα·
960 2491 1050 2550 καὶ
1072 2489 1166 2558 τὰς
1188 2490 1437 2568 ἐσομένας
1462 2491 1589 2570 πρὸς
1615 2498 1781 2550 ταῦτα
1828 2494 2034 2572 προφά-

487 2603 593 2646 σεις
626 2572 801 2650 εἶπον,
834 2579 893 2646 ἃς
928 2578 1055 2646 ἀξιῶ
1082 2581 1169 2637 καὶ
1216 2584 1349 2656 ὗμᾶς
1377 2581 1826 2657 διαμνημονεύειν.
1914 2584 2036 2658 (20⁴)

482 2666 733 2747 Δεύτερον
762 2669 806 2724 δ’
836 2670 957 2743 ὑμῖν
988 2666 1247 2737 διεξῆλθον
1269 2666 1387 2734 τοὺς
1412 2669 1534 2748 περὶ
1560 2673 1664 2728 τῶν
1691 2669 2037 2749 κηρυγμάτων

482 2755 693 2831 νόμους,
722 2755 774 2812 ἐν
792 2745 865 2819 οἶς
892 2753 1172 2832 διαρρήδην
1202 2755 1484 2833 ἀπείρηται
1516 2754 1603 2812 τὸν
1631 2756 1731 2814 ὑπὸ
1752 2761 1843 2814 τοῦ
1872 2755 2038 2830 δήμου

484 2839 897 2922 στεφανούμενον
956 2839 1031 2916 μὴ
1079 2839 1421 2920 κηρύττεσθαι
1464 2841 1560 2910 ἔξω
1610 2847 1701 2914 τῆς
1742 2843 2038 2912 ἐκκλησίας·

412 2951 461 2988 ιιι
488 2937 516 2990 ὁ
538 2930 591 2988 δὲ
618 2929 789 3010 ῥήτωρ
819 2931 846 2985 ὁ
874 2927 1077 3008 φεύγων
1100 2929 1195 2997 τὴν
1223 2929 1427 3008 γραφὴν
1450 2932 1507 2988 οὗ
1534 2929 1647 2996 τοὺς
1672 2930 1858 3006 νόμους
1886 2930 2040 3006 μόνον

476 3015 849 3098 ,παραὸἑὸηκεν
867 3061 883 3088 ,
904 3013 1040 3072 ἀλλὰ
1065 3013 1155 3072 καὶ
1176 3013 1263 3072 τὸν
1288 3015 1467 3094 καιρὸν
1488 3020 1578 3086 τῆς
1598 3015 1931 3095 ἀναρρήσεως
1949 3016 2039 3074 καὶ

486 3105 575 3161 τὸν
618 3103 773 3162 τόπον
793 3147 809 3176 ,
840 3100 1063 3160 κελεύων
1104 3104 1198 3159 οὐκ
1236 3105 1289 3160 ἐν
1328 3107 1392 3182 τῇ
1430 3104 1681 3182 ἐκκλησία
1724 3102 1837 3160 ἀλλ’
1882 3105 1934 3160 ἐν
1967 3107 2040 3182 τῷ

484 3192 685 3271 θεάτρῳ
718 3191 813 3260 τὴν
844 3190 1125 3268 ἀνάρρησιν
1148 3190 1407 3267 γίνεσθαι,
1454 3189 1564 3249 οὐδ’
1596 3191 2041 3261 ἐκκλησιαζόντων

486 3277 764 3348 Ἀθηναίων
778 3322 797 3350 ,
818 3277 953 3334 ἀλλὰ
978 3277 1271 3351 μελλόντων
1292 3279 1571 3356 τραγῳδῶν
1592 3277 1824 3336 εἰσιέναι.
1853 3280 2039 3337 Ταῦτα

484 3365 530 3420 δ’
567 3360 727 3422 εἰπὼν
759 3361 920 3442 μικρὰ
947 3362 1041 3437 μὲν
1068 3363 1189 3440 περὶ
1212 3366 1315 3421 τῶν
1342 3364 1483 3421 ἰδίων
1510 3355 1655 3423 εἶπον
1673 3412 1690 3437 ,
1724 3363 1791 3423 τὰ
1814 3364 1867 3422 δὲ
1891 3368 2040 3424 πλεῖ-

487 3473 585 3509 στα
636 3451 751 3528 περὶ
780 3453 881 3508 τῶν
932 3450 1195 3525 δημοσίων
1234 3450 1587 3527 ἀδικημάτων.
1644 3455 1760 3531 (ses)
1792 3451 1950 3512 Οὕτω
1978 3451 2038 3524 δὴ

408 3537 579 3595 ιο-καὶ
606 3537 693 3595 τὸν
732 3536 1072 3613 Δημοσθένην
1102 3537 1357 3606 ἀξιώσατε
1386 3541 1755 3616 ἀπολογεῖσθαι
1794 3538 1921 3618 πρὸς
1956 3540 2040 3596 τὸν

484 3627 587 3681 τῶν
616 3623 907 3682 ὑπευθύνων
936 3623 1089 3700 νόμον
1130 3628 1335 3703 πρῶτον
1362 3625 1453 3682 καὶ
1482 3625 1568 3682 τὸν
1600 3625 1715 3704 περὶ
1750 3630 1853 3684 τῶν
1879 3649 2039 3706 κηρυ-

486 3711 701 3786 γμάτων
726 3709 1187 3790 δεύτερον,.τρίτον
1209 3711 1263 3769 δὲ
1287 3711 1345 3770 τὸ
1371 3710 1613 3789 μέγιστον
1639 3713 1805 3790 λέγω,
1828 3717 1900 3780 ὡς
1925 3715 2040 3772 οὐδὲ

488 3796 625 3864 ἄξιός
652 3800 760 3856 ἐστι
788 3803 879 3866 τῆς
903 3799 1114 3877 δωρεᾶς.
1165 3799 1295 3858 Ἐὰν
1323 3800 1367 3857 δ’
1398 3803 1541 3876 ὑμῶν
1571 3799 1749 3873 δέηται
1772 3806 2041 3882 συγίωρῆ·

488 3907 579 3942 σαι
605 3887 745 3963 αὖτῷ
772 3885 1003 3963 περὶτῆς
1026 3885 1216 3952 τάξεως
1230 3886 1495 3960 τοῦλόγου
1516 3932 1534 3961 ,
1560 3891 2044 3967 κατεπαγγελλόμε-

490 3995 571 4036 νος
608 3974 681 4038 ὧς
722 3973 807 4029 ἐπὶ
834 3976 899 4050 τῇ
928 3975 1145 4052 τελευτῇ
1182 3978 1275 4044 τῆς
1304 3974 1584 4050 ἀπολογίας
1610 3975 1755 4034 λύσει
1782 3977 1841 4034 τὸ
1869 3976 2040 4054 παρά-

490 4081 647 4134 νομον
665 4103 680 4124 ,
728 4056 802 4134 μὴ
848 4069 1163 4138 συγχωρεῖτε
1207 4063 1331 4136 μηδ’
1377 4063 1596 4138 ἀγνοεῖθ’
1639 4062 1719 4120 ὅτι
1762 4065 2040 4139 πάλαισμα

413 4167 468 4204 su
491 4146 626 4204 τοῦτ’
656 4146 765 4205 ἐστὶ
793 4146 1143 4225 δικαστηρίου·
1172 4150 1229 4206 οὗ
1253 4149 1355 4228 γὰρ
1396 4147 1617 4215 εἰσαῦθίς
1642 4173 1767 4208 ποτε
1802 4149 2042 4228 βούλεται

492 4234 620 4315 πρὸς
638 4235 697 4292 τὸ
720 4233 1021 4313 παράνομον
1050 4237 1447 4313 ἀπολογεῖσθαι,
1474 4237 1587 4295 ἀλλ’
1630 4237 1775 4295 οὐδὲν
1800 4237 1933 4316 ἔχων
1963 4238 2041 4295 δι’-

492 4345 639 4380 καιον
670 4323 831 4380 εἰπεῖν
858 4321 1044 4400 ἐτέρων
1078 4323 1390 4403 παρεμὸολῇ
1420 4325 1749 4402 πραγμάτων
1777 4327 1847 4391 εἰς
1878 4327 2042 4398 λήθην

494 4414 627 4482 ὑμᾶς
655 4408 894 4488 βούλεται
921 4415 1011 4480 τῆς
1034 4411 1343 4490 κατηγορίας
1372 4411 1640 4487 ἐμὸαλεῖν.
1677 4413 1789 4485 (200)
1833 4410 2042 4491 “Ωσπερ

496 4488 584 4555 οὖν
625 4499 679 4554 ἐν
706 4497 813 4563 τοῖς
837 4507 1104 4572 γυμνικοῖς
1140 4501 1333 4577 ἀγῶσιν
1358 4502 1509 4576 δρᾶτε
1536 4494 1653 4562 τοὺς
1680 4498 1880 4564 πύκτας
1923 4501 2042 4578 περὶ

494 4589 587 4652 τ’ἧς
608 4583 838 4650 στάσεως
867 4585 1110 4655 ἀλλήλοις
1132 4584 1611 4660 διαγωνιζομένους,
1634 4582 1767 4642 οὕτω
1785 4585 1874 4643 καὶ
1898 4589 2043 4661 ὑμεῖς

496 4669 622 4740 ὅλην
664 4669 756 4740 τὴν
798 4669 1001 4750 ἡμέραν
1049 4671 1179 4751 ὑπὲρ
1207 4676 1298 4742 τῆς
1338 4671 1535 4729 πόλεως
1581 4671 1697 4750 περὶ
1738 4675 1829 4742 τῆς
1854 4673 2044 4740 τάξεως

422 4779 475 4817 ει
500 4759 641 4837 αὐτῷ
668 4762 759 4816 τοῦ
788 4757 942 4834 λόγου
980 4757 1243 4836 μάχεσθε,
1282 4756 1371 4814 καὶ
1400 4758 1474 4833 μὴ
1503 4759 1619 4815 ἐᾶτε
1648 4758 1801 4816 αὐτὸν
1830 4758 1928 4827 ἔξω
1954 4767 2043 4820 τοῦ

496 4842 803 4922 παρανόμου
828 4845 1228 4920 περιίστασθαι,
1261 4845 1378 4902 ἀλλ’
1422 4845 1762 4921 ἐγκαθήμενοι
1800 4848 1891 4906 καὶ
1937 4850 2043 4906 ἐνε-

498 4929 759 5008 δρεύοντες
791 4933 845 4988 ἐν
870 4937 935 5008 τῇ
967 4932 1215 5011 ἀκροάσει
1255 4931 1572 4991 εἰσελαύνετε
1610 4933 1765 4991 αὐτὸν
1812 4937 1882 5001 εἷς
1927 4935 2044 5001 τοὺς

496 5021 588 5074 τοῦ
616 5015 918 5095 πράγματος
944 5017 1153 5094 λόγους,
1186 5017 1276 5076 καὶ
1320 5017 1409 5085 τὰς
1458 5017 1708 5098 ἐκτροπὰς
1749 5022 1905 5079 αὐτοῦ
1941 5027 2043 5080 τῶν

496 5102 663 5180 λόγων
700 5107 1009 5181 ἐπιτηρεῖτε.
1064 5105 1180 5184 (207)
1215 5105 1350 5164 Ἀλλ’
1378 5105 1409 5162 ἃ
1439 5106 1501 5176 δὴ
1531 5105 1857 5182 συμὸήσεται
1886 5111 2005 5184 ὑμῖν
2023 5155 2039 5184 ,

1400 447 1770 509 ΑΙΣΧῙΝΟΥ
1810 451 1862 509 0
1906 447 2114 509 ΚΑΤΑ
2157 443 2732 508 ΚἹἮΣΙΦΩΝΤΟΣ.

3391 445 3646 525 (sm-m)

2121 597 2182 635 ne
2199 599 2286 634 vos
2301 585 2496 648 quidem
2513 597 2626 634 eum
2651 583 2856 633 audiatis
2877 602 2890 632 ε
2911 595 3010 632 non
3029 582 3158 634 enim
3175 584 3272 634 buc
3291 585 3588 646 convenistis,
3601 589 3652 634 ut

2121 683 2228 722 reos
2245 672 2330 734 qui
2351 672 2608 734 legitimam
2629 670 2956 720 defensionem
2975 671 3206 733 respuunt
3221 670 3424 720 audiatis
3435 708 3452 732 ,
3467 671 3548 721 sed
3559 672 3654 721 iilos

2119 759 2202 822 qul
2223 773 2276 809 se
2298 763 2426 810 recte
2445 761 2593 822 atque
2615 757 2786 808 ordine
2819 757 3074 808 defendere
3089 759 3243 822 parati
3271 761 3402 807 nint.
3433 759 3557 818 (202)
3577 757 3652 808 siu

2119 849 2280 896 autern
2293 847 2424 908 justa
2441 846 2713 896 defensione
2723 845 3038 908 praetermis-a
3051 846 3420 896 Derncisthenem
3433 849 3650 906 secerni,

2123 933 2424 995 potissimum
2441 933 2588 982 nolite
2607 934 2730 982 terre
2745 933 2987 981 hominem
3017 933 3334 980 veteratorem
3345 967 3360 989 ,
3377 933 3655 993 metientem

2119 1034 2170 1069 se
2190 1021 2444 1069 verborum
2461 1019 3146 1082 aucupiislegessubtatumm,
3155 1031 3311 1080 neque
3329 1018 3424 1066 hoc
3435 1017 3654 1080 quispiam

2117 1111 2336 1156 vestrum
2359 1108 2448 1156 sibi
2473 1107 2522 1156 in
2541 1107 2696 1156 iendis
2713 1107 2822 1156 ioco
2835 1106 3052 1168 deputet,
3089 1105 3130 1156 si
3153 1105 3481 1167 interrogante
3511 1107 3654 1156 (3ῐαί-

2121 1193 2320 1256 phonte,
2345 1194 2548 1244 liceatne
2579 1207 2664 1258 per
2689 1207 2778 1243 vos
2811 1193 3178 1244 Demosthenem
3201 1193 3456 1254 advocare,
3489 1195 3656 1255 primus

2119 1283 2408 1332 exclamavit
2429 1295 2572 1343 voca,
2609 1295 2734 1332 voca
2758 1300 2775 1332 .-
2798 1309 2862 1324 -
2878 1287 3046 1330 eontra
3065 1281 3296 1344 teipsum
3318 1293 3484 1342 vocas,
3507 1283 3658 1330 contra

2121 1369 2246 1432 leges
2271 1381 2442 1430 vocas,
2477 1373 2644 1418 contra
2677 1369 2840 1432 populi
2875 1369 3142 1419 libertatem
3171 1381 3316 1418 vocas
3356 1397 3420 1410 -
3455 1389 3468 1417 :
3500 1368 3656 1432 quodsi

2119 1455 2259 1506 vobis
2279 1457 2446 1506 andire
2489 1457 2674 1518 placeat
2719 1457 3118 1514 Demosthenem,
3153 1456 3396 1518 postulate
3431 1455 3494 1504 ab
3515 1468 3587 1516 eo,
3609 1458 3658 1504 ut

2121 1543 2180 1591 ad
2205 1557 2311 1594 eam
2331 1555 2550 1592 nonnam
2571 1542 2896 1592 defensionem
2917 1542 3132 1592 institunt
3145 1578 3162 1604 ,
3187 1555 3336 1605 quam
3359 1555 3448 1605 ego
3469 1543 3516 1591 in
3533 1555 3640 1591 acen

2121 1631 2304 1681 satione
2323 1643 2430 1680 sum
2453 1633 2646 1680 secutus
2661 1667 2676 1692 ,
2695 1632 2824 1693 (20³)
2847 1630 2916 1680 sic
2935 1630 3310 1692 quodammodo,
3325 1633 3384 1680 ut
3401 1631 3450 1679 id
3467 1631 3597 1679 vobis
3613 1630 3656 1678 in

2121 1716 2400 1766 memoriam
2435 1729 2671 1765 revocem.
2737 1719 2836 1766 Nec
2870 1717 3108 1780 privatam
3151 1717 3488 1766 Demosthenis
3525 1717 3656 1766 vitam

2122 1805 2254 1869 prius
2269 1804 2520 1867 explicavi,
2553 1815 2644 1852 nec
2661 1803 2806 1852 ullius
2822 1804 2998 1866 publici
3018 1803 3232 1852 criminis
3243 1806 3536 1853 mentionem
3552 1805 3630 1854 feci
3641 1840 3655 1862 ,

2123 1903 2273 1954 quum
2287 1903 2454 1941 eorum
2465 1891 2628 1952 ingens
2641 1891 2758 1939 mihi
2775 1891 2962 1940 adesset
2979 1892 3116 1953 eopia
3133 1919 3192 1932 -
3211 1893 3296 1940 aut
3309 1893 3526 1940 ornnium
3542 1893 3657 1940 cer-te

2125 1978 2373 2027 hominurn
2399 1987 2550 2028 essem
2571 1977 2913 2028 infantissimus
2936 2005 3030 2040 -,
3065 1979 3148 2028 sed
3185 1979 3338 2041 primo
3359 1979 3468 2028 loeo
3487 1978 3656 2028 ostendi

2124 2067 2250 2127 leges
2269 2065 2444 2116 diserte
2466 2068 2628 2116 vetare
2641 2099 2656 2124 ,
2691 2077 2753 2114 ne
2773 2077 2950 2114 corona
2971 2065 3212 2114 donentur
3243 2067 3274 2116 ii
3295 2067 3382 2128 qui
3413 2065 3659 2116 rationibus

2127 2153 2386 2203 referendis
2417 2155 2530 2202 sunt
2559 2152 2786 2214 obnoxii3
2811 2151 2982 2202 deinde
3009 2153 3249 2202 oratorem
3275 2153 3513 2215 redargui,
3541 2153 3658 2214 quod

2123 2240 2507 2300 Demosthenem,
2521 2241 2602 2302 qui
2613 2239 2876 2288 rationibus
2889 2239 3138 2289 reddendis
3145 2240 3385 2290 obnoxius
3395 2243 3486 2302 est,
3501 2253 3660 2289 corona

2123 2328 2292 2378 donari
2325 2327 2538 2389 jusserit,
2569 2327 2704 2376 nullo
2735 2329 2976 2389 praelextu
3013 2328 3310 2390 interposito,
3336 2341 3454 2377 ·non
3481 2341 3658 2378 excusa·

2123 2415 2253 2465 tione
2271 2427 2328 2464 ea
2341 2414 2582 2476 adscripta
2599 2433 2624 2456 σι
2645 2418 2984 2477 posteaquam
3008 2417 3236 2464 rationes
3251 2415 3522 2471 remla-it,
3543 2435 3566 2456 ν
3587 2412 3658 2462 sei

2124 2503 2262 2552 vobis
2283 2505 2428 2564 atque
2458 2501 2640 2563 iegibus
2663 2501 2854 2563 penitus
2873 2499 3110 2563 despectis
3145 2521 3158 2550 ι
3181 2515 3326 2563 porro
3349 2503 3659 2552 cavillationes

2127 2602 2246 2652 quas
2268 2591 2434 2638 ‹zontra
2453 2590 2558 2638 baec
2592 2589 2784 2638 allaturi
2801 2591 2916 2637 sunt
2945 2590 3173 2651 exposui,
3211 2601 3422 2651 quarum
3451 2589 3588 2638 eliam
3613 2589 3660 2634 ut

2129 2689 2216 2727 vos
2251 2689 2486 2726 memores
2508 2677 2610 2726 sitis
2633 2689 2804 2726 exoro.
2871 2677 3000 2736 (¹204)
3025 2673 3244 2724 Secundo
3267 2675 3378 2724 loeo
3401 2675 3522 2735 leges
3539 2673 3660 2722 vobis

2126 2764 2186 2813 de
2197 2764 2444 2827 pru-cuniis
2457 2765 2686 2827 percurri,
2701 2766 2876 2826 quihus
2883 2764 3058 2812 diserte
3071 2762 3382 2812 interdictum
3399 2767 3488 2822 est,
3503 2765 3662 2824 nequis

2127 2864 2154 2898 a
2197 2853 2374 2914 populo
2413 2865 2590 2900 corona
2614 2851 2820 2901 donatus
2853 2855 2990 2900 extra
3019 2851 3298 2900 concionem
3341 2851 3621 2912 predicetur
3648 2870 3659 2896 ι

2127 2943 2292 2988 orator
2317 2951 2430 2987 vero
2461 2939 2544 3000 qui
2585 2942 2658 2988 est
2690 2952 2798 2988 reus
2833 2951 2928 2986 non
2965 2939 3090 3000 leges
3131 2939 3324 2988 tantum
3357 2942 3661 3000 transgressus

2129 3029 2232 3086 est,
2253 3025 2336 3074 scd
2365 3029 2414 3074 et
2443 3029 2630 3087 tempus
2663 3029 2714 3074 et
2747 3026 2906 3075 locum
2939 3025 3288 3086 praedicationis
3323 3025 3658 3081 commutavit,

2129 3112 2366 3174 siquidem
2397 3125 2492 3161 non
2527 3113 2576 3161 in
2609 3113 2836 3162 concione
2862 3111 3016 3161 sedin
3047 3112 3260 3174 theatro,
3283 3125 3384 3162 non
3419 3113 3660 3163 Attienien-

2127 3200 2261 3248 sibus
2280 3199 2326 3248 in
2351 3200 2628 3248 concionem
2647 3200 2940 3260 congregatis
2955 3199 3038 3248 sed
3061 3199 3284 3260 tngoedn
3299 3200 3350 3248 in
3377 3213 3564 3250 scenam
3574 3200 3662 3261 jain

2128 3287 2410 3348 prodituris,
2433 3287 2726 3349 praeconium
2753 3286 2853 3335 lieri
2875 3286 3100 3336 decrevit.
3133 3288 3218 3336 ilis
3245 3287 3474 3348 expositis
3489 3323 3502 3348 ,
3527 3297 3660 3348 pauca

2129 3374 2190 3423 de
2207 3375 2404 3436 privatis
2419 3374 2549 3434 dixi,
2579 3385 2800 3436 magnam
2833 3377 2998 3423 autem
3035 3378 3216 3434 partem
3247 3374 3294 3422 in
3315 3374 3520 3436 publicis
3533 3373 3663 3434 ipsius

2129 3461 2410 3511 criminibus
2443 3461 2596 3510 oratio
2631 3475 2740 3512 inea
2779 3463 2964 3512 versata
2999 3463 3089 3511 est.
3155 3463 3286 3523 (205)
3311 3463 3394 3510 Sic
3415 3463 3556 3523 nitur
3575 3461 3618 3507 et
3637 3473 3660 3504 a

2131 3551 2446 3599 Demosthene
2493 3549 2740 3612 postuletis
2779 3552 2836 3598 ut
2877 3549 3202 3598 defensionem
3237 3549 3486 3608 instituat,
3527 3547 3662 3609 primo

2130 3637 2190 3686 ad
2227 3638 2378 3698 legem
2413 3636 2474 3686 de
2513 3636 2570 3686 iis
2599 3635 2686 3699 qui
2719 3636 2982 3686 rationibus
3008 3635 3260 3686 reddendis
3299 3639 3420 3686 sunt
3457 3633 3662 3690 obnoxii,

2129 3723 2300 3774 deinde
2329 3723 2390 3772 nd
2422 3725 2574 3785 legem
2605 3723 2668 3773 de
2703 3724 2954 3786 praeconiis
2981 3723 3290 3786 respondeat,
3314 3724 3462 3772 tertio
3487 3724 3586 3772 loeo
3609 3719 3662 3768 ad

2129 3813 2246 3862 illud
2271 3813 2398 3874 quod
2423 3813 2688 3861 maximum
2720 3813 2854 3873 dico,
2877 3825 2972 3861 non
2991 3825 3094 3861 esse
3119 3811 3316 3873 dignum
3339 3825 3456 3862 eum
3485 3821 3662 3859 corona.

2131 3900 2313 3957 Quodsi
2339 3913 2424 3949 vos
2451 3901 2580 3961 oret,
2606 3903 2662 3948 ut
2685 3899 2746 3947 de
2782 3899 2949 3948 ordine
2971 3898 3156 3948 dicendi
3189 3911 3278 3948 suo
3307 3911 3362 3948 se
3389 3899 3580 3948 arbitrio
3603 3895 3664 3943 uli

2129 3985 2426 4048 concedatis,
2447 3986 2684 4049 pollicitus
2715 4000 2766 4036 se
2795 3986 2888 4036 sub
2919 3987 3066 4036 finem
3103 3987 3396 4036 defensionis
3419 3987 3592 4036 crimen
3613 3982 3666 4030 de

2130 4073 2322 4122 decreto
2335 4077 2504 4122 contra
2519 4073 2644 4135 leges
2657 4073 2782 4123 facto
2793 4074 3085 4133 soluturum,
3099 4087 3404 4137 nequaquam
3420 4071 3663 4130 concedite,

2129 4173 2285 4222 neque
2297 4175 2384 4210 vos
2401 4161 2550 4222 fugiat
2563 4161 2784 4210 callidam
2805 4162 3040 4210 hancoese
3059 4161 3278 4211 technam
3295 4161 3357 4210 ad
3371 4160 3664 4211 eluctandmn

2124 4247 2358 4308 judicium
2383 4267 2394 4296 ι
2419 4260 2666 4310 nunquam
2683 4248 2812 4296 enim
2836 4248 2999 4308 postea
3021 4246 3084 4295 ad
3107 4247 3288 4295 crimen
3305 4245 3486 4294 decreti
3513 4249 3664 4292 contra

2131 4335 2254 4396 leges
2273 4335 2382 4384 facti
2403 4334 2730 4396 respondebit,
2763 4334 2865 4393 sed,
2885 4347 3036 4395 quum
3059 4333 3174 4381 nihil
3209 4331 3384 4381 habent
3409 4331 3666 4394 quodjuste

2131 4421 2278 4482 possit
2303 4420 2480 4479 dir-ere,
2501 4419 2703 4468 aliarum
2721 4431 2880 4468 rerum
2899 4418 3150 4479 injectione
3163 4418 3209 4466 in
3227 4417 3516 4466 oblivionem
3535 4426 3664 4463 accu-

2129 4507 2322 4556 sationis
2341 4521 2425 4556 vos
2438 4505 2674 4556 adducere
2693 4507 2882 4568 cogitat.
2947 4507 3080 4568 (206)
3100 4505 3518 4563 Quemadmodum
3539 4503 3666 4564 igitur

2131 4596 2180 4643 in
2215 4594 2555 4644 certaminibus
2591 4594 2820 4656 gymnicis
2855 4593 3025 4643 videtis
3047 4593 3226 4654 pugiles
3257 4593 3384 4640 inter
3405 4607 3456 4642 se
3473 4591 3662 4640 destatu

2133 4682 2402 4742 decertare,
2421 4683 2490 4730 sic
2507 4683 2558 4730 et
2581 4693 2666 4729 vos
2687 4695 2796 4729 cum
2817 4694 2874 4729 eo
2899 4685 3054 4729 totum
3085 4679 3214 4729 diem
3237 4693 3324 4742 pro
3351 4679 3592 4741 republica
3613 4675 3667 4722 de

2131 4769 2319 4818 dicendi
2343 4769 2512 4818 ordine
2535 4767 2825 4830 depugnate,
2857 4781 3010 4829 neque
3030 4781 3141 4816 enm
3175 4767 3318 4816 sinite
3343 4775 3480 4816 extra
3501 4765 3664 4814 crimen

2133 4855 2322 4904 violatae
2343 4855 2454 4917 legis
2472 4869 2555 4916 per
2575 4855 2796 4916 ambages
2815 4855 3016 4903 evadere
3030 4891 3043 4912 ,
3063 4853 3146 4903 sed
3165 4853 3402 4903 atniiendo
3427 4854 3494 4903 illi
3513 4853 3664 4900 immo·

2133 4945 2290 4991 rantes
2311 4945 2458 5003 atque
2481 4941 2738 4990 insidentes
2761 4943 2882 4991 iutra
2903 4955 3060 4989 causae
3085 4941 3228 5003 ipsius
3247 4941 3420 4990 limites
3443 4939 3666 4987 bominem

2131 5032 2370 5087 coercete,
2391 5029 2748 5090 verborumque
2777 5028 2882 5090 ejus
2901 5028 3184 5078 diverticuts
3201 5031 3250 5076 et
3268 5029 3510 5076 anfractus
3525 5024 3668 5072 obaer-

2133 5120 2263 5166 vaie.
2302 5120 2434 5178 (207)
2467 5120 2588 5173 Quae
2605 5119 2766 5165 autem
2787 5116 2926 5164 vobis
2949 5119 3180 5165 eventura
3201 5114 3298 5162 sint
3315 5149 3330 5174 ,
3365 5114 3404 5162 si
3427 5114 3520 5162 hoc
3537 5108 3666 5158 modo

501 5190 589 5250 ἐὰν
624 5196 802 5250 τοῦτον
842 5191 927 5260 τῂν
966 5189 1157 5270 τρόπον
1196 5191 1290 5264 τὴν
1336 5193 1579 5273 ἀκρόασιν
1622 5200 1869 5270 ποιῆσθε,
1901 5197 2044 5255 ταῦθ’
2136 5205 2508 5254 Demosthenem
2535 5203 2766 5265 audiatis,
2793 5215 2988 5265 aequum
3017 5207 3088 5254 est
3113 5205 3166 5250 ui
3189 5201 3461 5263 pradia-eu».
3527 5201 3664 5248 intro-
