3825 5834
493 516 565 564 88
1421 503 1787 564 ΑΙΣΧΙΝΟΥ
1822 503 1875 560 Ο
1916 503 2102 562 ΠΕΡΙ
2145 505 2804 568 ΠΑΡΑΠΡΕΣΒΕΙΑΣ.
2846 555 2854 562 .

486 635 613 698 λιως
632 630 719 689 διὰ
745 629 803 688 σὲ
829 629 1241 710 τεθορυόημένης
1260 629 1465 688 καὶτῶν
1503 630 1781 701 Ἀθηναίων
1807 632 2034 690 ὁπλιτῶν

486 722 544 779 οὗ
581 718 867 800 παρόντων,
888 721 1170 780 Θετταλῶν
1195 719 1249 777 δὲ
1275 717 1531 790 Θηὸαίοις
1549 717 1915 798 προσθεμένων
1945 716 2031 776 διὰ

406 837 461 877 32,
490 807 584 878 τὴν
614 805 866 884 ὑμετέραν
895 804 1143 864 ἀδουλίαν
1182 805 1271 862 καὶ
1298 805 1393 876 τὴν
1420 805 1545 885 πρὸς
1569 805 1793 872 Φωκέας
1824 805 2034 885 ἔχθραν,

486 896 520 965 ἢ
554 897 861 974 προϋπῆρχε
886 893 1172 957 Θετταλοῖς
1195 893 1254 950 ἐκ
1280 894 1517 949 παλαιῶν
1542 889 1743 971 χρόνων
1758 891 1842 949 ὅτε
1866 893 2034 949 αὐτῶν

486 981 603 1048 τοὺς
630 979 854 1061 ὁμήρους
876 977 1123 1044 λα6όντες
1140 982 1348 1044 Φωκεῖς
1364 977 1715 1050 κατηλόησαν,
1740 977 2022 1037 Φαλαίκου

486 1068 540 1127 δὲ
586 1067 709 1147 πρὶν
749 1066 842 1143 ἐμὲ
881 1067 1045 1124 ἐλθεῖν
1079 1065 1172 1122 καὶ
1203 1063 1467 1144 Στέφανον
1505 1064 1598 1123 καὶ
1641 1063 1901 1143 Δερκύλον
1945 1062 2036 1124 καὶ

486 1155 602 1222 τοὺς
622 1152 995 1236 Ἀμφικτύονας
1018 1151 1263 1231 πρέσὸεις
1286 1150 1669 1222 ἀπεληλυθότος
1690 1151 2032 1227 ὑποσπόνδου,

490 1243 603 1319 (141)
626 1239 977 1320 Ὀρχομενίων
1001 1237 1054 1296 δὲ
1068 1237 1361 1317 περιφόὸων
1384 1238 1543 1296 ὄντων
1570 1237 1661 1298 καὶ
1688 1237 1910 1318 σπονδὰς
1931 1242 2037 1303 τοῖς

489 1326 727 1405 σώμασιν
758 1325 1083 1397 αἰτησάντων
1113 1324 1249 1382 ὥστε
1273 1325 1516 1382 ἀπελθεῖν
1544 1326 1603 1382 ἐκ
1644 1328 1737 1394 τ’ἦς
1760 1323 2036 1396 Βοιωτίας,

407 1429 461 1467 ⁴0
485 1413 895 1494 ’παρεστηκότων
920 1411 1013 1489 μὲν
1042 1414 1143 1469 τῶν
1168 1409 1423 1482 Θηόαίων
1444 1410 1732 1490 πρέσὸεων,
1755 1411 2038 1470 ὑπολειπο-

490 1503 649 1576 μένης
668 1501 721 1559 δ’
742 1498 928 1578 ἔχθρας
966 1507 1186 1578 φανερᾶς
1217 1497 1474 1576 Φιλίππῳ
1500 1495 1628 1577 πρὸς
1650 1496 1918 1569 Θηὸαίους
1947 1497 2036 1554 καὶ

486 1585 782 1652 Θετταλούς
797 1632 812 1657 ,
834 1585 947 1644 τότε
984 1587 1252 1642 ἀπώλοντο
1276 1587 1329 1641 αἱ
1356 1582 1562 1661 πράξεις
1588 1588 1645 1642 οὐ
1674 1584 1739 1642 δι’
1764 1584 1875 1661 ἐμέ,
1900 1583 2036 1643 ἄλλα

489 1673 574 1732 διὰ
607 1673 701 1743 τὴν
735 1671 831 1742 σὴν
860 1670 1138 1753 προδοσίαν
1174 1671 1261 1729 καὶ
1293 1670 1389 1742 τὴν
1417 1671 1542 1750 πρὸς
1566 1670 1833 1744 Θηὸαίους
1859 1669 2036 1750 προξε-

488 1761 621 1817 νίαν.
651 1757 873 1834 Μεγάλα
912 1761 957 1816 δ’
986 1749 1133 1832 οἶμαι
1153 1755 1348 1815 τούτων
1382 1755 1485 1832 ἐγὼ
1518 1765 1711 1833 σημεῖα
1747 1755 2034 1824 ἐπιδείξειν.

491 1848 609 1927 (na)
636 1849 702 1905 Ei
724 1844 821 1923 γάρ
851 1869 900 1902 τι
932 1844 1125 1903 τούτων
1162 1842 1346 1914 ἀληθὲς
1373 1834 1434 1914 ἦν
1458 1835 1530 1901 ὧν
1564 1843 1627 1902 σὺ
1647 1843 1845 1920 λέγεις,
1874 1867 2036 1914 κατη·

490 1933 673 2014 γόρουν
704 1931 766 1990 ἄν
802 1955 901 2007 μου
930 1931 1147 1992 Βοιωτοὶ
1174 1930 1261 1988 καὶ
1302 1929 1536 1988 Φωκίων
1566 1933 1611 1989 οἳ
1646 1928 1913 2010 φεύγοντες
1928 1977 1944 2002 ,
1965 1922 2037 1988 ὧν

490 2021 606 2088 τοὺς
640 2019 733 2096 μὲν
754 2017 1129 2089 ἐξεὸεὸλήκειν,
1154 2018 1271 2082 τοὺς
1290 2016 1333 2074 δ’
1354 2017 1593 2076 ἐκώλυσα
1622 2017 1913 2076 κατελθεῖν·
1947 2022 2036 2074 νῦν

381 2115 449 2163 47
492 2108 541 2167 δ’
560 2107 679 2186 οὐχὶ
697 2106 762 2165 τὰ
784 2105 1059 2183 συμὸάντα
1090 2104 1409 2180 λογιζόμενοι
1424 2151 1439 2176 ,
1461 2103 1597 2162 ἀλλὰ
1613 2103 1709 2175 τὴν
1726 2103 1925 2162 εὔνοιαν
1942 2104 2038 2174 τὴν

490 2191 619 2268 ἐμὴν
644 2193 1025 2272 ἀποδεχόμενοι
1038 2239 1055 2264 ,
1084 2192 1416 2265 συλλεγέντες
1436 2194 1485 2250 οἱ
1504 2190 1775 2270 φεύγοντες
1796 2195 2036 2250 Βοιωτῶν

487 2281 711 2360 ᾕρηνταί
735 2303 823 2356 μοι
848 2281 1172 2358 συνηγόρους,
1192 2279 1375 2350 ἥκουσι
1398 2281 1443 2338 δ’
1460 2279 1565 2337 ἀπὸ
1588 2283 1691 2338 τῶν
1710 2283 1763 2339 ἐν
1787 2282 2038 2340 Φωκεῦσι

486 2368 689 2426 πόλεων
718 2367 986 2447 πρέσόεις,
1020 2366 1106 2434 οὓς
1144 2368 1247 2443 ἐγὼ
1284 2365 1381 2437 τὴν
1414 2368 1595 2446 τρίτην
1632 2367 1915 2448 πρεσὸείαν
1943 2366 2034 2425 ἐπὶ

494 2453 611 2522 τοὺς
642 2453 1021 2530 Ἀμφικτύονας
1043 2453 1341 2532 πρεσὸεύων
1380 2453 1553 2512 ἔσωσα
1588 2454 1821 2514 Οἰταίων
1862 2457 2036 2532 ἐγχει-

492 2539 713 2619 ρούντων
759 2539 923 2616 λέγειν
960 2545 1027 2608 ὡς
1065 2542 1144 2598 δεῖ
1176 2539 1289 2606 τοὺς
1329 2540 1568 2611 ἡὸῶντας
1604 2542 1754 2599 ὠθεῖν
1784 2543 1919 2600 κατὰ
1947 2547 2036 2600 τοῦ

420 2653 445 2690 ι,
488 2631 753 2706 κρημνοῦ,
782 2626 873 2684 καὶ
898 2625 1204 2706 παρήγαγον
1240 2629 1311 2694 εἷς
1347 2627 1463 2692 τοὺς
1492 2626 1862 2706 Ἀμφικτύονας
1903 2625 2036 2685 ὥστε

492 2711 776 2790 ἀπολογίας
808 2721 1000 2792 τυχεῖν.
1042 2711 1106 2771 Ὁ
1144 2712 1238 2788 μὲν
1274 2712 1375 2791 γὰρ
1416 2713 1690 2780 Φάλαικος
1724 2713 2039 2781 ὑπόσπονδος

490 2801 702 2877 ἀφεῖτο,
738 2801 785 2857 οἱ
826 2799 882 2856 δὲ
912 2799 1133 2858 ἀναίτιοι
1176 2799 1515 2869 ἀποθνήσκειν
1546 2797 1781 2874 ἔμελλον,
1816 2822 2034 2876 συναγο-

492 2885 725 2964 ρεύοντος
763 2887 809 2943 δ’
854 2888 980 2962 ἐμοῦ
1022 2885 1363 2957 διεσώθησαν.
1450 2887 1573 2962 (143)
1606 2883 1735 2946 “ou
1775 2887 1819 2942 δ’
1868 2887 2036 2958 ἀληθῆ

488 2973 656 3048 λέγω,
686 2971 838 3031 κάλει
868 2994 956 3048 μοι
986 2971 1253 3031 Μνάσωνα
1289 2971 1377 3030 τὸν
1412 2970 1611 3031 Φωκέα
1637 2971 1725 3032 καὶ
1751 2973 1867 3038 τοὺς
1899 2996 2038 3046 συμ-

488 3057 731 3137 πρέσόεις
756 3058 845 3118 καὶ
866 3057 980 3125 τοὺς
1008 3058 1112 3117 ἀπὸ
1136 3063 1227 3129 τῆς
1248 3063 1351 3117 τῶν
1382 3061 1623 3118 Βοιωτῶν
1642 3065 1803 3139 φυγῆς
1830 3060 2039 3139 ᾑρημέ-

488 3168 621 3212 νους.
648 3145 891 3218 Ἀνάὸηθι
910 3148 1077 3226 δεῦρο,
1096 3145 1297 3225 Λίπαρε
1318 3145 1407 3204 καὶ
1428 3145 1634 3219 Πύθων,
1648 3146 1737 3204 καὶ
1757 3146 1851 3217 τὴν
1876 3147 2039 3218 αὐτὴν

412 3239 463 3278 ¹⁰
491 3231 714 3292 ἀπόδοτε’
740 3257 830 3310 μοι
856 3233 1013 3314 χάριν
1050 3235 1122 3300 εἷς
1150 3230 1245 3304 τὴν
1275 3239 1366 3291 τοῦ
1391 3232 1630 3308 σώματος
1662 3233 1921 3311 σωτηρίαν
1947 3234 2039 3305 ἥν-

490 3343 589 3400 περ
613 3318 715 3395 ἐγὼ
736 3321 879 3396 ὑμῖν.

712 3453 1065 3498 ΣΥΝΗΓΟΡῙΑ
1091 3453 1364 3498 ΒΟΙΩΤΩΝ
1404 3453 1515 3499 KAI
1544 3453 1819 3501 onKEnN.

568 3570 692 3634 Πῶς
710 3557 797 3626 οῦν
826 3571 918 3626 οὐκ
940 3565 1003 3626 ἂν
1025 3563 1163 3626 δεινὰ
1188 3567 1433 3643 πάθοιμι,
1456 3571 1501 3626 εἰ
1522 3573 1927 3647 κατηγοροῦντος
1947 3567 2042 3644 μὲν

489 3653 845 3731 Δημοσθένους
873 3661 966 3714 τοῦ
994 3654 1248 3727 Θηὸαίων
1285 3654 1526 3736 προξένου
1563 3654 1655 3713 καὶ
1689 3655 2042 3734 πονηροτάτου

486 3743 589 3797 τῶν
626 3739 911 3813 Ἑλλήνων,
959 3740 1403 3821 συναγορευόντων
1446 3741 1502 3800 δέ
1544 3764 1633 3818 μοι
1678 3742 1913 3801 Φωκέων
1954 3741 2044 3802 καὶ

487 3829 728 3884 Βοιωτῶν
751 3826 961 3898 ἁλοίην;

569 3932 665 3972 lu.
708 3913 1004 3990 Ἰἰτόλμησε
1022 3914 1064 3971 δ’
1089 3915 1247 3971 εἰπεῖν
1264 3919 1331 3980 ὥς
1356 3914 1458 3992 ’ἐγὼ
1481 3915 1584 3980 τοῖς
1624 3915 1850 3988 ἐμαυτοῦ
1875 3913 2045 3991 λόγοις

489 4001 803 4080 περιπίπτει).
888 3999 1038 4072 Φησὶ
1066 4000 1167 4079 γάρ
1182 4024 1249 4077 με
1290 4005 1474 4077 εἰπεῖν,
1510 4000 1583 4058 ὅτ’
1615 3999 1810 4079 ἔκρινον
1838 4001 2044 4082 Τίμαρ·

486 4109 605 4165 χον,
634 4085 713 4144 ὅτι
748 4085 936 4153 πάντες
976 4087 1093 4145 κατ’
1120 4091 1281 4147 αὐτοῦ
1317 4086 1413 4158 τὴν
1454 4092 1545 4158 τῆς
1588 4087 1825 4166 πορνείας
1868 4088 2044 4165 φήμην

410 4196 461 4235 ιι
488 4174 873 4255 παρειλήφασι,
917 4173 1005 4233 τὸν
1052 4176 1096 4232 δ’
1141 4174 1381 4235 Ἡσίοδον
1422 4172 1643 4246 ποιητὴν
1688 4175 1881 4252 ἀγαθὸν
1922 4175 2045 4234 ὄντα

484 4263 670 4340 λέγειν,

610 4377 755 4438 Φήμη
779 4378 819 4426 δ’
838 4377 961 4432 οὔτις
982 4377 1175 4439 πάμπαν
1198 4377 1449 4425 ἀπόλλυται
1469 4414 1484 4437 ,
1504 4378 1559 4434 ἦν
1576 4393 1680 4425 τινα
1700 4377 1804 4425 λαοὶ

610 4447 771 4494 πολλοὶ
790 4446 1025 4508 φημίξωσι
1040 4461 1051 4474 ·
1081 4447 1179 4502 θεὸς
1201 4447 1253 4494 νύ
1278 4447 1344 4502 τίς
1366 4447 1466 4495 ἐστι
1488 4447 1569 4495 καὶ
1593 4447 1729 4504 αὐτή·

486 4541 582 4612 τὴν
629 4543 673 4600 δ’
726 4541 889 4612 αὐτὴν
939 4542 1131 4614 ταύτην
1174 4542 1286 4600 θεὸν
1329 4542 1473 4614 ἥκειν
1514 4549 1602 4602 νῦν
1658 4548 2044 4622 κατηγοροῦσαν

488 4631 645 4704 ἐμοῦ·
680 4630 881 4697 πάντας
906 4629 1007 4709 γὰρ
1043 4629 1211 4708 λέγειν
1234 4633 1303 4696 ὥς
1342 4631 1592 4710 χρήματα
1626 4631 1733 4709 ἔχω
1760 4629 1904 4710 παρὰ
1938 4631 2047 4689 Φι-

487 4716 701 4776 λίππου.
726 4717 845 4798 (145)
876 4708 957 4778 Εῧ
981 4719 1027 4775 δ’
1049 4717 1178 4791 ἴστε,
1201 4707 1246 4777 ὦ
1270 4716 1547 4792 Ἀθηναῖοι,
1571 4718 1649 4776 ὅτι
1668 4720 1907 4777 πλεῖστον
1934 4717 2046 4776 δια-

406 4824 461 4864 20
489 4803 627 4885 φέρει
651 4803 800 4885 φήμη
820 4804 910 4862 καὶ
935 4804 1273 4885 συκοφαντία.
1340 4805 1510 4881 Φήμη
1538 4803 1633 4882 μὲν
1654 4804 1753 4883 γὰρ
1777 4807 1833 4864 οὗ
1864 4827 2044 4863 κοινω-

488 4891 566 4949 νεῖ
591 4891 839 4970 διαὸολῇ,
873 4892 1089 4963 διοιδολθ·Ι
1123 4892 1176 4950 δὲ
1203 4891 1423 4972 ἀδελφόν
1451 4895 1559 4950 ἐστι
1588 4890 1678 4949 καὶ
1707 4891 2042 4971 συκοφαντία.

489 4980 680 5056 Διοριῶ
718 4978 763 5034 δ’
802 4981 969 5036 αὐτῶν
991 4979 1229 5058 ἑκάτερον
1258 4981 1454 5058 σαφῶς.
1538 4977 1711 5052 Φήμη
1751 4977 1842 5052 μέν
1878 4977 2041 5052 ἐστιν,

491 5057 615 5119 ὅταν
656 5053 735 5120 τὸ.
753 5066 945 5134 πλῆθος
972 5069 1074 5123 τῶν
1115 5068 1339 5124 πολιτῶν
1369 5065 1659 5142 αὐτόματον
1690 5067 1747 5122 ἐκ
1787 5065 2046 5140 μηδεμιᾶς

490 5148 795 5229 προφάσεως
817 5151 941 5230 λέγῃ
964 5151 1078 5211 τινὰ
1102 5156 1171 5216 ὥς
1183 5152 1531 5230 γεγενημένην
1550 5150 1733 5230 πρᾶξιν
1750 5175 1764 5188 ·
1787 5173 2042 5232 συκοφαν-

459 5235 572 5294 ἃ’τίιιι
600 5240 647 5296 δ’
686 5237 845 5318 ἐστίν,
877 5239 999 5298 ὅταν
1021 5239 1157 5320 ζπρὸς
1192 5241 1308 5307 τοὺς
1350 5237 1567 5305 πολλοὺς
1609 5231 1677 5306 εἷς
1706 5237 1837 5318 ἀνὴρ
1873 5239 2041 5296 αἰτίαν

3407 511 3638 588 (tm-³¹
3653 519 3688 587 η

2124 652 2274 702 quum
2293 642 2648 692 Atheniensium
2671 643 2877 706 legiones
2899 658 2994 694 non
3017 643 3264 708 adessent,
3301 659 3458 708 quum
3473 647 3690 696 Thessali

2129 741 2180 777 se
2218 741 2330 777 cnm
2352 729 2588 780 Thebanis
2609 731 2995 794 conjunxissent,
3019 733 3212 795 propter
3247 735 3459 782 vestram
3485 735 3692 782 cuncta-

2133 820 2312 870 tionem
2335 823 2481 884 atque
2511 823 2676 872 odium
2714 824 3053 884 Phocensium,
3071 824 3204 888 quod
3230 825 3293 874 ab
3323 825 3538 887 antiquis
3559 828 3689 874 tem-

2125 913 2321 974 poribus
2337 915 2386 964 in
2425 929 2508 966 eos
2528 917 2780 979 gerebant,
2823 918 2958 980 quod
2982 919 3250 969 Phocenses
3279 932 3449 968 eornm
3491 919 3691 970 obsidet

2125 1010 2346 1070 acceptos
2369 1008 2576 1059 fustibus
2595 1010 2656 1060 ad
2680 1013 2886 1061 mortem
2903 1013 3207 1074 cecidissent,
3249 1027 3402 1076 quum
3429 1015 3690 1064 Phalaecus

2126 1101 2238 1150 ante
2281 1114 2442 1150 meum
2457 1137 2470 1162 ,
2527 1104 2780 1167 Stephani,
2825 1105 3015 1167 Dercyli
3075 1109 3442 1168 ceterorumque
3505 1107 3690 1169 legato-

2127 1207 2260 1254 rum,
2281 1195 2368 1258 qui
2391 1195 2452 1244 ad
2479 1198 2852 1260 Amphictyonas
2875 1199 3005 1249 missi
3023 1200 3189 1261 erant,
3213 1200 3476 1249 adventum
3507 1213 3594 1262 per
3613 1202 3690 1250 in·

2125 1285 2291 1336 ducias
2316 1286 2536 1339 dimissus
2560 1292 2712 1352 esset,
2737 1287 2865 1353 (141)
2893 1306 3044 1355 quum
3073 1293 3382 1342 orchomenii
3415 1295 3550 1342 metu
3571 1307 3687 1356 per-

2125 1379 2278 1428 territi
2293 1416 2309 1440 ,
2341 1380 2498 1430 salute
2535 1383 2815 1444 corporibus
2847 1384 2945 1434 suis
2973 1386 3141 1447 pacta,
3167 1385 3368 1448 polliciti
3401 1389 3589 1447 essent,
3635 1399 3689 1436 se

2126 1472 2309 1521 Boeotia
2339 1485 2648 1536 excessuros,
2689 1489 2841 1538 quum
2873 1476 3208 1526 Thebanorum
3253 1478 3398 1540 legati
3437 1481 3684 1540 astarent,

2125 1577 2276 1626 quum
2291 1567 2454 1627 aperte
2472 1566 2731 1618 inimicitiae
2751 1569 2956 1631 Philippi
2974 1581 3084 1632 erga
3096 1570 3351 1622 Thebanos
3365 1573 3416 1620 et
3432 1572 3690 1622 Thessalos

2128 1661 2359 1709 restarent
2387 1679 2402 1710 ε
2431 1663 2540 1712 tum
2575 1675 2650 1712 res
2677 1664 2953 1726 perierunt,
2986 1678 3088 1714 non
3108 1667 3304 1728 propter
3337 1679 3446 1728 me,
3473 1666 3561 1716 sed
3597 1681 3684 1729 per

2125 1754 2258 1802 tuam
2273 1753 2590 1816 proditionem
2621 1759 2670 1806 et
2688 1757 2948 1808 amicitiam
2963 1772 3080 1808 cum
3113 1759 3366 1808 Thebanis,
3391 1762 3579 1809 Harum
3599 1772 3692 1822 ego

2126 1858 2288 1895 rerum
2299 1859 2376 1896 me
2384 1861 2558 1910 magna
2572 1853 2851 1912 argumenta
2859 1851 3164 1914 prolaturum
3177 1852 3399 1901 arbitror.
3415 1851 3547 1913 (142)
3563 1854 3690 1901 Natu

2125 1938 2164 1988 si
2181 1938 2297 2000 quid
2314 1952 2480 1988 eorum
2495 1953 2605 2002 quae
2625 1943 2678 1990 tu
2701 1941 2838 2004 dicis,
2856 1955 3026 1992 verum
3043 1945 3186 2004 esset,
3213 1943 3381 1994 Boeotii
3399 1946 3450 1993 et
3469 1943 3689 1993 Phocen-

2125 2031 2250 2082 sium
2284 2032 2448 2082 exules
2465 2045 2544 2082 me
2577 2038 2860 2085 accusarent
2879 2070 2893 2096 ,
2918 2049 3124 2098 quorum
3143 2037 3264 2086 alios
3279 2036 3544 2098 ejecissem,
3563 2038 3690 2086 alios

2127 2124 2190 2173 ab
2211 2126 2354 2175 exilio
2382 2127 2593 2176 revocari
2620 2129 2988 2190 prohibuissem.
3053 2133 3192 2180 Nunc
3211 2144 3308 2180 non
3331 2133 3513 2180 eventu
3563 2145 3687 2180 con-

2126 2217 2332 2268 siderato
2349 2254 2364 2279 ,
2387 2219 2470 2268 sed
2493 2220 2652 2270 studio
2672 2235 2782 2270 meo
2821 2223 3149 2284 comprobato,
3171 2222 3462 2274 Boeotiorum
3481 2225 3689 2273 exulum

2127 2311 2380 2360 concilium
2399 2312 2656 2363 advocatos
2679 2315 2797 2364 mihi
2819 2315 3016 2364 creavit.
3051 2314 3236 2365 Adsunt
3255 2317 3302 2364 et
3322 2328 3349 2365 e
3369 2315 3690 2365 phocensium

2129 2404 2330 2454 urbibus
2355 2405 2496 2466 legati
2511 2443 2526 2466 ,
2555 2420 2678 2468 quos
2700 2421 2786 2471 ego
2811 2409 2952 2459 tertia
2975 2408 3035 2458 ad
3062 2409 3432 2471 Amphictyonas
3451 2409 3692 2470 legatione

2129 2500 2426 2560 conservavi,
2447 2513 2600 2563 quum
2621 2502 2768 2550 OEtoei
2793 2503 3068 2564 censerent,
3089 2501 3292 2564 puberes
3307 2499 3368 2550 de
3386 2514 3506 2563 rupe
3521 2503 3692 2563 praeei·

2127 2592 2348 2654 pitandos
2378 2607 2506 2656 esse,
2545 2597 2690 2657 atque
2719 2595 2780 2644 ad
2806 2595 3177 2658 Amphictyonas
3197 2593 3408 2655 adduxi,
3435 2595 3493 2642 ut
3525 2595 3598 2644 eis
3620 2595 3690 2645 di·

2131 2682 2266 2730 cendi
2287 2696 2373 2745 pro
2385 2697 2436 2732 se
2449 2686 2658 2746 potestas
2671 2685 2882 2735 daretur.
2905 2689 3026 2737 Nam
3045 2688 3288 2739 Phala-cus
3302 2694 3535 2753 tyrannus
3545 2691 3693 2738 certis

2129 2775 2476 2825 conditionibus
2507 2776 2728 2827 dimissus
2752 2781 2883 2840 erat,
2919 2779 3192 2830 bominibus
3217 2783 3380 2831 autem
3415 2783 3692 2832 insontibus

2128 2866 2328 2915 exitium
2352 2867 2659 2930 imminebat,
2680 2869 2764 2931 qui
2797 2882 2874 2916 me
2901 2869 3232 2931 patrocinante
3247 2871 3362 2919 sunt
3383 2871 3684 2920 comet-vati.

2133 2959 2260 3020 (143)
2287 2962 2348 3008 Ut
2367 2961 2531 3008 autem
2549 2973 2662 3009 vera
2686 2974 2764 3010 me
2789 2960 2950 3010 dicere
2966 2962 3152 3010 constet
3167 2996 3182 3021 ,
3210 2973 3329 3009 voca
3347 2959 3464 3008 mihi
3491 2963 3694 3010 Mnaso-

2129 3063 2241 3100 nem
2269 3052 2580 3114 Phocensem,
2605 3054 2809 3115 eiusque
2836 3053 3083 3116 legationis
3109 3053 3340 3116 collegaS,
3359 3055 3409 3104 et
3439 3067 3524 3104 eos
3543 3056 3633 3116 qui
3665 3069 3696 3103 a

2131 3144 2310 3192 Boeotio
2349 3145 2492 3194 exilio
2541 3147 2654 3196 sunt
2685 3145 2876 3196 delecti.
2919 3146 3172 3197 Ascendite
3227 3147 3324 3196 huc
3337 3183 3354 3208 ,
3427 3146 3598 3208 Lipare
3641 3151 3694 3197 et

2133 3237 2315 3299 Pytho,
2343 3237 2642 3300 eandemque
2675 3238 2738 3287 ad
2775 3239 2888 3287 vitm
2913 3239 3292 3288 incolumitatem
3325 3238 3446 3288 mihi
3479 3239 3694 3301 gratiam

2132 3330 2303 3380 referte
2317 3365 2334 3388 ,
2355 3329 2502 3392 quam
2516 3343 2604 3392 ego
2621 3330 2756 3380 vobis
2775 3330 2975 3380 contuli.

2248 3459 2595 3500 ADVOCATIO
2627 3459 3018 3501 BOEOTIOBUM
3049 3459 3124 3500 ΕΤ
3154 3458 3571 3500 Pnocnnsum.

2191 3570 2295 3616 Non
2326 3580 2437 3616 vero
2468 3567 2632 3630 inique
2653 3581 2844 3616 mecum
2876 3569 3113 3629 ageretur,
3140 3567 3181 3616 si
3202 3569 3458 3616 accusante
3491 3581 3570 3616 me
3607 3572 3699 3618 De·

2131 3655 2404 3716 mosthene,
2428 3654 2762 3708 Thebanorum
2781 3657 3111 3718 procuratore,
3127 3667 3184 3702 ac
3205 3656 3488 3704 Gtaecorum
3505 3655 3698 3716 impro-

2133 3743 2356 3804 bissimo,
2389 3743 2712 3792 Phocensibus
2738 3745 2900 3792 autem
2919 3745 2969 3792 et
2995 3741 3188 3790 Boeotiis
3209 3741 3325 3790 mihi
3345 3742 3700 3804 patrocinanti-

2133 3829 2250 3890 bus,
2275 3829 2618 3878 condemnarer
2632 3831 2654 3876 ἓ*

2199 3920 2302 3965 144.
2340 3921 2496 3966 Ausus
2516 3930 2658 3979 porro
2675 3918 2747 3965 est
2763 3915 2921 3965 dicere
2935 3953 2950 3976 ,
2975 3916 3095 3965 meis
3118 3916 3266 3977 ipsius
3283 3915 3445 3966 verbis
3462 3929 3544 3966 me
3571 3931 3698 3967 con-

2133 4031 2276 4078 vinci.
2311 4030 2389 4080 Ait
2411 4029 2539 4080 enIm
2563 4043 2642 4078 me
2659 4030 2833 4079 dixisse
2849 4066 2865 4091 ,
2886 4043 3038 4092 quum
3063 4029 3374 4078 Timarchum
3391 4041 3701 4092 accusarem,

2134 4156 2299 4192 omnes
2315 4141 2626 4204 impudicitiae
2657 4143 2834 4191 tamam
2856 4142 2917 4190 de
2933 4155 2990 4191 eo
3013 4142 3248 4203 accepisse
3267 4158 3282 4202 ;
3303 4141 3576 4192 Hesiodum
3603 4157 3701 4192 au-

2135 4259 2233 4306 tem
2256 4257 2558 4318 praestantem
2583 4258 2770 4317 poetam
2789 4255 2972 4316 dicere,

2267 4372 2409 4422 Quam
2423 4369 2574 4424 populi
2590 4378 2740 4414 sermo
2749 4367 2943 4414 celebrat
2959 4367 3132 4418 creber,
3150 4366 3280 4410 irrita
3305 4377 3546 4422 nunquam

2267 4451 2396 4492 Fama
2409 4447 2527 4492 cadit
2543 4448 2734 4504 penitus.
2755 4447 2836 4492 dea
2853 4445 3054 4502 quaedam
3071 4457 3208 4500 quum
3225 4445 3284 4490 sit
3299 4448 3347 4490 et
3363 4445 3471 4501 ipsa.

2137 4543 2346 4594 Eandem
2371 4545 2514 4606 igitur
2547 4544 2688 4594 deam
2718 4556 2848 4593 nunc
2877 4543 3040 4592 venire
3073 4555 3154 4592 me
3187 4544 3493 4604 accusatum3
3525 4555 3708 4596 omnes

2134 4632 2262 4681 enim
2285 4631 2444 4682 dicere
2457 4669 2472 4694 ,
2491 4645 2571 4681 me
2594 4631 2844 4694 pecuniam
2862 4631 3098 4692 accepisse
3115 4643 3145 4678 a
3164 4629 3396 4692 Philippo.
3419 4629 3549 4692 (145)
3571 4633 3706 4681 Satis

2133 4721 2297 4768 autem
2315 4719 2469 4780 scitis,
2497 4719 2802 4768 Athenienses
2817 4755 2832 4778 ,
2851 4717 2976 4766 inter
2995 4717 3173 4766 samam
3199 4718 3250 4765 et
3273 4716 3570 4766 calumniam
3591 4717 3706 4779 plu-

2133 4807 2308 4856 rimum
2358 4807 2598 4856 interesse.
2665 4807 2814 4854 Fama
2863 4805 2992 4854 enim
3049 4817 3161 4853 cum
3201 4803 3536 4853 criminatione
3575 4806 3704 4854 nihil

2134 4893 2276 4942 habet
2311 4907 2568 4943 commune
2609 4913 2621 4941 ι
2659 4892 2930 4942 criminatio
2953 4905 3069 4941 vero
3098 4893 3146 4940 et
3177 4889 3416 4939 calumnia
3449 4903 3708 4952 germanae

2131 4983 2244 5029 sunt
2261 4994 2462 5030 sorores.
2514 4984 2731 5039 Quarum
2749 4983 3003 5041 utramque
3017 4979 3260 5040 perspicue
3275 4975 3523 5026 definiam.
3545 4980 3706 5027 Fama

2131 5070 2229 5129 est,
2249 5081 2400 5129 quum
2426 5068 2684 5117 multitudo
2703 5067 2880 5116 civium
2917 5067 3072 5126 ultro,
3101 5065 3231 5114 nulla
3259 5064 3322 5114 de
3343 5077 3516 5126 causa,
3549 5065 3616 5114 de
3651 5082 3710 5116 re

2131 5157 2292 5220 aliqua
2325 5158 2555 5219 loquitur,
2587 5156 2862 5218 quasisacta
2885 5153 2948 5204 sit
2977 5151 3246 5202 :calumnia
3272 5165 3386 5200 vero
3417 5153 3518 5210 est,
3540 5166 3708 5214 quum

2133 5259 2260 5294 unus
2279 5245 2352 5293 vir
2370 5244 2496 5307 apud
2525 5243 2702 5294 multos
2719 5242 2920 5292 crimine
2937 5241 3172 5302 conjecto,
3192 5240 3292 5288 tam
3310 5237 3360 5287 in
3379 5238 3710 5292 concionibus
