3825 5834
520 431 632 482 826
2000 417 2173 479 ISAEI

511 571 639 608 cum
665 549 834 607 adem
854 593 870 623 ,
899 553 960 606 in
984 570 1094 627 qua
1119 552 1354 607 maritus
1374 549 1608 622 majoris
1635 561 1774 608 esset
1790 593 1807 624 ,
1837 552 2062 607 obstru·
2150 551 2315 606 Istus
2332 553 2646 608 orationem
2668 551 2919 627 scripsit,
2946 569 2981 608 a
3006 551 3187 608 tribus
3206 594 3224 623 ,
3250 552 3326 609 de
3346 553 3543 628 quihus
3556 553 3677 610 dixi·

511 641 708 704 xisset,
740 641 1013 696 inclusum
1055 640 1216 694 illum
1258 641 1664 695 contumeliose
1706 640 1962 694 tractavit
2006 649 2061 694 et

507 727 826 784 interficere
853 739 1086 784 conatus
1121 739 1201 783 est
1237 745 1252 782 ε
1280 727 1383 801 frg.
1407 745 1481 782 αα
1506 769 1522 800 ,
1547 729 1667 782 lsaei
1696 746 1779 784 or.
1815 727 1851 782 8
1883 727 1936 802 S.
1964 733 2059 792 [21.

507 819 612 875 llIe
656 837 792 874 vero
836 818 1120 874 laterculis
1157 817 1445 892 perruptis
1483 813 1624 890 (frg.
1675 815 1778 889 20)
1810 816 1979 869 evasit
2004 825 2063 868 et

509 904 770 960 Dioclem
798 903 870 958 dc
917 905 975 958 vi
1004 904 1409 958 contumeliosa
1437 921 1588 957 reum
1617 903 1751 975 egit.
1785 901 1874 956 Ad
1915 901 2059 955 hanc

508 1007 730 1044 causam
777 990 959 1044 oratio
999 988 1244 1060 pertinet
1285 1004 1456 1060 quam
1503 999 1822 1042 tractamus.
1872 992 2059 1058 Atque

505 1073 581 1131 de
607 1079 831 1133 actione
859 1095 983 1150 qua·
1011 1075 1118 1130 fuit
1155 1071 1350 1150 ὔὸρεως
1389 1076 1652 1150 exposuit
1682 1076 1756 1129 Μ.
1789 1074 1964 1130 Meier
1987 1073 2059 1129 de

501 1163 584 1220 lit.
617 1173 720 1219 att.
743 1181 802 1238 p.
833 1164 942 1228 321.
974 1179 1096 1235 sq.;
1123 1179 1253 1216 nam
1275 1173 1332 1216 et
1347 1161 1459 1216 hoc
1481 1160 1707 1214 videtur
1727 1157 2059 1214 Schoeman-

503 1270 612 1306 nus
641 1250 742 1325 (ad
781 1252 974 1310 lsaeum
1000 1267 1060 1324 p.
1109 1249 1255 1325 400)
1293 1258 1448 1304 recte
1489 1265 1722 1322 negare,
1758 1248 1828 1303 de
1859 1258 2057 1322 stupro

504 1341 743 1415 cogitari
777 1355 961 1414 posse,
993 1349 1048 1394 et
1070 1336 1212 1392 illud
1231 1335 1359 1408 jure
1387 1338 1662 1390 incertum
1685 1334 1890 1405 dicere,
1911 1353 2057 1408 quo-

501 1428 680 1484 modo
727 1427 887 1501 quod
916 1426 1066 1500 apud
1101 1426 1296 1484 Isaeum
1339 1442 1423 1478 or.
1458 1424 1492 1477 8
1521 1422 1556 1497 S
1588 1431 1655 1490 [μ
1691 1433 1772 1478 est
1817 1421 2057 1493 ἠτίμωσε

500 1516 902 1593 explicandum
920 1516 1008 1570 sit.
1028 1516 1161 1570 Haec
1187 1531 1347 1578 causa
1373 1512 1626 1567 nondum
1655 1511 1882 1568 videtur
1893 1511 2056 1584 judi-

499 1617 624 1661 cata
660 1605 829 1660 fuisse
898 1621 1036 1709 cum}
1055 1601 1128 1682 de
1163 1602 1381 1658 Cironis
1413 1601 1720 1657 hereditate
1745 1612 2009 1676 ageretur
2036 1617 2052 1659 :

498 1695 533 1769 S
580 1700 648 1759 [μ
693 1645 896 1749 οὖδέπῗᾷ
951 1683 1139 1747 τουτων
1183 1686 1329 1759 δίκην
1375 1687 1584 1750 δέδωκε.
1625 1692 1890 1746 Maritum
1918 1708 2054 1745 vero

499 1782 728 1838 alterius
763 1779 972 1834 sororis
1013 1781 1364 1852 Lysimenem
1407 1777 1572 1833 fuisse
1609 1777 1777 1834 docet
1820 1778 1929 1853 frg.
1961 1777 2053 1835 25.

503 1873 671 1925 Hunc
700 1869 1050 1942 Lysimenem
1070 1885 1200 1923 cum
1219 1885 1412 1922 servus
1437 1883 1470 1920 a
1495 1864 1692 1924 Diocle
1716 1867 2055 1921 subornatus

497 1959 866 2014 interemisset
917 1953 1072 2034 (Isaei
1125 1974 1212 2012 or.
1261 1955 1296 2012 8
1333 1955 1368 2031 S
1400 1953 1668 2034 41)‚}1ic
1709 1974 1908 2011 sorore
1953 1973 2053 2010 sua

499 2037 664 2094 caedis
709 2035 1028 2100 insimulata
1060 2035 1275 2102 effecit,
1321 2047 1386 2091 ut
1419 2037 1758 2104 Menecrati,
1803 2033 1925 2089 filio
1956 2052 2051 2089 oc-

499 2125 631 2193 cisi,
667 2127 786 2202 ipse
825 2134 983 2180 tutor
1029 2125 1490 2193 constitueretur,
1535 2135 1710 2196 atque
1749 2141 1919 2198 agro,
1950 2125 2050 2196 qui

499 2215 810 2288 Lysimenis
841 2213 1048 2282 suerat,
1079 2214 1154 2268 ita
1209 2213 1385 2286 potiri
1421 2212 1637 2268 studuit
1681 2211 1790 2284 (cf.
1835 2211 1870 2285 S
1900 2208 2047 2288 4¹³),

496 2313 560 2357 ut
581 2319 712 2357 eum
733 2317 849 2354 non
873 2300 1180 2374 Lysimenis
1205 2299 1368 2354 fuisse
1389 2340 1407 2369 ,
1442 2299 1541 2354 sed
1573 2299 1786 2354 sororis
1806 2315 1918 2352 suae
1936 2315 2051 2355 esse

495 2389 725 2448 diceret.
767 2391 909 2446 Nam
953 2407 1082 2444 cum
1121 2406 1179 2443 se
1217 2389 1420 2443 vitrico
1463 2385 1640 2442 filium
1685 2388 2049 2457 instituisset,

491 2477 608 2532 haec
627 2480 836 2534 sororis
854 2477 1008 2534 bona
1029 2475 1100 2532 ad
1121 2495 1174 2532 se
1193 2480 1476 2550 pertinere
1498 2475 1814 2546 dictitabat,
1836 2487 1902 2531 ut
1923 2479 2051 2551 opi-

493 2583 604 2618 nor
633 2583 649 2618 :
696 2563 768 2622 cf.
819 2563 924 2636 frg.
957 2567 1055 2620 25.
1097 2564 1276 2633 Quem
1317 2581 1515 2637 agrum
1544 2571 1608 2616 ut
1638 2573 2002 2634 recuperaret
2028 2604 2044 2632 ‚

491 2651 833 2708 Menecrates
857 2651 1045 2708 Diocli
1069 2650 1224 2705 litem
1247 2649 1491 2706 intendit
1529 2660 1584 2704 et
1608 2650 1867 2704 oratione
1890 2649 2009 2706 lsaei
2027 2690 2045 2718 ,

493 2757 619 2814 quae
664 2739 992 2794 inscribitur
1027 2733 1157 2815 πρὸς
1208 2735 1434 2795 Διοκλέα
1467 2735 1588 2814 περὶ
1629 2732 1864 2814 χωρίου,
1913 2755 2047 2790 usus

493 2837 597 2880 est.
618 2853 698 2866 —
717 2826 902 2882 Tertia
927 2843 1093 2882 soror
1110 2825 1323 2880 Dioclis
1345 2823 1539 2880 Cironi
1555 2821 1727 2878 viduo
1750 2833 2039 2895 nupserat.

493 2914 623 2985 Quo
667 2923 898 2968 mortuo
932 2931 1061 2968 cum
1093 2929 1272 2985 nepos
1300 2929 1368 2966 ex
1407 2909 1554 2984 filia,
1588 2928 1756 2982 quam
1804 2911 1939 2966 Ciro
1978 2928 2046 2967 ex

489 2999 686 3072 priore
706 3017 890 3055 uxore
923 3008 1261 3071 susceperat,
1296 2997 1666 3054 hereditatem
1692 2997 1782 3051 avi
1809 2999 2047 3054 materni

492 3102 597 3140 suo
617 3083 749 3156 jure
772 3095 1023 3160 peteret,
1044 3086 1271 3142 Diocles
1299 3085 1518 3140 Cironis
1547 3094 1816 3158 nepotem
1839 3103 1908 3140 ex
1935 3085 2046 3142 sra-

491 3182 577 3228 tre
595 3171 958 3241 subornavit,
983 3175 1082 3246 qui
1103 3171 1272 3228 filiam
1298 3172 1446 3228 illam
1473 3189 1504 3227 e
1527 3172 1648 3226 cive
1667 3173 1834 3226 attica
1853 3183 2045 3228 natam

488 3276 606 3315 esse
620 3272 847 3336 negaret
863 3273 920 3317 et
937 3260 1308 3318 hereditatem
1331 3261 1480 3316 illam
1493 3260 1597 3314 sibi
1611 3259 2046 3332 adjudicandam

493 3366 610 3406 esse
641 3349 1032 3406 contenderet.
1072 3351 1152 3408 Ita
1182 3350 1248 3405 lis
1268 3351 1361 3406 illa
1389 3349 1457 3405 de
1493 3351 1712 3406 Cironis
1736 3350 2047 3406 hereditate

491 3445 620 3490 orta
636 3445 738 3504 est,
757 3436 816 3490 in
842 3454 952 3510 qua
972 3436 1191 3494 Cironis
1219 3453 1287 3491 cx
1317 3435 1430 3492 filia
1452 3454 1629 3510 nepos
1651 3435 1764 3492 lsaei
1789 3437 2048 3492 oratione

489 3531 688 3578 octava
714 3540 850 3578 usus
877 3532 975 3577 est.
1012 3523 1122 3594 Qui
1155 3541 1283 3578 cum
1313 3523 1526 3580 Dioclis
1551 3523 1712 3576 malis
1745 3521 1962 3577 artibus
1985 3539 2046 3578 se

487 3612 730 3666 maxime
757 3611 948 3666 vexari
997 3611 1337 3684 intelligeret
1381 3622 1438 3665 et
1485 3612 1787 3666 maximam
1821 3621 2043 3685 partem

485 3696 772 3752 bonorum
799 3697 1018 3754 Cironis
1061 3715 1096 3753 a
1120 3699 1322 3754 Diocle
1367 3707 1700 3771 occupatam
1741 3715 1858 3752 esse
1883 3697 2044 3754 vide·

489 3793 580 3838 ret
605 3785 623 3856 (
647 3783 725 3841 cf.
753 3803 834 3839 or.
865 3782 900 3838 8
934 3783 968 3857 §
995 3781 1091 3853 37.
1141 3783 1288 3858 43),
1321 3784 1488 3840 etiam
1511 3785 1772 3840 Dioclem
1801 3784 1862 3838 in
1888 3783 2047 3856 judi-

489 3871 638 3926 cium
669 3881 973 3926 vocaturus
998 3881 1118 3926 erat
1149 3870 1214 3945 (§
1247 3866 1372 3949 44).
1407 3871 1464 3926 Si
1488 3873 1658 3926 etiam
1695 3871 1831 3926 huic
1868 3891 2045 3931 causae

2148 657 2274 693 mus
2295 680 2312 710 ,
2344 639 2441 694 illa
2476 640 2695 696 diversa
2742 640 2851 694 fuit
2892 657 2909 697 t
2946 640 3019 696 de
3054 657 3169 713 qua
3208 659 3269 697 re
3301 642 3673 698 Schoemannus

2148 729 2493 784 minusrecte
2508 727 2728 802 judicat
2750 726 2849 804 (ad
2876 729 3065 787 Isaeum
3090 747 3149 803 p.
3176 727 3339 804 399).
3367 756 3392 780 n
3416 731 3672 787 Smrrxus.

2884 834 2975 884 17.
3765 823 3767 876 !

2224 899 2381 955 Theo
2402 901 2707 974 Progymn.
2733 917 2790 974 p.
2823 897 2951 971 155,
2970 902 3153 959 Walz.
3184 922 3199 958 ι
3232 903 3343 961 Καὶ
3364 901 3675 976 Δημοσθένης
3765 889 3767 896 ἓ

2150 982 2264 1061 (sc.
2294 983 2647 1064 μετενήνοχε)
2684 988 2755 1052 εἰς
2783 985 2868 1044 τὸν
2904 984 3044 1044 κατὰ
3067 985 3284 1047 Μειδίου
3310 988 3378 1046 τά
3415 1009 3474 1046 τε
3508 991 3676 1046 Λυσίου

2146 1070 2236 1130 καὶ
2262 1072 2563 1150 Λυκούργου
2579 1074 2639 1129 ἔκ
2660 1075 2763 1130 τῶν
2782 1075 2875 1142 τῆς
2892 1072 3088 1153 ὕὸρεως
3104 1074 3273 1153 λόγων
3296 1074 3391 1134 καὶ
3414 1074 3485 1133 τὰ
3506 1075 3677 1136 Ἰσαίου

2146 1159 2207 1216 ἔκ
2225 1163 2313 1218 τοῦ
2342 1160 2481 1218 κατὰ
2502 1159 2777 1228 Διοκλέους
2798 1159 3013 1240 ύὸρεως.

2878 1258 2967 1320 18.

2226 1347 2446 1404 Bekkcr
2473 1348 2686 1404 Anecd.
2719 1365 2781 1422 p.
2820 1351 2959 1418 173,
2991 1347 3065 1404 26
3094 1365 3110 1406 t
3144 1345 3529 1425 Συντυγχάνω·
3562 1347 3681 1404 δοτι-
3765 1343 3767 1404 f

2144 1433 2234 1510 κῇ.
2265 1431 2461 1497 Λυσίας
2496 1436 2568 1506 (1.
2591 1432 2816 1509 Ἰσαῖος)
2846 1435 2899 1492 ἔν
2918 1435 2993 1509 τῷ
3012 1431 3150 1492 κατὰ
3176 1434 3457 1500 Διοκλέους
3486 1433 3679 1514 ὖὸρεως·

2144 1543 2168 1568 ⁸
2192 1522 2219 1576 ὃ
2241 1517 2459 1601 ἀδελφὸς
2485 1522 2514 1577 6
2540 1519 2661 1594 ἐμὸς
2698 1519 2787 1578 καὶ
2814 1518 3055 1592 Κτήσων,
3083 1522 3269 1588 οἰκεῖος
3294 1517 3370 1580 ὧν
3410 1525 3555 1598 ἡμῖν,
3584 1545 3683 1580 συν-
3764 1517 3767 1587 l

2143 1608 2455 1687 τυῃρὶνουσι
2476 1611 2550 1686 τῷ
2570 1605 2817 1684 ’Ἕρμωνι
2840 1609 2888 1673 ἒς
2911 1607 3131 1666 Βόθυνσν
3152 1607 3376 1668 ἀπιόντι.
3414 1638 3437 1662 ι-
3460 1612 3545 1670 Cf.
3570 1613 3681 1685 Ly·
3765 1639 3767 1642 ·

2141 1699 2235 1754 siae
2262 1699 2333 1781 fr.
2368 1717 2452 1756 or.
2482 1697 2808 1758 xxxvm.
2832 1697 2871 1752 b
2895 1707 2953 1753 et
2976 1697 3096 1755 Isaei
3120 1697 3224 1774 ἧς.
3259 1697 3355 1756 52.

2858 1811 2881 1848 x
2932 1836 2947 1850 .

2228 1889 2604 1964 Ilarpocratio
2632 1905 2646 1946 :
2678 1889 2847 1964 Διαγ
2864 1812 2935 1967 ο9ρ
2951 1885 3069 1946 εύω
3084 1912 3131 1949 ν.
3153 1886 3350 1958 Ἰσαῖος
3378 1891 3433 1947 ἐν
3452 1892 3528 1968 τῷ
3562 1887 3683 1948 κατὰ

2141 1973 2415 2040 Διοκλέους
2438 1972 2578 2040 ἰδίως
2605 1973 2864 2054 κέχρηται
2876 1977 2951 2054 τῷ
2974 1974 3289 2054 διαγορεύων
3314 1975 3431 2034 ἀντὶ
3457 1983 3547 2036 τοῦ
3582 1976 3683 2034 διά·

2140 2083 2273 2140 ‘popu
2299 2060 2390 2119 καὶ
2424 2062 2482 2119 οὗ
2506 2059 2574 2118 τὰ
2615 2060 2749 2120 αὐτὰ
2775 2062 2960 2140 λέγων.
3048 2061 3127 2122 Τὸ
3165 2062 3398 2121 ἐναντίον
3444 2063 3547 2144 γάρ
3588 2065 3683 2121 ἐστι

2136 2147 2269 2228 παρ’
2296 2149 2439 2224 αὐτῷ
2464 2147 2524 2206 τὸ
2554 2147 2869 2226 διαγορεύειν
2898 2153 2975 2229 τῷ
3004 2149 3391 2228 συναγορεύειν,
3430 2149 3607 2230 ὥσπερ
3633 2151 3683 2207 τὸ
3765 2154 3767 2210 ἶ

2139 2235 2490 2314 συμφέρεσθαι
2522 2239 2596 2315 τῷ
2642 2233 2973 2315 διαφέρεσθαι
3012 2237 3191 2296 καὶτὸ
3226 2239 3685 2314 συμπολιτεύεσθαι
3765 2277 3767 2306 :

2138 2326 2212 2402 τῷ
2248 2321 2695 2382 διαπολιτεύεσθαι
2722 2322 2813 2382 καὶ
2840 2325 2903 2383 τὸ
2934 2330 3230 2404 συμφωνεῖν
3266 2327 3343 2405 τῷ
3368 2325 3661 2406 διαφωνεῖν.

2866 2439 2963 2480 20.
3765 2429 3767 2442 '

2216 2513 2378 2570 Idem
2410 2533 2423 2568 :
2468 2511 3009 2579 Ἐκπλινθεύσας
3054 2513 3168 2572 ἀντὶ
3195 2517 3287 2572 τοῦ
3328 2513 3586 2580 διαλύσας
3610 2511 3687 2570 καὶ

2138 2601 2322 2670 ἐξελὼν
2350 2603 2443 2670 τὰς
2468 2602 2926 2671 πλίνθους”1σαῖος
2952 2605 3007 2662 ἐν
3030 2607 3105 2685 τῷ
3133 2603 3272 2662 κατὰ
3299 2602 3603 2668 Διοκλέους.

2866 2721 2961 2760 21.

2222 2799 2381 2856 Idem
2418 2818 2433 2854 z
2483 2797 3150 2874 Καταδικασᾶμενος
3195 2794 3313 2854 ἀντὶ
3356 2800 3455 2854 τοῦ
3492 2794 3691 2866 νικήσας
3764 2775 3767 2842 ἷ

2140 2885 2231 2946 καὶ
2263 2883 2713 2956 καταδικασθῆναί
2740 2909 2855 2946 τινα
2884 2883 3337 2957 ποιήσας·’]σαῖος
3370 2887 3428 2943 ἐν
3456 2889 3534 2964 τῷ
3568 2882 3691 2944 κατὰ
3765 2965 3767 2968 Ι

2135 2973 2408 3040 Διοκλέους
2435 2971 2652 3052 slepa-24.
2756 2995 2761 2998 ·

2868 3081 2963 3122 22.

2217 3159 2377 3217 Idem
2416 3179 2431 3214 ι
2466 3159 2511 3216 Κ
2538 3157 3064 3238 ατῳκοδόμησεν
3100 3155 3215 3216 ἀντὶ
3241 3161 3333 3214 τοῦ
3365 3157 3693 3216 κατέκλεισεν
3765 3167 3767 3226 ς

2134 3246 2205 3310 εἷς
2232 3244 2429 3322 οἴκημα
2452 3246 2542 3304 καὶ
2566 3246 3075 3314 ἀπέκτεινεν·“Ισαῖος
3092 3247 3145 3303 ἐν
3166 3249 3243 3327 τῷ
3262 3244 3404 3304 κατὰ
3424 3244 3697 3308 Διοκλέους
3764 3229 3767 3276 Ι

2133 3332 2403 3398 πολλάκις.

2864 3433 2936 3491 23

2214 3528 2413 3584 Pollux
2432 3529 2537 3584 vn
2558 3571 2575 3600 ,
2609 3528 2711 3587 151
2740 3549 2755 3588 ε
2779 3529 2889 3590 Καὶ
2912 3529 2973 3588 τὸ
3002 3527 3097 3606 μὲν
3128 3526 3275 3596 ξύλον
3304 3527 3359 3585 ἐν
3389 3519 3439 3610 ᾧ
3464 3527 3696 3586 τοῦλαιον

2136 3611 2368 3680 πιέζεται
2402 3611 2517 3690 ὄρος
2536 3657 2553 3686 ,
2589 3613 2649 3674 τὸ
2676 3614 2732 3674 δὲ
2774 3615 3001 3694 σχοινίον
3039 3607 3083 3696 ᾧ
3127 3615 3193 3674 τὰ
3232 3613 3359 3682 ξύλα
3394 3614 3700 3674 καταόεἶτιιι

2135 3723 2166 3757 τ
2182 3723 2269 3760 οπ
2288 3709 2447 3760 εῑον-
2480 3700 2547 3764 ‘0
2588 3703 2645 3762 δὲ
2672 3704 2873 3786 κρατὴρ
2896 3707 2967 3771 εἰς
2989 3702 3045 3764 ὃν
3075 3706 3299 3784 ἀπορρεῖ
3324 3708 3419 3762 τοῦ
3444 3703 3625 3763 ἐλαίου
3644 3702 3699 3760 τὸ
3765 3711 3767 3736 ¹

2134 3785 2437 3864 πιεζόμενον
2470 3812 2503 3846 τ
2520 3811 2549 3868 ρ
2566 3811 2583 3845 ι
2598 3789 2731 3860 πτή
2752 3812 2799 3867 ρ,
2822 3793 2873 3850 ἐν
2900 3781 2945 3870 ᾧ
2968 3789 3020 3850 δὲ
3044 3789 3138 3854 τὰς
3178 3789 3457 3869 σταφυλὰς
3484 3789 3697 3868 βάλλου-

2134 3894 2217 3932 σιν
2256 3877 2303 3934 οἱ
2337 3879 2626 3954 τρυγῶντες
2668 3875 3283 3958 σταφυλοόολεῖον·
3322 3877 3527 3952 ὁμοίως
3572 3875 3627 3934 δὲ
3660 3865 3699 3955 ᾧ

596 4037 732 4086 vm.
767 4037 1016 4088 CONTRA
1040 4037 1319 4086 DIOCLEM
1349 4038 1432 4088 ΟΒ
1463 4039 1934 4088 CON'I'UMELIAM.

549 4191 895 4245 Demosthenen
913 4205 1038 4253 quoq
1047 4204 1108 4240 ue
1129 4190 1178 4242 in
1201 4125 1464 4242 olitionem
1484 4195 1650 4240 contra
1679 4191 1872 4242 Midiam
1890 4193 2045 4241 trans-

488 4261 605 4311 tulit
627 4273 740 4322 ηοω
759 4259 919 4320 Lysias
941 4264 991 4306 et
1007 4260 1250 4321 Lycurgus
1273 4262 1320 4308 in
1344 4259 1640 4310 orationibus
1671 4259 1732 4308 de
1757 4259 2045 4308 contumelia

485 4337 536 4380 et
559 4333 704 4379 Istrus
723 4330 772 4384 in
789 4329 1002 4378 oratione
1019 4332 1184 4379 contra
1203 4329 1414 4380 Dioclem
1431 4328 1494 4378 ob
1513 4328 1850 4378 contumeliam
1871 4329 2043 4378 factam

485 4401 724 4452 dixerant.
1235 4464 1292 4510 ¹8

549 4538 873 4602 Συντυγχὰνω,
901 4550 1013 4588 cum
1042 4537 1219 4588 dativo.
1253 4540 1407 4588 Isaeus
1431 4539 1479 4587 in
1503 4538 1718 4587 oratioue
1738 4539 1901 4586 contra
1924 4539 2042 4587 Dio·

483 4609 608 4658 clem
631 4609 691 4658 de
709 4608 881 4672 injuria
902 4623 914 4657 :
939 4628 962 4650 «ι
981 4611 1144 4658 Frater
1161 4620 1298 4657 meus
1315 4611 1364 4658 et
1379 4611 1575 4668 Cteson,
1597 4606 1841 4656 familiaris
1863 4611 2043 4669 noster,

491 4679 684 4729 obviam
710 4679 833 4730 liunt
858 4678 1090 4727 Hermoni
1111 4678 1388 4740 Bothynum
1407 4677 1558 4728 eunti.
1587 4697 1611 4722 a

1229 4759 1302 4804 19.

481 4855 512 4872 «-
548 4830 858 4894 Διαγορεύων.
895 4831 1050 4880 Isaeus
1081 4828 1130 4878 in
1153 4828 1370 4878 oratione
1407 4831 1572 4874 eontra
1600 4826 1814 4876 Dioclem
1841 4826 2045 4886 peculia-

487 4900 604 4950 riter
627 4913 743 4948 usus
763 4902 839 4949 est
868 4898 1154 4961 διαγορεύων
1191 4909 1326 4958 voce,
1357 4897 1424 4944 ita
1453 4909 1523 4944 sc.
1546 4899 1602 4944 ut
1623 4895 1685 4944 sit
1713 4894 1925 4944 diversa
1950 4908 2045 4945 nec

485 4967 668 5020 eodem
684 4968 875 5019 dicens.
899 4968 1040 5030 Apud
1057 4981 1170 5018 eum
1189 4966 1317 5016 enim
1331 4963 1614 5028 διαγορεύει»)
1627 4965 1883 5028 opponitur
1898 4964 2046 5014 verbo

489 5037 828 5101 συναγορεύειν,
853 5036 1264 5100 quemadmodum
1279 5037 1518 5086 contraria
1535 5035 1648 5084 sunt
1676 5036 1983 5098 συμφέρεσθαι
1997 5039 2047 5086 et

490 5105 804 5170 διαφέρεσθαι,
829 5107 1264 5170 συμπολιτεύεσθαι
1279 5109 1329 5158 et
1351 5105 1764 5166 διαπολιτεύωθαι,
1785 5108 2045 5167 συμφωνεῖν

491 5183 537 5226 et
564 5176 828 5239 διαφωνεῖν.

2883 4051 2959 4096 20.

2192 4127 2551 4188 Ἐκπλινοεύσας
2562 4167 2577 4194 ,
2600 4131 2789 4182 lateres
2814 4132 3095 4183 dissolvens
3116 4136 3167 4183 et
3179 4145 3249 4182 ex
3268 4145 3427 4184 vnum
3446 4137 3692 4183 eximens.

2132 4199 2283 4248 Isaeus
2309 4201 2358 4249 iu
2379 4204 2593 4253 oratione
2615 4208 2780 4254 contra
2806 4203 3041 4252 Dioclem.

2194 4357 2653 4421 Καταδικασάμενος,
2671 4361 2765 4422 qut
2782 4287 2983 4422 judii-to
3003 4360 3127 4408 vicie
3144 4361 3196 4405 et
3214 4356 3701 4408 condemnationen

2133 4427 2368 4485 alicuius
2391 4443 2426 4478 a
2442 4430 2715 4491 judicibus
2736 4432 3067 4491 impetravit.
3098 4430 3247 4477 lsoeun
3268 4426 3318 4474 ln
3346 4428 3577 4477 oratione
3598 4439 3703 4476 oon·

2132 4497 2207 4544 tra
2226 4498 2451 4548 ,Dioclem
2474 4497 2533 4547 de
2564 4498 2867 4547 eointumelia.

2196 4655 2619 4718 Κατῳκοδόμησεν,
2638 4657 2692 4702 in
2712 4582 3153 4704 domuztainclmic
3174 4656 3225 4702 et
3238 4652 3539 4714 interjecit.
3561 4655 3707 4702 Isaeus

2140 4725 2187 4772 in
2209 4726 2423 4774 oratione
2443 4733 2607 4774 contra
2627 4725 2839 4774 Dioclem
2865 4726 3152 4786 frequenter.

2220 4893 2417 4952 Lignum
2452 4891 2504 4939 in
2540 4904 2635 4950 quo
2666 4890 2823 4938 oleum
2862 4888 3166 4949 exprimunt,
3194 4886 3330 4948 ὄρος.
3364 4885 3503 4934 tuuis
3546 4889 3709 4934 autem

2136 4974 2233 5023 qno
2277 4960 2400 5020 ligna
2440 4959 2665 5020 colligant
2686 4994 2702 5018 ,
2728 4963 2915 5006 τοπεῖον
2955 4959 3184 5012 vocatur,
3237 4957 3402 5004 crater
3442 4959 3619 5004 autem
3660 4953 3707 5001 in

2134 5044 2278 5094 quem
2309 5031 2468 5078 oleum
2488 5041 2765 5092 expressum
2793 5027 2950 5076 influit
2966 5062 2982 5088 ,
3002 5025 3227 5088 τρικτήρς
3250 5037 3339 5074 vas
3366 5023 3419 5074 in
3448 5025 3593 5088 quod
3614 5023 3711 5070 vin-

2134 5099 2425 5149 demiatores
2454 5108 2574 5147 uvas
2596 5098 2887 5159 conjiciunt,
2908 5094 3311 5156 σταφυλοδολεῐον,
3348 5107 3597 5144 uvat-mn
3634 5105 3707 5138 re-

2136 5169 2481 5234 ceptaculum.
2513 5169 2739 5219 Similiter
2760 5166 2897 5216 locus
2918 5165 3001 5214 ubi
3018 5165 3227 5224 calcant,
3248 5165 3405 5222 ληνός,
3440 5163 3710 5219 torcular,
