3825 5834
1412 451 1911 513 FRAGMENTA.

106 595 219 656 λιιόν
242 613 295 672 γε
314 590 367 648 ἓν
386 587 609 666 osseae?
627 585 824 644 τούτων
843 587 947 644 τῶν
966 585 1117 644 ἰδεῶν
1137 629 1155 662 ,
1180 583 1297 643 ἀλλ’
1322 587 1512 656 ἆσθενῆ
1536 583 1627 642 καὶ

108 683 319 743 ἀπίθανον
343 675 463 735 ὄντα
484 677 539 733 ἐν
564 675 797 740 ἁπάσαις
820 678 1053 754 θεωρῶν.

496 811 545 868 1.
598 811 802 869 ΚΑΤΑ
848 808 1189 869 ΦΡΥΝΗΣ.

170 927 439 984 Athenaeus
457 921 630 995 XIII,
656 941 717 997 p.
748 919 887 996 591,
912 923 956 978 E
987 943 1001 977 τ
1024 920 1143 979 Οὔκ
1162 921 1333 997 ἀγνοῶ
1354 916 1407 976 δὲ
1430 915 1509 976 ὅτι
1537 917 1625 976 τὸν

113 1009 483 1090 ἐπιγραφόμενον
512 1009 635 1066 κατ’
684 1009 843 1078 αὐτῆς
882 1005 1071 1067 Εὐθίου
1114 1005 1267 1086 λόγον
1303 1005 1569 1088 Διόδωρος
1599 1008 1628 1064 δ

108 1099 379 1178 περιηγητὴς
400 1093 769 1172 Ἀναξιμένους
786 1093 943 1174 φησὶν
966 1084 1117 1152 εἶναι.
1164 1095 1205 1146 N

170 1185 517 1261 Harpocratio
567 1201 585 1242 :
634 1181 849 1248 Εὐθίας.
893 1181 1185 1260 Ὑπερίδης
1227 1180 1359 1261 ὑπὲρ
1385 1178 1621 1258 Φρύνης.

108 1278 206 1335 Τῶν
224 1274 300 1331 ἐπὶ
328 1269 649 1351 συκοφαντία
678 1269 1105 1348 διαὸεὸλημένων
1125 1261 1189 1340 ἦν
1217 1272 1246 1328 δ
1275 1268 1487 1335 Εὐθίας.
1518 1268 1624 1328 Τὸν

108 1361 249 1440 μέντοι
271 1357 415 1436 λόγον
447 1359 593 1437 αὐτῷ
626 1357 909 1436 (Euthiae)
937 1357 1027 1417 τὀν
1049 1354 1188 1417 κατὰ
1216 1355 1436 1435 Φρύνης
1469 1354 1624 1414 Ἀνα-

110 1451 279 1526 ξιμένην
304 1443 645 1518 πεποιηκέναι
674 1444 831 1527 φησὶν
864 1443 1194 1526 Ἕρμιππος.
1226 1445 1314 1507 Cf.
1342 1445 1623 1522 Hyperid.

109 1559 175 1598 or.
196 1537 379 1596 LVIII.

388 1664 466 1723 ιι.
513 1663 819 1724 ΒΛΕΝΗΣ
862 1663 1279 1724 Erramus.
1446 1615 1485 1670 '⁴

823 1807 859 1844 2

174 1888 378 1960 Argum.
414 1885 474 1939 in
512 1885 700 1942 Isocr.
734 1892 880 1941 orat.
915 1882 988 1939 de
1020 1885 1234 1940 Helena
1263 1899 1278 1937 ε
1318 1877 1530 1938 Βέλτιον
1572 1878 1625 1939 δὲ

114 1970 269 2048 λέγειν,
293 1969 460 2050 ὥσπερ
497 1971 526 2029 ὃ
566 1967 837 2049 Μαχάων,
880 1965 962 2027 ὅτι
1001 1967 1131 2046 πρὸς
1158 1963 1492 2042 Ἀναξιμένην
1536 1967 1623 2026 τὸν

115 2057 421 2136 Λαμψακηνὸν
446 2055 663 2136 γράφει.
751 2053 987 2134 Φέρεται
1018 2053 1072 2113 δὲ
1100 2052 1297 2113 ἐκείνου
1322 2053 1473 2132 λόγος
1491 2098 1507 2127 ,
1530 2051 1625 2113 Ἕ-

114 2146 233 2215 λὲνης
256 2143 493 2221 ἀπολογία
524 2145 730 2222 μᾶλλον
759 2133 891 2201 οὖσα
924 2141 1063 2221 ἤπερ
1094 2140 1370 2221 ἐγκώμιον.

616 2275 725 2334 111.
770 2273 1063 2334 TEXNH.

180 2493 519 2564 Quintilianus
548 2491 661 2562 ΙΙΙ,
695 2499 755 2562 4,
783 2491 819 2548 8
854 2511 869 2545 :
904 2495 1280 2548 Anaxe'menes
1291 2495 1621 2564 judicialem

118 2581 507 2636 etcorzce'onalem
523 2581 823 2653 generales
840 2591 1032 2654 partes
1054 2599 1173 2634 esse
1192 2582 1363 2636 voluit
1372 2601 1394 2647 ,·
1416 2595 1623 2656 septem

118 2682 262 2722 amem
300 2674 519 2741 species,
566 2667 835 2724 hortandi
846 2709 863 2738 ,
906 2667 1263 2735 delict-tandi,
1316 2671 1613 2738 laedendi,

125 2757 445 2828 vituperandi,
496 2758 839 2825 accusandi,
869 2753 1238 2828 dfindendi;
1267 2761 1611 2831 anquirendi,

120 2845 235 2915 quod
250 2839 546 2907 ἐξεταστικόν
574 2845 736 2902 dicit.
781 2867 802 2894 ι
830 2847 958 2900 Hoc
990 2845 1119 2899 loco
1151 2855 1373 2900 constat
1400 2847 1457 2902 P.
1488 2848 1625 2901 Vic-

123 2931 289 2984 torium
312 2947 463 2985 usum
491 2949 629 3001 esse,
658 2941 724 2986 ut
741 2942 921 2987 artem
939 2919 1109 2998 illam,
1150 2949 1275 3005 quae
1294 2933 1623 2988 Alexandro

126 3020 337 3092 inscripta
371 3031 448 3076 est
466 3061 481 3089 ,
510 3020 879 3077 Anaximenis
924 3037 1041 3074 esse
1070 3020 1410 3077 ostenderet.
1444 3023 1623 3093 Quam

122 3107 393 3162 sententiam
420 3125 545 3162 cum
574 3109 645 3164 L.
676 3105 1011 3182 Spengelius
1036 3125 1217 3182 συναγ.
1245 3126 1393 3182 τεχν.
1424 3125 1483 3181 p.
1518 3107 1622 3163 182

124 3205 335 3250 accurata
354 3196 837 3270 argumentatione
861 3191 1244 3250 confiimasset
1256 3206 1315 3251 et
1332 3195 1622 3252 hominum

124 3281 371 3338 doctorum
395 3284 509 3341 fere
530 3285 791 3340 omnium
820 3301 1101 3340 assensum
1133 3285 1350 3340 tulisset
1370 3281 1469 3362 (cf.
1487 3287 1626 3342 We-

124 3380 269 3426 sterm.
290 3374 416 3431 nist.
435 3373 629 3448 eloqu.
647 3373 679 3447 S
695 3372 814 3448 69),
836 3390 1019 3446 nuper
1042 3374 1246 3429 interL
1258 3414 1270 3428 .
1296 3374 1625 3430 Lerschium

126 3459 236 3514 etl..
265 3461 605 3535 Spengelium
642 3462 846 3516 acriter
874 3459 948 3514 de
970 3460 1208 3514 veritate
1230 3461 1378 3515 illius
1402 3459 1624 3532 conjec-

130 3553 231 3598 turae
254 3547 597 3621 disceptatum
620 3559 722 3606 est.
750 3547 1052 3604 Lerschius
1078 3547 1227 3602 enim
1245 3566 1376 3602 cum
1397 3549 1457 3602 in
1477 3548 1625 3602 libro

128 3630 181 3684 de
204 3635 370 3692 studiis
405 3637 785 3712 grammaticis
808 3647 1062 3692 veterum
1098 3636 1166 3710 (α
1192 3654 1253 3710 p.
1288 3635 1439 3709 280)
1475 3635 1623 3692 Aris·

130 3721 311 3775 totelem
346 3735 633 3780 auctorem
676 3724 825 3778 illius
869 3725 1007 3779 artis
1035 3741 1147 3779 esse
1175 3721 1467 3778 ostendere
1506 3733 1622 3777 stu·

132 3801 317 3876 duisset,
344 3805 668 3885 Spengelius
713 3807 835 3880 ejus
883 3820 1219 3884 argumenta
1258 3807 1523 3863 refutavit
1566 3809 1625 3862 in
1664 3761 1676 3876 Ι

494 3978 526 4024 Ι.
560 3977 815 4025 CONTRA
849 3975 1167 4026 PHRYNEN.

136 4135 143 4140 .
178 4093 259 4140 tion
278 4106 373 4144 snm
390 4096 595 4157 nescius,
622 4109 732 4158 quac
769 4101 940 4146 contra
965 4095 1187 4157 Phrynen
1216 4095 1491 4145 inscribitur
1526 4098 1622 4144 Eu-

134 4161 221 4274 3¹⁵⁸?
249 4165 407 4282 omitt»,
440 4179 544 4216 eam
587 4166 899 4216 Anaximenis
940 4180 1043 4217 esse
1079 4166 1319 4216 affirmare
1360 4167 1624 4216 Diodorum

164 4243 283 4292 enege
374 4270 385 4280 .

190 4302 433 4365 Hermipws
468 4305 729 4356 orationem
762 4319 877 4369 quoe
903 4265 1073 4358 contra
1100 4307 1320 4370 Phrynen
1348 4305 1509 4356 habita
1532 4307 1624 4364 est,

138 4381 211 4487 aa:
236 4373 287 4421 ad
322 4375 548 4438 Euthiam,
593 4376 681 4426 sed
713 4379 773 4426 ad
820 4377 1167 4428 Anaximenem
1212 4379 1448 4441 pertinere
1479 4380 1625 4427 testa·

502 4567 563 4615 11.
592 4567 859 4616 HELENAE
888 4567 1219 4617 Lsuomo.

828 4696 873 4739 2.

193 4767 288 4816 Cum
318 4771 561 4825 Machaona
591 4775 751 4827 dicere
780 4782 976 4841 praestat
1015 4779 1271 4828 Isocratem
1305 4777 1501 4828 Helenae
1529 4777 1632 4825 lau-

3155 463 3269 514 4⁴2

1715 585 2154 641 Zimmcrmanni
2183 583 2401 640 diurnis
2445 583 2616 654 1840,
2655 583 2761 652 154
2791 603 2875 660 sq.
2909 588 3112 642 Denuo
3139 605 3274 644 cau-

1716 689 1835 728 sam
1874 690 2038 728 suam
2079 671 2338 728 defendit
2376 672 2670 728 Iaerschius
2711 674 2770 726 in
2813 672 2984 728 Musei
3024 673 3265 730 rhenani

1715 759 1837 819 vol.
1872 780 1895 816 1
1941 778 1999 834 p.
2045 758 2154 829 176
2179 777 2302 833 sqq.
2335 759 2558 815 Deinde
2591 757 2923 834 Spengelius
2951 759 3274 816 adnotatio·

1714 848 1883 903 nibus
1905 849 2185 922 praeclarae
2205 847 2542 902 eruditionis
2559 846 2915 920 plenissimis,
2946 845 3154 922 quibus
3175 868 3272 905 ar·-

1715 947 1823 992 tem
1852 935 2009 992 illam
2033 955 2088 994 a.
2124 935 2272 1002 1844
2310 937 2609 990 illustravit
2638 935 2749 1010 (cf.
2780 935 3102 1011 prolegom.
3129 956 3190 1012 p.
3217 939 3269 994 X

1713 1020 1855 1098 sq.),
1908 1033 2061 1079 certe
2102 1021 2216 1076 hoc
2257 1023 2480 1096 effecit,
2530 1033 2595 1078 ut
2631 1024 2798 1078 etiam
2839 1023 3113 1079 Lerschio
3151 1043 3274 1080 eam

1713 1109 2028 1166 Aristotelis
2055 1127 2174 1166 esse
2211 1128 2331 1166 non
2367 1127 2534 1184 posse
2559 1109 2946 1184 persuaderet.
2996 1112 3107 1183 Qui
3142 1131 3274 1168 cum

1712 1197 1772 1252 in
1816 1197 2044 1272 Bcrgkii
2090 1197 2310 1253 diurnis
2361 1197 2548 1267 1846,
2589 1197 2696 1256 115
2728 1217 2856 1274 sqq.
2891 1217 3044 1257 nunc
3087 1218 3275 1272 neque

1712 1285 2046 1340 Anaximeni
2067 1302 2256 1358 neque
2273 1284 2560 1341 Aristoteli
2581 1301 2640 1340 se
2661 1285 2805 1341 hanc
2828 1295 3005 1341 artem
3019 1285 3276 1341 tribuere

1712 1370 1966 1442 dixisset,
1997 1373 2087 1426 cui
2107 1371 2227 1446 ipse
2255 1370 2528 1426 tribueret
2556 1388 2676 1425 non
2704 1371 2960 1442 dixisset,
2991 1375 3059 1430 L.
3089 1373 3275 1447 Spen-

1714 1459 1892 1534 gelius
1916 1458 2164 1533 denique
2201 1457 2490 1516 in·iisdem
2517 1458 2734 1515 diurnis
2783 1457 2952 1530 1847,
2983 1477 3017 1515 α
3063 1461 3274 1516 Anaxi-

1712 1545 1889 1600 menis
1938 1563 2043 1600 nos
2071 1554 2248 1602 artem
2287 1545 2499 1601 habere
2521 1543 2712 1600 denuo
2745 1543 3014 1601 defendit.
3093 1549 3277 1619 Atque

1711 1631 1830 1687 haec
1876 1632 2144 1689 sententia
2187 1632 2354 1688 etiam
2392 1632 2530 1687 mihi
2573 1631 2801 1688 videtur
2829 1642 3154 1689 constanter
3185 1643 3276 1688 te-
3349 1687 3358 1696 ,

1711 1718 1901 1775 nenda
1928 1736 2064 1776 esse.
2095 1743 2120 1770 ο
2149 1716 2443 1776 Smrrms.

1793 1927 2134 1985 Plutarchus
2179 1929 2396 1986 Public.
2429 1949 2484 1986 c.
2535 1947 2572 2002 9
2617 1946 2632 1987 z
2675 1923 2900 2003 Λέγεται
2941 1925 2994 1984 δὲ
3035 1926 3125 1984 καὶ
3167 1929 3274 1986 τῶν

1715 2010 2042 2085 Ἑλληνικῶν
2101 2012 2389 2096 ἐπιταφίων
2449 2015 2642 2080 ἐκεῖνος
2705 2013 3069 2091 (epitaphius
3083 2056 3102 2086 ,
3154 2035 3274 2091 quo

1715 2105 1797 2160 M.
1832 2105 2088 2162 Valerius
2112 2103 2416 2161 Publicola
2449 2107 2520 2163 L.
2550 2106 2788 2160 Brutum
2814 2103 3093 2178 laudavit)
3119 2102 3276 2181 γενέ-

1723 2193 1843 2248 σθαι
1869 2189 2248 2271 πρεσὸύτερος,
2287 2189 2394 2268 εἴγε
2440 2187 2518 2265 μὴ
2544 2189 2634 2248 καὶ
2668 2192 2824 2248 τοῦτο
2851 2186 3088 2256 Σόλωνός
3116 2191 3278 2262 ἐστιν,

1714 2279 1783 2344 ὣς
1806 2275 2140 2355 Ἀναξιμένης
2163 2280 2192 2336 δ
2221 2275 2396 2358 ῥήτωρ
2422 2275 2717 2356 ἱστόρηκεν.

1776 2482 2048 2552 ’δῑοὴκιιε
2071 2497 2223 2554 Flor.
2254 2491 2554 2566 XXXVII,
2587 2503 2657 2564 44
2690 2514 2704 2550 2
2742 2489 3116 2566 Ἀναξιμένους·
3149 2517 3175 2545 α
3208 2494 3279 2553 Οἱ

1714 2579 1815 2659 γὰρ
1864 2579 2002 2656 μετὰ
2045 2581 2227 2661 φθόνου
2278 2580 2536 2660 ζιρίνοντες
2580 2581 2642 2636 τὸ
2668 2584 2925 2658 πρωτεῖον
2958 2575 3276 2654 ἀπονέμουσι

1712 2675 1820 2734 τοῖς
1846 2668 2126 2750 χειρίστοις
2143 2712 2159 2742 ,
2186 2670 2244 2727 οὗ
2273 2675 2377 2734 τοῖς
2408 2667 2716 2745 βελτίστοις.
2750 2691 2775 2720 ι

1793 2759 1955 2814 Idem
1981 2759 2063 2818 ib.
2094 2759 2440 2828 XXXVIII,
2475 2757 2548 2823 45
2584 2777 2596 2812 :
2626 2757 2738 2814 Τοῦ
2767 2755 2947 2812 αὐτοῦ·
2977 2779 3002 2804 ι
3023 2749 3149 2812 Ὅτι
3177 2760 3282 2833 γὰρ

1716 2841 1782 2899 τὰ
1810 2845 1986 2910 καλῶς
2019 2842 2238 2924 ῥηθέντα
2266 2842 2301 2914 ἢ
2334 2840 2636 2924 πραχθέντα
2664 2837 2750 2898 διὰ
2792 2837 2972 2917 φθόνον
3002 2841 3096 2898 οὐκ
3123 2843 3280 2900 ἐπαι-

1717 2935 1863 2990 νοῦσι
1886 2973 1904 3006 ,
1931 2932 2044 2996 πῶς
2073 2921 2214 2988 οὗτοι
2237 2927 2302 2988 ἃν
2321 2937 2429 2995 τοῖς
2455 2926 2624 3010 ἔργοις
2643 2926 3000 3005 ὠφελήσειαν,
3035 2955 3059 2978 ι·

1799 3019 1960 3078 Idem
1983 3020 2064 3076 ib.
2103 3017 2354 3076 LXXIX
2374 3059 2395 3093 ‚
2430 3019 2501 3090 37
2531 3012 2946 3092 εἈναξιμένους.
2977 3006 3147 3081 Οὗτος
3181 3015 3249 3092 γὰ

1715 3106 1948 3181 μάλιστα
1987 3104 2197 3162 πάντων
2251 3103 2554 3185 φιλοπάτωρ
2589 3101 2751 3178 ἐστίν,
2777 3099 2916 3166 ὅστις
2954 3104 3097 3173 ζητεῖ
3124 3102 3193 3161 δι’
3223 3039 3283 3161 οξ

1715 3191 1880 3266 μηδὲν
1931 3191 2175 3264 λυπήσας
2221 3191 2308 3252 τὸν
2351 3191 2557 3270 πατέρα
2585 3189 2786 3249 πλεῖστ’
2833 3189 2986 3248 αὐτὸν
3033 3188 3283 3271 εὐφράναι

1715 3279 1801 3338 ἄν.
1888 3279 1962 3338 Τί
2005 3280 2107 3359 γάρ
2151 3281 2289 3337 ἐστιν
2319 3279 2636 3358 δικαιότερον
2664 3276 2699 3347 ἢ
2727 3275 2844 3342 τοὺς
2890 3276 3140 3354 γενέσεως
3182 3275 3274 3334 καὶ

1714 3365 1959 3434 παιδείας
1983 3365 2176 3434 αἰτίους
2207 3365 2359 3433 ὄντας
2396 3370 2808 3445 ἀντευεργετεῖν,
2840 3388 2867 3415 ι
2898 3365 3038 3420 Mihi
3081 3365 3284 3421 videor

1714 3474 1978 3512 versuum
2013 3457 2250 3531 vestigia
2276 3473 2604 3531 agnoscere.
2641 3452 2756 3509 Sed
2782 3471 2914 3508 cum
2963 3454 3054 3508 vel
3081 3453 3140 3507 hi
3167 3453 3282 3508 loci

1715 3545 1792 3599 ita
1822 3543 2136 3618 comparati
2159 3544 2273 3599 sint
2291 3584 2308 3613 ,
2333 3554 2398 3598 ut
2425 3544 2599 3615 libro,
2631 3543 2728 3615 qui
2757 3540 2832 3595 ad
2863 3540 3284 3614 philosophiam

1715 3633 2030 3706 pertineat,
2071 3631 2273 3687 melius
2297 3631 2604 3686 convenire
2627 3627 2956 3700 videantur,
3003 3637 3122 3681 tum
3155 3645 3280 3700 quoe

1716 3737 1815 3793 97,
1851 3737 1949 3788 αι,
1975 3736 2049 3774 αα
2083 3730 2139 3773 et
2172 3737 2195 3772 1
2213 3737 2307 3789 17,
2337 3716 2370 3772 5
2398 3718 2686 3792 leg-untur,
2712 3717 2772 3770 in
2800 3715 3059 3770 oratione
3089 3714 3282 3770 locurn

1716 3807 1930 3862 habere
1967 3825 2086 3862 non
2116 3807 2368 3881 potuisse
2395 3803 2562 3862 facile
2589 3811 2847 3877 apparet.
2885 3827 2908 3850 υ
2945 3803 3237 3856 Smrrms.

2380 3971 2462 4018 ΙΙΙ.
2487 3971 2618 4018 ARS.

1781 4145 2037 4196 Affirmant
2054 4146 2197 4195 etiam
2215 4146 2340 4194 hanc
2361 4145 2608 4194 funebrem
2637 4145 2904 4192 orationem
2926 4143 2943 4202 (
2956 4154 3066 4206 qua
3080 4143 3155 4192 M.
3188 4141 3280 4190 Ιά·

1722 4215 1880 4266 lerius
1907 4216 2185 4266 Ptcblicola
2217 4219 2268 4265 L.
2293 4215 2521 4266 Brutum
2548 4213 2822 4276 laudavit)
2867 4211 3048 4262 Graecis
3071 4211 3284 4272 ejusdcm

1719 4285 1902 4348 generis
1929 4286 2247 4348 antiquiorem
2267 4284 2408 4334 fuisse
2423 4320 2438 4343 ,
2459 4284 2552 4334 nisi
2574 4285 2667 4333 boc
2687 4295 2882 4346 quoquc
2899 4281 3086 4332 Solonis
3113 4284 3188 4330 est
3203 4279 3281 4328 in·

1722 4361 1920 4406 ventum
1935 4392 1950 4417 ,
1979 4361 2036 4405 ut
2056 4357 2372 4406 Anaximenes
2391 4355 2552 4405 rhetor
2569 4359 2800 4405 autumat.

1782 4495 2093 4549 Anaximenis
2119 4514 2131 4544 ι
2163 4513 2188 4538 ιι
2215 4497 2335 4544 Nam
2366 4495 2451 4558 qui
2490 4507 2602 4544 cum
2637 4491 2812 4542 invidia
2831 4490 3076 4553 judicant,
3111 4487 3282 4550 princi-

1724 4573 1887 4632 patum
1912 4567 2128 4632 pessimis
2150 4567 2449 4628 attribuunt,
2475 4579 2569 4614 non
2589 4564 2800 4627 optimis.
2831 4581 2855 4604 a·
3210 4626 3220 4636 ι

1783 4639 2092 4688 Anaximenis
2117 4656 2129 4685 =
2168 4655 2192 4678 α
2217 4639 2340 4686 Nam
2365 4639 2448 4699 qui
2474 4636 2594 4685 bene
2622 4634 2749 4683 dicta
2775 4632 2960 4679 factave
2989 4627 3180 4688 propter
3207 4639 3282 4673 in·

1720 4708 1897 4758 vidiam
1921 4721 2019 4758 non
2043 4705 2240 4756 laudant
2254 4742 2269 4768 ‚
2286 4707 2528 4768 quomodo
2549 4705 2618 4754 illi
2641 4716 2692 4752 re
2717 4703 2818 4763 ipsa
2837 4699 3095 4760 juvarent?
3122 4717 3144 4738 »ι

1785 4779 2094 4828 Anaximenis
2115 4792 2129 4825 :
2153 4796 2178 4820 κ
2203 4779 2248 4826 Is
2263 4777 2390 4825 enim
2416 4776 2562 4837 patris
2581 4773 2936 4822 amantissimus
2954 4769 3045 4826 est,
3067 4766 3148 4828 qui
3169 4778 3284 4826 ope·

151 4833 336 4890 dadonem
359 4845 585 4907 scripsisse
612 4846 844 4898 adversus
862 4845 1207 4898 Anaximenem
1236 4850 1630 4909 Lampsacenum.
1729 4861 1830 4897 ram
1866 4848 1954 4898 dat
1990 4846 2238 4910 quomodo
2265 4845 2384 4896 nihil
2426 4843 2601 4894 loedens
2633 4846 2814 4904 patrem
2856 4837 3065 4886 maximo
3104 4834 3286 4884 alliciat

154 4905 275 4966 fflius
298 4913 411 4963 enim
450 4915 599 4970 fertur
626 4918 813 4980 oratio,
856 4931 971 4980 quoe
1000 4917 1215 4968 defensio
1244 4919 1407 4979 potius
1444 4919 1637 4968 Helenoe
1725 4917 1919 4980 gaudio.
1957 4917 2086 4976 Quid
2125 4915 2254 4966 enim
2285 4913 2466 4976 justius
2497 4915 2570 4962 est
2594 4923 2742 4972 quam
2773 4908 2886 4956 vitae
2918 4907 2968 4955 et
2993 4903 3286 4954 educationis

152 4979 203 5022 αἱ
216 4991 334 5038 quam
358 4983 567 5038 laudatio.

1730 4989 2012 5040 auctoribus
2035 4989 2210 5039 reterre
2230 4989 2423 5048 accepta
2456 4984 2517 5032 ab
2540 4983 2598 5032 iis
2627 4979 2894 5030 beneficia?
2920 4996 2945 5019 ι·

278 5309 492 5349 onnouss.
514 5319 556 5354 n.
