3825 5834
564 431 673 480 160
848 419 853 423 ’
1437 421 1873 482 ΔΕΙΝΑΡΧΟΥ
1912 425 1962 482 0
2011 425 2209 484 ΚΑΤΑ
2252 427 2834 489 ΔΗΜΟΣΘΕΝΟΥΣ.
3515 432 3678 500 Ἴαφα.)

464 565 531 616 9-1
557 559 645 626 τῆς
689 555 882 620 πόλεως
924 555 1011 612 καὶ
1057 557 1157 612 τῶν
1212 555 1384 612 ἄλλων
1430 555 1702 628 Ἑλλήνων
1760 553 2091 633 ἀτυχήμασιν

2185 567 2318 627 (nujus
2339 568 2532 616 nomine
2567 569 2698 616 urbis
2721 574 3080 631 ceterorumque
3124 575 3396 620 Grmcornm
3427 572 3566 620 clades
3595 577 3680 622 sunt

554 642 999 721 ἐπιγεγραμμένον
1046 643 1394 722 ἀτιμώρητον,
1445 644 1758 720 εἰλημμένον
1798 643 1882 702 ἐπ’
1933 643 2094 700 αὗτο-
2141 679 2149 696 ·
2187 653 2454 714 inscriptas,
2483 655 2636 715 palam
2657 657 2931 704 convictum
2949 660 3254 718 acceptorum
3281 660 3440 706 contra
3466 658 3676 718 rempubli-

551 728 708 809 φώρῳ
736 730 873 807 δῶρα
902 727 1087 806 ἔχοντα
1115 727 1252 786 κατὰ
1272 732 1365 800 τῆς
1390 731 1611 803 πόλεως,
1641 729 1772 806 μηδὲ
1792 733 1881 799 τῆς
1904 731 2098 804 ἀγαθῆς
2183 755 2288 792 cam
2318 757 2570 794 munerum
2589 781 2602 805 ,
2647 759 2800 807 neque
2827 759 2978 809 quum
3011 759 3098 796 vos
3131 748 3334 796 tor-tunm
3373 748 3611 808 benignitas
3644 750 3682 796 in

550 814 713 892 τύχης
730 817 865 890 ὑμᾶς
889 814 975 872 ἐπὶ
993 813 1052 872 τὸ
1084 814 1283 893 βέλτιον
1299 814 1551 893 ἀγούσης,
1572 816 1661 876 καὶ
1689 815 1774 874 τὸν
1801 813 1897 891 μὲν
1926 815 2095 892 ἕτερον

552 903 653 958 τῶν
683 900 777 970 τὴν
817 900 1044 979 πατρίδα
1081 901 1490 978 λελυμασμένων
1520 907 1577 962 ἐκ
1604 907 1695 972 τῆς
1722 904 1920 967 πόλεως
1947 902 2096 960 ἐκδε-

550 987 820 1059 ὅληκυίας,
842 991 1022 1046 τοῦτον
1046 989 1092 1046 δ’
1112 991 1228 1065 ὑμῖν
1254 989 1553 1047 ἀποκτεῖναι
1580 989 1929 1068 παραδούσης,
1954 987 2098 1044 αὐτοὶ

550 1080 655 1140 τοῖς
698 1083 831 1132 πᾶσι
866 1073 1213 1154 συμφέρουσιν
1252 1077 1625 1152 ἐναντιωθῆτε,
1660 1076 1793 1134 ἀλλὰ
1823 1074 2096 1152 μετοιωνί-

550 1165 707 1218 σασθε
734 1160 828 1227 τὰς
856 1163 949 1229 τῆς
982 1161 1178 1227 πόλεως
1204 1160 1413 1238 πράξεις
1431 1207 1447 1234 ,
1479 1165 1551 1228 εἰς
1583 1161 1794 1228 τούτους
1826 1161 1942 1228 τοὺς
1967 1167 2098 1238 ἡγε-

550 1244 709 1323 μόνας
735 1247 825 1312 τὰς
866 1248 1153 1327 ἀποτυχίας
1188 1249 1485 1328 τρέψαντες.
1574 1253 1663 1328 (ao)
1698 1253 1789 1317 Et<
1825 1253 1969 1308 ποῖον
1998 1249 2098 1326 γὰρ

550 1334 727 1412 καιρὸν
756 1334 1081 1404 ἀποθήσεσθε
1103 1340 1281 1394 τοῦτον
1317 1336 1661 1404 ὑπολαὸόντες
1686 1336 1946 1416 χρήσιμον
1978 1339 2098 1413 ὑμῖν

552 1420 721 1484 αὐτοῖς
759 1419 1001 1490 ἔσεσθαι;
1040 1417 1153 1498 ἔχοι
1189 1443 1268 1487 τις
1302 1420 1365 1479 ἂν
1395 1425 1557 1480 εἰπεῖν
1583 1422 1617 1493 ἢ
1648 1427 1791 1498 ὑμῶν
1820 1420 1981 1493 ἢτῶν
2006 1445 2096 1480 πε-

552 1505 917 1583 ριεστηκότων,
942 1509 1011 1572 εἷς
1038 1515 1163 1564 ποῖα
1193 1499 1336 1574 οὗτος
1359 1508 1647 1588 πράγματα
1670 1508 1914 1568 εἰσελθὼν
1937 1507 2097 1580 ἢίδια

551 1593 585 1662 ἢ
618 1592 763 1652 κοινὰ
790 1595 885 1651 οὐκ
904 1592 1281 1673 ἀνατέτραφεν,
1310 1597 1404 1654 οὐκ
1424 1599 1496 1662 εἷς
1523 1596 1616 1671 μὲν
1637 1595 1731 1667 τὴν
1760 1597 2098 1677 Ἀριστάρχου

551 1680 717 1738 οἰκίαν
757 1679 997 1738 εἰσελθών
1014 1724 1030 1752 ,
1080 1680 1359 1758 βουλεύσας
1408 1683 1523 1758 μετ’
1562 1683 1755 1742 ἐκείνου
1802 1684 1888 1742 τὸν
1935 1687 2095 1743 Νικο-

552 1766 705 1844 δήμῳ
733 1766 950 1825 θάνατον
982 1768 1467 1827 κατασκευασθέντα
1489 1813 1505 1842 ,
1535 1769 1590 1828 ὃν
1615 1769 1725 1828 ἴστε
1750 1771 1938 1835 πάντες
1955 1813 1970 1841 ,
1992 1768 2097 1836 ἐξέ-

474 1869 522 1906 ιυ
551 1854 679 1912 6αλε
706 1852 793 1912 τὸν
817 1851 1159 1933 Ἀρίσταρχον
1186 1856 1272 1913 ἐπὶ
1297 1864 1410 1923 ταῖς
1442 1859 1730 1935 αἰσχίσταις
1754 1857 1979 1931 αἷτίαις;
2008 1855 2096 1914 καὶ

546 1938 763 2020 τοιούτῳ
808 1940 943 2020 φίλῳ
985 1940 1307 2014 Δημοσθένει
1354 1943 1654 2023 ἐχρήσατο,
1693 1942 1826 2002 ὥστε
1870 1942 2096 2019 δαίμονα

550 2029 691 2106 αὑτῷ
719 2031 899 2085 τοῦτον
925 2027 1015 2085 καὶ
1038 2029 1139 2085 τῶν
1170 2031 1523 2105 γεγενημένοιν
1554 2034 1833 2109 συμφορῶν
1866 2029 2096 2106 ἡγεμόνα

546 2114 755 2190 νομίσαι
778 2115 1108 2192 προσελθεῖν;
1132 2115 1225 2192 (at)
1256 2119 1369 2178 Οὐκ
1394 2115 1569 2187 ἐπειδὴ
1589 2121 1663 2198 τῷ
1692 2117 1842 2196 δήμῳ
1866 2115 2097 2192 συμὸου-

547 2200 715 2260 λεύειν
745 2199 964 2280 ἤρξατο,
992 2206 1059 2266 ὡς
1089 2200 1291 2277 μήποτε
1319 2201 1513 2282 ὤφελεν
1542 2203 1756 2284 (ἀφήσω
1789 2203 1891 2281 γὰρ
1937 2203 2093 2259 αὐτοῦ

545 2289 609 2347 τὰ
637 2287 744 2346 ἴδια
766 2309 779 2325 ·
815 2293 843 2347 ὁ
876 2287 975 2366 γὰρ
1016 2293 1198 2366 χρόνος
1225 2290 1318 2348 οὐκ
1346 2288 1640 2368 ἐπιδέχεται
1678 2291 2092 2368 μακρολογεῖν),

547 2375 736 2452 ἀγαθὸν
770 2372 861 2450 μὲν
894 2375 1069 2439 ἅπλῶς
1106 2379 1268 2434 εἰπεῖν
1310 2375 1453 2435 οὐδὲν
1485 2375 1663 2455 γέγονε
1706 2380 1771 2455 τῇ
1810 2375 1997 2449 πόλει,
2043 2377 2094 2434 ἐν

474 2481 522 2519 ιι»
548 2462 797 2526 κινδύνοις
834 2459 887 2518 δὲ
926 2460 1014 2518 καὶ
1060 2467 1236 2527 κακοῖς
1274 2462 1366 2520 καὶ
1394 2462 1571 2541 ἀδοξία
1614 2471 1759 2521 πᾶσα
1788 2465 1823 2532 ἡ
1865 2461 2092 2538 Ἑλλάς,

549 2551 607 2606 οὗ
642 2547 795 2624 μόνον
838 2553 872 2618 ἡ
916 2545 1098 2618 πόλις,
1137 2546 1455 2622 καθέστηκε,
1496 2549 1585 2607 καὶ
1612 2548 1869 2614 πλείστοις
1899 2557 2097 2628 καιροῖς

548 2635 600 2690 ἐν
649 2641 763 2699 ταῖς
806 2631 1143 2712 δημηγορίαις
1185 2633 1448 2712 χρώμενος
1488 2634 1723 2701 ἅπαντας
1766 2637 1934 2714 ἀφῆκε
1983 2635 2095 2701 τοὺς

546 2719 677 2799 ὑπὲρ
718 2723 861 2796 ὑμῶν
906 2718 1143 2798 καιρούς;
1175 2720 1264 2778 καὶ
1288 2724 1338 2780 ἐν
1368 2711 1442 2786 οἷς
1481 2745 1557 2788 τις
1584 2720 1644 2778 ἂν
1670 2721 1935 2802 φιλόπολις
1965 2721 2094 2802 ἀνὴρ

546 2807 636 2865 καὶ
665 2805 905 2883 κηδεμὼν
935 2805 1209 2886 προείλετό
1224 2830 1276 2865 τι
1298 2807 1523 2886 πρᾶξαι,
1556 2815 1802 2868 τοσοῦτον
1832 2807 2038 2877 ἐδέησεν
2067 2813 2094 2866 ὁ

548 2894 857 2972 δημαγωγὸς
891 2895 980 2951 καὶ
1013 2893 1270 2973 χρήσιμος
1296 2893 1483 2952 αὐτίκα
1514 2895 1691 2975 φήσων
1720 2897 1841 2971 ὑμῖν
1875 2900 2096 2972 γεγενῆ-

546 2987 666 3040 σθαι
689 2979 874 3060 πρᾶξίν
898 3003 1011 3037 τινα
1038 2981 1332 3058 προφέρειν,
1354 2979 1488 3040 ὥστε
1526 2980 1749 3048 καὶτοὺς
1776 2981 2095 3059 πράττοντας

547 3067 677 3149 ὑπὲρ
702 3071 846 3143 ὑμῶν
874 3091 923 3124 τι
951 3071 1041 3139 τῆς
1068 3071 1225 3127 αὑτοῦ
1252 3068 1411 3147 τύχης
1434 3067 1741 3140 ἀνέπλησεν.
1780 3072 1871 3146 (aa)
1900 3069 2092 3149 Ἀπῆρε

464 3178 521 3214 ao
554 3155 852 3231 Χαρίδημος
884 3155 1007 3232 πρὸς
1034 3153 1121 3213 τὸν
1157 3158 1374 3235 Περσῶν
1404 3156 1655 3234 βασιλέα,
1684 3155 1940 3235 χρήσιμος
1973 3161 2093 3233 ὑμῖν

546 3245 604 3301 οὗ
646 3242 817 3320 λόγοις
857 3243 976 3300 ἀλλ’
1005 3241 1172 3321 ἔργοις
1204 3243 1515 3321 βουλόμενος
1561 3242 1825 3321 γενέσθαι,
1854 3245 1946 3302 καὶ
1990 3251 2094 3310 τοῖς

546 3330 690 3396 ἰδίοις
714 3338 818 3397 τοῖς
846 3333 1003 3388 αὑτοῦ
1044 3331 1293 3398 κινδύνοις
1318 3334 1440 3408 ὑμῖν
1480 3331 1569 3390 καὶ
1606 3339 1711 3398 τοῖς
1749 3331 1924 3398 ἄλλοις
1958 3329 2091 3392 Ἓλ-

546 3421 667 3489 λησι
697 3417 1003 3496 βουλόμενος
1025 3417 1117 3488 τὴν
1152 3418 1411 3496 σωτηρίαν
1428 3418 1856 3496 παρασκευάσαι·
1880 3419 2092 3499 περιιὼν

544 3497 688 3572 οὗτος
709 3502 844 3563 κατὰ
870 3503 965 3574 τὴν
999 3505 1190 3582 ἀγορὰν
1230 3504 1515 3584 ἐλογοποίει
1535 3507 1624 3563 καὶ
1648 3509 1750 3563 τῶν
1777 3503 2090 3586 πραττομέ-

542 3616 643 3651 νων
689 3591 929 3650 εἰσεποίει
975 3593 1213 3651 κοινωνὸν
1258 3593 1441 3651 αὑτόν·
1487 3593 1622 3652 οὕτω
1659 3593 2002 3673 κατέστρεψεν
2059 3599 2090 3664 ἡ

546 3679 681 3758 τύχη
713 3685 879 3738 ταῦτα
921 3677 1046 3737 ὥστ’
1076 3679 1279 3738 ἐναντία
1308 3679 1538 3757 γίνεσθαι
1574 3689 1680 3747 τοῖς
1718 3679 2087 3759 προσδοκωμέ-

544 3790 662 3832 νοις.
750 3765 839 3844 (aa)
868 3765 1209 3832 Ἐξέπλευσεν
1245 3767 1527 3847 Ἐφιάλτης
1563 3769 1729 3845 μισῶν
1760 3766 1852 3844 μὲν
1885 3773 2089 3840 τοῦτον,

465 3869 516 3908 25
551 3853 961 3930 ἀναγκαζόμενος
985 3855 1036 3909 δὲ
1058 3856 1160 3911 τῶν
1189 3853 1513 3930 πραγμάτων
1540 3862 1825 3912 κοινωνεῖν·
1858 3854 2094 3933 ἀφείλετο

543 3937 633 3996 καὶ
656 3943 837 3998 τοῦτον
866 3943 901 4008 ἡ
925 3937 1062 4018 τύχη
1086 3943 1177 4010 τῆς
1204 3938 1421 4006 πόλεως.
1510 3941 1790 4007 Εὐθύδικος
1812 3944 2094 4021 προῃρεῖτο

544 4023 638 4090 τὰς
660 4023 790 4101 ὑπὲρ
818 4031 908 4084 τοῦ
936 4025 1104 4102 δήμου
1136 4025 1369 4104 πράξεις·
1412 4025 1511 4106 ἔφη
1553 4026 1719 4105 τούτῳ
1761 4026 2094 4100 Δημοσθένης

545 4111 687 4190 φίλος
734 4103 864 4170 εἶναι
886 4133 897 4144 ·
943 4104 1085 4179 οὗτος
1134 4113 1392 4173 ἀπώλετο.
1484 4116 1577 4191 (at)
1612 4113 1720 4174 Καὶ
1764 4117 1906 4170 ταῦθ’
1951 4117 2093 4189 ὑμεῖς

543 4204 764 4277 ὁρῶντες
793 4199 884 4257 καὶ
916 4201 1250 4278 ἐπιστάμενοι
1287 4200 1419 4260 πολὺ
1447 4201 1647 4280 βέλτιον
1680 4199 1711 4271 ἢ
1738 4199 1839 4279 ἐγὼ
1866 4203 1925 4258 οὖ
1956 4201 2093 4278 λογί·

542 4289 687 4354 ζεσθε
704 4327 721 4356 ,
748 4288 805 4344 οὗ
835 4292 1108 4346 σκοπεῖσθε
1134 4289 1261 4366 πρὸς
1290 4292 1423 4364 ὑμᾶς
1450 4289 1632 4355 αὐτούς
1652 4333 1668 4364 ,
1697 4287 2094 4366 τεκμαιρόμενοι

552 4372 618 4430 τὰ
649 4375 904 4447 μέλλοντα
929 4375 987 4432 ἐκ
1015 4377 1116 4432 τῶν
1138 4375 1510 4451 γεγενημένων,
1534 4374 1611 4433 ὅτι
1638 4374 1781 4433 οὐδὲν
1802 4366 1946 4441 οὗτος
1969 4375 2096 4453 χρή·

550 4485 701 4539 σιμος
730 4461 844 4520 ἁλλ’
889 4460 923 4530 ἢ
954 4469 1059 4527 τοῖς
1093 4464 1292 4540 ἐχθροῖς
1326 4462 1463 4520 κατὰ
1489 4465 1577 4531 τῆς
1608 4461 1807 4527 πόλεως
1836 4467 2094 4533 συστῆσαι

460 4569 514 4607 an
546 4548 872 4619 κατασκευὴν
906 4547 1084 4626 ἑτέραν
1106 4547 1189 4607 οἵα
1213 4548 1294 4607 ἐπ’
1318 4547 1518 4626 Ἄγιδος
1550 4547 1781 4624 ἐγένετο;
1809 4547 1891 4606 ὅτε
1918 4554 2095 4609 Λακε-

543 4638 801 4712 δαιμόνιοι
834 4636 928 4712 μὲν
959 4637 1183 4702 ἅπαντες
1213 4636 1640 4715 ἐξεστράτευσαν,
1682 4636 1881 4715 Ἀχαιοὶ
1914 4634 1969 4694 δὲ
2006 4637 2094 4694 καὶ

542 4725 745 4784 Ἠλεῖοι
777 4729 877 4783 τῶν
907 4725 1233 4803 πραγμάτων
1265 4723 1587 4795 ἐκοινώνουν,
1615 4727 1848 4802 ὑπῆρχον
1878 4724 1932 4781 δὲ
1966 4723 2094 4792 ξένοι

545 4814 735 4892 μύριοι,
752 4816 1073 4894 Ἀλέξανδρος
1100 4815 1153 4873 δέ
1183 4817 1283 4892 (ὥς
1306 4819 1351 4874 οἳ
1376 4817 1403 4840 *
1422 4815 1691 4894 λέγοντες)
1717 4818 1768 4872 ἐν
1800 4816 1983 4883 Ἰνδοῖς
2013 4807 2094 4891 ἦν,

544 4907 577 4973 ἡ
611 4903 666 4960 δὲ
695 4901 891 4966 Ἑλλὰς
927 4903 1109 4960 ἅπασα
1153 4903 1238 4959 διὰ
1283 4901 1397 4968 τοὺς
1432 4903 1482 4960 ἐν
1515 4901 1706 4982 ἑκάστῃ
1746 4905 1847 4960 τῶν
1893 4903 2094 4962 πόλεων

545 4987 799 5067 προδότας
848 4989 1108 5068 ἀχθομένη
1154 4997 1255 5054 τοῖς
1289 4994 1513 5068 παροῦσι
1545 4991 1849 5069 πράγμασιν
1882 4990 2094 5066 ἠσμένει

2186 831 2354 880 melius
2385 835 2616 894 provehat
2637 869 2652 888 .
2679 835 2826 895 atque
2862 833 3062 883 alteram
3087 835 3250 896 patriae
3281 837 3455 896 pestem
3483 835 3586 882 urbe
3609 839 3685 895 eje-

2186 925 2328 982 cerit,
2351 925 2498 973 istum
2520 927 2684 972 autem
2713 924 2847 972 vobis
2863 925 3179 974 occidendum
3204 925 3474 986 tradiderit,
3499 927 3688 976 omnibus

2187 1010 2405 1060 utilitatis
2461 1011 2724 1061 rationibus
2772 1010 3123 1074 adversamini,
3172 1013 3254 1062 sed
3295 1017 3480 1062 mutatis
3515 1016 3686 1075 auguriis

2187 1115 2260 1151 res
2283 1100 2416 1150 urbis
2447 1102 2664 1165 corrigite
2681 1139 2695 1162 ,
2739 1105 2884 1166 atque
2905 1105 2952 1153 in
2977 1103 3094 1153 istos
3122 1105 3272 1154 duces
3291 1108 3484 1154 eventus
3505 1107 3688 1152 adversos

2185 1193 2466 1242 convertite.
2533 1193 2634 1256 (30)
2661 1194 2728 1244 Ad
2757 1195 2885 1256 quod
2910 1195 3038 1245 enim
3067 1197 3254 1258 tempus
3297 1197 3521 1258 reponetis
3541 1199 3687 1252 istum,

2185 1293 2281 1342 qno
2311 1293 2421 1329 eum
2447 1279 2579 1329 vohis
2601 1281 2708 1329 usui
2747 1281 2962 1331 futurum
2985 1283 3302 1332 existimetis?
3343 1285 3480 1332 Estne
3511 1285 3688 1330 vestmm

2187 1375 2271 1422 aut
2295 1373 2644 1422 circumstantis
2664 1386 2852 1422 eoronae
2873 1375 3124 1434 quisquam
3149 1375 3230 1434 qui
3251 1373 3408 1422 dicere
3433 1374 3588 1436 possit,
3604 1387 3690 1433 qum

2189 1460 2281 1509 isto
2305 1460 2379 1509 vel
2406 1461 2588 1522 privata
2610 1461 2682 1508 vel
2711 1461 2896 1522 publica
2923 1462 3135 1522 negotia,
3153 1461 3235 1510 ubi
3257 1461 3490 1510 tractanda
3503 1459 3689 1520 suscepit,
3778 1475 3779 1478 ¹

2187 1565 2282 1600 non
2310 1553 2573 1601 everterit?
2605 1553 2772 1600 Nonne
2813 1553 2901 1600 iste
2942 1553 3197 1601 Aristarchi
3227 1552 3424 1601 domum
3469 1551 3690 1612 ingressis,

2188 1639 2314 1687 initis
2341 1653 2452 1688 cum
2471 1653 2529 1688 eo
2551 1639 2757 1689 consiliis
2784 1639 2845 1688 de
2868 1639 3112 1689 Nicodemi
3147 1639 3298 1696 caede,
3323 1639 3538 1688 adornata
3563 1639 3629 1685 illa
3647 1651 3690 1683 eo
3778 1661 3779 1666 =

2186 1743 2329 1792 quem
2355 1742 2522 1779 omnes
2561 1730 2711 1779 nostis
2733 1731 2877 1779 modo
2893 1767 2907 1788 ,
2935 1731 3258 1779 Aristarchum
3285 1731 3491 1779 maxima
3513 1743 3610 1777 cum
3639 1729 3692 1776 in·

2185 1816 2328 1866 famia
2347 1818 2520 1878 ejecit?
2553 1821 2595 1866 ts
2613 1817 2756 1878 igitur
2775 1818 2858 1866 tali
2879 1817 3034 1866 amico
3057 1829 3174 1865 usus
3195 1823 3264 1866 est
3300 1817 3628 1874 Demosthene,
3645 1816 3688 1861 ut

2185 1909 2427 1958 existimet
2455 1907 2594 1957 istius
2625 1921 2872 1957 accessum
2909 1920 3004 1956 non
3033 1906 3160 1956 aliud
3193 1908 3337 1956 tuisse
3371 1921 3508 1968 qnam
3549 1905 3693 1954 maln-

2183 2001 2422 2062 quendam
2457 2001 2650 2064 genium
2679 2002 2730 2050 et
2760 2003 2974 2050 ortarum
3011 2000 3332 2050 calamitatum
3373 1999 3536 2048 ducem
3573 2002 3688 2058 atque
3778 1985 3779 2046 Ῐ

2183 2091 2449 2137 auctorem.
2497 2088 2596 2150 (31)
2623 2091 2818 2148 Nonne,
2837 2100 2990 2149 quum
3013 2087 3185 2148 populo
3209 2086 3412 2136 suadere
3429 2085 3574 2147 erepit,
3593 2083 3691 2144 quod
3778 2145 3779 2148 Ἴ

2185 2176 2368 2225 utinam
2400 2188 2652 2237 nunquam
2693 2175 2870 2223 factum
2905 2175 3034 2222 esset
3067 2175 3214 2236 (narn
3257 2174 3442 2236 privata
3473 2174 3568 2232 eJus
3597 2171 3692 2218 mala
3778 2219 3779 2222 ,

2183 2266 2399 2314 omittam
2420 2279 2435 2325 3
2458 2267 2648 2326 tempus
2668 2265 2794 2314 enim
2813 2265 3128 2326 prolixitatem
3146 2265 3375 2313 orationis
3391 2277 3480 2312 non
3497 2263 3685 2324 patitur).

2184 2357 2296 2408 boni
2341 2357 2536 2418 quidem
2585 2357 2782 2406 omnino
2817 2357 2933 2405 nihil
2967 2355 3242 2419 reipublicae
3271 2357 3491 2418 contigit,
3531 2355 3572 2402 in
3599 2354 3688 2414 peri·

2183 2446 2303 2494 culis
2324 2457 2438 2495 vero
2457 2446 2507 2494 et
2543 2443 2679 2492 malis
2701 2447 2749 2493 et
2770 2443 3029 2506 ignominia
3053 2447 3153 2492 tota
3183 2443 3368 2492 Graecia
3387 2480 3401 2504 ,
3441 2456 3528 2490 non
3550 2447 3694 2490 tantum

2187 2538 2347 2586 nostra
2386 2535 2498 2584 urbs
2515 2569 2529 2594 ,
2552 2536 2734 2584 vemta
2772 2535 2873 2583 est?
2899 2537 2948 2582 et
2977 2546 3129 2596 quum
3155 2533 3375 2595 plurimae
3395 2535 3437 2582 ei
3455 2571 3468 2591 ,
3487 2536 3588 2580 dnm
3609 2545 3696 2579 con-

2189 2627 2350 2676 ciones
2383 2625 2577 2683 habuit,
2613 2625 2884 2674 occasiones
2925 2623 3100 2672 oblalae
3153 2623 3326 2671 tuerint
3346 2661 3362 2682 ‚
3397 2636 3554 2671 omnes
3591 2621 3697 2668 nohis

2190 2718 2328 2767 utiles
2345 2717 2618 2766 occasiones
2645 2716 2883 2776 neglexit?
2899 2715 3085 2774 Quibus
3109 2727 3246 2776 porro
3269 2714 3556 2775 temporibus
3575 2714 3697 2759 honus

2183 2807 2301 2856 civis
2323 2809 2405 2856 aut
2435 2807 2712 2868 reipublicae
2747 2805 2986 2854 studiosus
3009 2804 3188 2866 aliquid
3226 2805 3484 2865 gerendum
3507 2801 3695 2861 suscepis-

2183 2902 2284 2959 set,
2309 2899 2370 2948 iis
2391 2901 2574 2949 tantum
2598 2899 2751 2947 abluit
2789 2900 2844 2947 ut
2866 2898 2954 2946 iste
2975 2898 3136 2960 populi
3159 2897 3278 2955 dux,
3297 2899 3383 2959 qui
3404 2911 3454 2948 se
3469 2911 3570 2946 mox
3589 2895 3698 2944 vobis

2185 2993 2352 3043 utilem
2399 2993 2544 3042 fuisse
2572 2992 2726 3053 dicet,
2757 2991 2992 3041 actionem
3027 2991 3236 3053 aliquam
3271 2993 3523 3052 proterret,
3557 2995 3602 3038 ut
3633 2999 3698 3036 eos

2187 3079 2336 3126 etiam
2361 3077 2444 3139 qui
2477 3076 2656 3139 aliquid
2696 3076 2823 3138 quod
2857 3089 2885 3125 e
2919 3089 2970 3124 re
3001 3078 3156 3126 vestra
3183 3081 3342 3139 esset,
3366 3078 3602 3139 gerebant,
3633 3087 3700 3122 sua

2183 3167 2374 3215 fortuna
2415 3165 2694 3228 oppleverit.
2745 3165 2844 3226 (32)
2888 3163 3284 3213 Proficiscebatur
3329 3165 3624 3215 Charidemus
3651 3161 3697 3208 ad

2189 3257 2435 3303 Persarum
2469 3265 2626 3315 regem
2643 3288 2658 3312 ,
2685 3264 2838 3314 quum
2869 3251 3089 3314 prodesse
3113 3251 3245 3300 vobis
3270 3267 3368 3301 non
3397 3253 3546 3302 verbis
3573 3250 3642 3298 sed
3664 3263 3702 3294 re

2185 3340 2287 3402 ipsa
2313 3341 2534 3401 cuperet,
2563 3343 2615 3388 et
2637 3341 2820 3400 privato
2849 3351 2938 3387 suo
2969 3337 3177 3399 periculo
3218 3341 3431 3388 vestram
3457 3345 3504 3388 et
3524 3339 3700 3398 reliquo·

2189 3441 2294 3476 rum
2327 3429 2605 3476 Graecorum
2633 3426 2835 3476 salutem
2871 3429 3144 3486 procuraret
3169 3441 3181 3474 :
3208 3439 3363 3488 quum
3395 3432 3551 3476 autem
3572 3424 3649 3472 iste
3666 3422 3701 3468 in

2193 3513 2297 3562 soro
2338 3513 2650 3562 obambulans
2677 3511 2821 3561 verba
2849 3512 3025 3560 faceret
3060 3525 3206 3573 seque
3237 3525 3397 3561 rerum
3421 3511 3700 3574 gerendarum

2185 3603 2367 3650 socium
2403 3601 2719 3663 adscisceret,
2746 3599 2817 3648 sic
2845 3613 2922 3649 eas
2947 3599 3135 3649 fortuna
3171 3599 3392 3662 invertit,
3423 3604 3476 3649 ut
3499 3594 3702 3648 contraria

2189 3701 2356 3738 eorum
2395 3701 2503 3751 quze
2541 3683 2941 3750 exspectabantur
2984 3687 3240 3738 evenirent.
3283 3687 3381 3750 (33)
3427 3687 3574 3737 Solvit
3609 3685 3700 3731 hinc

2183 3777 2444 3838 Ephialtes,
2481 3787 2536 3823 ac
2557 3775 2724 3824 oderat
2757 3775 2946 3837 quidem
2973 3775 3051 3824 ille
3075 3775 3222 3824 istum
3240 3811 3256 3835 ,
3279 3775 3364 3824 sed
3394 3781 3547 3824 tamen
3571 3773 3696 3820 actio-

2183 3877 2301 3913 num
2323 3863 2504 3912 socium
2529 3863 2702 3912 habere
2719 3863 2976 3924 cogebatur
3001 3877 3013 3910 :
3040 3862 3182 3912 etiam
3207 3863 3337 3911 hunc
3354 3863 3532 3912 ademit
3547 3863 3705 3910 fortuna

2183 3954 2472 4017 reipublicae.
2507 3953 2799 4015 Euthydieus
2833 3953 2994 4014 populi
3027 3953 3290 4002 commodis
3316 3953 3538 4002 inservire
3573 3951 3706 3998 derre-

2185 4043 2345 4100 verat;
2373 4040 2482 4088 huic
2521 4052 2574 4089 se
2611 4039 2822 4088 amicum
2849 4053 2950 4089 esse
2985 4039 3332 4088 Demosthenes
3367 4039 3602 4102 professus
3621 4037 3705 4092 est;

2184 4129 2225 4176 is
2267 4127 2418 4190 periit.
2455 4127 2551 4189 (³4)
2597 4129 2718 4184 Quae
2754 4138 2908 4188 quum
2945 4138 3028 4175 vos
3055 4126 3258 4175 videatis
3294 4125 3346 4175 et
3385 4127 3546 4174 sciatis
3578 4121 3706 4171 multo

2183 4215 2353 4264 melius
2385 4227 2533 4276 quam
2575 4226 2662 4274 ego
2679 4250 2693 4274 ‚
2725 4226 2816 4262 non
2858 4212 3196 4274 consideratis,
3244 4225 3343 4262 non
3385 4212 3596 4274 cogitatis
3639 4205 3708 4269 ipsi

2185 4302 2425 4351 vobiscum
2445 4338 2458 4360 ,
2477 4301 2538 4349 de
2558 4300 2802 4362 praeteritis
2824 4300 2983 4349 futura
3009 4300 3333 4360 mnjectantes
3347 4333 3363 4359 ‚
3386 4301 3572 4347 nullum
3595 4296 3709 4344 istius

2185 4402 2290 4438 esse
2319 4400 2456 4437 usum
2485 4387 2570 4436 nisi
2605 4391 2660 4436 ut
2688 4387 2894 4436 inimicis
2922 4386 3199 4447 adjumento
3222 4387 3284 4435 sit
3306 4387 3367 4435 ad
3395 4385 3574 4448 aliquid
3599 4378 3708 4430 aliud
3778 4437 3779 4454 ἢ

2183 4477 2296 4524 mali
2329 4478 2494 4524 contra
2523 4475 2866 4536 rempublicam
2902 4473 3274 4536 comparandum
3311 4474 3454 4534 quinte
3493 4471 3603 4520 illud
3639 4468 3712 4516 suit

2183 4565 2276 4614 sub
2306 4565 2447 4626 Agide
2475 4563 2586 4626 (ἐπ’
2608 4563 2747 4624 Αἰγὸς
2771 4561 2940 4622 codd.;
2970 4575 3018 4611 v.
3051 4561 3261 4611 Diodor.
3291 4573 3390 4610 xvir
3412 4595 3425 4619 ,
3455 4561 3560 4622 62),
3582 4568 3712 4619 quum

2182 4654 2232 4700 et
2254 4649 2590 4700 Lacedaemonii
2615 4662 2781 4698 omnes
2804 4661 2914 4696 cum
2947 4647 3156 4697 exercitu
3178 4647 3408 4698 exiissent
3431 4653 3478 4695 et
3500 4645 3650 4694 Achaei
3675 4647 3714 4688 et

2187 4739 2282 4788 Elei
2304 4751 2358 4787 se
2379 4751 2491 4786 cum
2509 4737 2566 4786 iis
2591 4736 2980 4799 conjunxissent,
3015 4738 3066 4785 et
3090 4735 3255 4784 decem
3281 4734 3428 4783 millia
3465 4731 3712 4796 peregrino·

2186 4837 2290 4872 rum
2321 4824 2524 4872 militum
2554 4823 2600 4871 in
2639 4821 2882 4884 procinctu
2917 4824 3097 4879 essent,
3135 4824 3183 4869 et
3215 4819 3486 4868 Alexander
3526 4821 3571 4867 in
3601 4816 3715 4866 india

2181 4925 2286 4961 esse
2317 4911 2571 4972 diceretur,
2599 4912 2648 4960 et
2675 4909 2857 4960 Graecia
2881 4909 3099 4958 universa
3123 4907 3188 4956 ob
3219 4907 3516 4969 singularum
3547 4905 3715 4952 urbium

2187 4999 2448 5060 proditores
2473 4999 2635 5060 iniquo
2662 4998 2823 5046 animo
2844 5009 3002 5046 rerum
3027 4995 3210 5045 illarum
3230 4997 3410 5044 statum
3437 4995 3618 5056 patiens
3643 4989 3716 5036 sli-

550 5074 847 5152 μεταὸολήν
874 5100 991 5134 τινα
1062 5081 1164 5134 τῶν
1198 5082 1372 5137 κακῶν
1402 5081 1507 5137 τῶν
1549 5077 1987 5153 παρεστηκότων,
2021 5111 2096 5122 --
2184 5085 2312 5148 quod
2327 5085 2595 5146 urgentium
2611 5086 2841 5133 malorum
2860 5083 3118 5133 remedium
3132 5082 3458 5144 optaret:(35)
3473 5081 3584 5142 quiet
3602 5079 3716 5125 tum?
3778 5143 3779 5154 γ

464 5178 518 5219 33
552 5164 647 5242 (as)
676 5163 725 5220 τί
746 5153 861 5236 οῧνς
884 5166 935 5222 ἐν
958 5165 1155 5232 τούτοις
1178 5167 1492 5246 τοῖςκαιροῒς
1516 5164 1849 5242 Δημοσθένης
1870 5165 1944 5232 τίς
1965 5157 2044 5238 ἧν,
2069 5170 2096 5224 ὁ
2191 5176 2252 5224 iis
2281 5159 2576 5235 temporibus
2600 5171 2943 5222 Demosthenes
2970 5171 3079 5233 quis
3107 5171 3227 5232 tuit,
3261 5167 3540 5218 consulendi
3571 5167 3715 5214 det-er·
3778 5157 3779 5164 ’
