3825 5834
1517 406 1971 469 FRAMENTA.
3239 420 3354 473 2³9

123 534 349 597 ἔλασσον
385 533 707 615 βλάπτεται·
738 533 843 614 ὅτῳ
864 532 968 612 γὰρ
990 533 1021 589 ὁ
1042 528 1153 597 θεὸς
1184 528 1260 607 μὴ
1290 530 1560 597 παντελῶς
1583 531 1708 609 βού-

122 626 277 683 λεται
310 622 489 703 ἀγαθὰ
513 622 717 681 διδόναι
744 621 892 701 ἀνδρί
912 665 927 694 ,
950 620 1243 700 χρημάτων
1272 619 1494 678 πλοῦτον
1530 642 1706 699 παρα-

122 710 271 791 σχὼν
284 756 301 785 ,
330 715 429 771 τοῦ
450 712 659 791 φρονεῖν
688 708 743 768 δὲ
758 710 929 776 καλῶς
946 710 1150 781 πένητα
1166 707 1421 779 ποιήσας,
1449 706 1509 766 τὸ
1532 703 1705 789 ἕτερον

122 800 455 881 ἀφελόμενος
482 798 749 879 ἑκατέρων
782 796 1157 877 ἀπεστέρησεν.
1199 822 1224 849 υ
1246 798 1330 855 Cf.
1356 798 1503 875 clv,
1535 817 1627 875 19.

860 923 993 975 127.

206 1010 385 1067 Idem
404 1010 549 1081 XX,
578 1010 653 1067 66
673 1026 688 1069 ε
706 1007 1061 1089 Ἀντιφῶντος.
1077 1038 1161 1051 -
1178 1002 1408 1072 stoma:
1431 1004 1489 1065 δὲ
1512 1004 1602 1065 ἰὼν
1624 1002 1711 1063 ἐπὶ

122 1101 211 1160 τὸν
240 1096 483 1169 πλησίον
504 1100 681 1164 κακῶς
699 1096 933 1169 ποιήσων
956 1092 1229 1171 δειμαίνει,
1250 1090 1343 1171 μὴ,
1360 1093 1395 1153 ἃ
1414 1093 1549 1154 θέλει
1568 1098 1715 1166 ποιῆ-

124 1210 239 1261 σαι,
264 1184 534 1267 ἁμαρτὼν
553 1183 777 1262 τούτων,
803 1184 838 1243 ἃ
858 1184 933 1263 μὴ
958 1182 1094 1243 θέλει
1112 1180 1492 1260 ἄπενέγκηται,
1512 1202 1712 1262 σωφρο-

126 1276 403 1355 νέστερος.
438 1276 532 1335 Ἐν
550 1266 595 1355 ᾧ
614 1276 715 1355 γὰρ
736 1273 1015 1351 δειμαίνει,
1042 1270 1243 1349 μέλλει·
1275 1274 1327 1331 ἐν
1348 1264 1393 1352 ᾧ
1416 1270 1470 1329 δὲ
1496 1270 1711 1347 μέλλει,

124 1364 401 1431 πολλάκις
435 1367 464 1421 ὁ
490 1363 579 1423 διὰ
607 1364 769 1442 μέσου
790 1362 975 1443 χρόνος
1006 1360 1303 1440 ἀπέστρεψε
1336 1359 1427 1418 τὸν
1460 1363 1577 1417 νοῦν
1606 1362 1712 1417 τῶν

124 1452 483 1527 θελημοίτων·
505 1452 598 1512 καὶ
620 1455 672 1511 ἐν
694 1450 791 1528 μὲν
816 1450 928 1531 rifi*
956 1454 1269 1529 γεγενῆσθαι
1290 1449 1385 1507 οὔκ
1410 1444 1635 1523 ἔνεστιν,
1660 1448 1715 1505 ἐν

126 1542 181 1599 δὲ
214 1544 303 1622 τῷ
342 1539 566 1618 μέλλειν
594 1539 863 1621 ἐνδέχεται
890 1538 1151 1616 γενέσθαι.
1182 1536 1375 1603 Ὅστις
1410 1536 1465 1597 δὲ
1503 1536 1713 1617 δράσειν

126 1630 225 1705 μὲν
249 1629 435 1689 οἴεται
449 1627 573 1697 τοὺς
598 1627 765 1697 πέλας
786 1630 993 1699 κακῶς,
1030 1626 1305 1686 πείσεσθαι
1332 1624 1377 1683 δ’
1406 1623 1485 1699 οὔ,
1512 1626 1571 1684 οὗ
1602 1649 1711 1686 σω-

126 1723 335 1798 φρονεῖ.
373 1718 627 1784 Ἔλπίδες
650 1718 694 1777 δ’
718 1719 777 1777 οὗ
804 1719 1081 1795 πανταχοῦ
1105 1714 1319 1794 ἀγαθόν·
1350 1712 1575 1780 πολλοὺς
1611 1714 1713 1795 γὰρ

126 1812 387 1865 τοιαῦται
418 1805 627 1871 ἐλπίδες
647 1802 940 1865 κατέὸαλον
964 1804 1035 1869 εἷς
1071 1802 1387 1873 ἀνηκέστους
1413 1800 1715 1881 συμφοράς,

122 1895 157 1952 ἃ
180 1896 233 1954 δ’
265 1894 494 1953 ἐδόκουν
521 1892 627 1959 τοῖς
650 1892 811 1959 πέλας
834 1890 1097 1969 ποιήσειν,
1118 1890 1367 1955 παθόντες
1393 1894 1559 1948 ταῦτα
1590 1892 1716 1949 ἀνε-

120 1982 381 2061 φάνησαν
438 1980 605 2039 αὐτοί.
638 1979 987 2060 Σωφροσύνην
1018 1978 1073 2039 δὲ
1116 1978 1299 2057 ἀνδρὸς
1326 1980 1421 2037 ούκ
1458 1977 1519 2036 ἂν
1557 1977 1717 2037 ἄλλου

120 2067 417 2146 ὀρθότερόν
450 2090 530 2133 τις
570 2066 811 2148 κρίνειεν,
848 2064 882 2136 ἢ
910 2066 1051 2133 ὅστις
1076 2070 1169 2124 τοῦ
1200 2070 1367 2143 θυμοῦ
1398 2068 1513 2132 ταῖς
1544 2088 1718 2143 παρα-

120 2164 325 2237 χρῆμα
358 2156 581 2226 ἡδοναῖς
606 2155 898 2235 ἐμφράσσει
922 2152 1079 2221 αὐτὸς
1112 2153 1297 2213 ἑαυτὸν
1318 2160 1530 2233 κρατεῖν
1551 2175 1607 2211 τε
1628 2152 1719 2213 καὶ

122 2254 287 2326 νικᾷν
319 2242 569 2315 ἠδυνήθη
600 2245 752 2311 αὐτὸς
780 2242 986 2303 ἑαυτόν·
1018 2241 1074 2310 ὃς
1115 2241 1171 2301 δὲ
1216 2242 1355 2303 θέλει
1396 2238 1720 2321 χαρίσασθαι

118 2340 201 2414 τῷ
267 2336 472 2413 θυμῷ,
526 2335 865 2414 παραχρῆμα
916 2330 1053 2391 θέλει
1112 2330 1181 2389 τὰ
1228 2329 1399 2389 κακίω
1440 2330 1559 2389 ἀντὶ
1616 2331 1720 2389 τῶν

118 2422 461 2501 ἀμεινόνων.
490 2448 518 2474 ¹·

867 2525 999 2584 128.

207 2634 385 2689 Idem
398 2632 667 2701 LXVIII,
686 2629 757 2703 37
776 2628 1246 2708 εἎντιφῶντος.-
1262 2652 1288 2678 σι
1303 2624 1451 2707 Φέρε
1462 2625 1527 2697 δὴ
1538 2627 1723 2703 προελ·

122 2723 265 2781 θέτω
296 2724 327 2778 ὃ
360 2720 479 2797 βίος
508 2718 581 2783 εἷς
598 2718 658 2777 τὸ
676 2718 897 2797 πρόσθεν
917 2714 1009 2775 καὶ
1028 2714 1219 2793 γάμων
1243 2713 1335 2772 καὶ
1350 2715 1591 2795 γυναικὸς
1615 2716 1725 2773 ἐπι·

122 2807 467 2886 θυμησοίτω.
494 2804 700 2878 Αὕτη-7]
716 2805 913 2887 ἡμέρα,
932 2804 1069 2877 αὕτη
1095 2810 1128 2876 ἡ
1150 2804 1239 2873 νὺξ
1264 2808 1445 2863 καινοῦ
1477 2803 1723 2883 δαίμονος

122 2899 325 2976 ἄρχει,
346 2897 545 2953 καινοῦ
578 2893 799 2971 πότμου·
818 2894 985 2974 μέγας
1012 2894 1117 2975 γὰρ
1152 2890 1297 2971 ἀγὼν
1318 2892 1494 2979 ,γάμος
1513 2893 1717 2973 ἀνθρώ-

124 3010 239 3065 πῳ.
268 2985 345 3043 Εἴ
364 2980 480 3061 γὰρ
499 2979 651 3061 τύχοι
672 2980 745 3059 μὴ
768 2980 1037 3055 ἐπιτηδεία
1054 2986 1089 3053 ἡ
1103 2980 1435 3060 γαμουμένη,
1455 2981 1508 3040 τί
1529 2980 1635 3061 χρὴ
1652 2986 1717 3061 τῇ

122 3080 396 3152 συμφορᾷ
423 3072 690 3149 χρῆσθαις
708 3072 941 3149 χαλεπαὶ
971 3070 1065 3145 μὲν
1094 3068 1388 3147 ἐκπομπαί,
1411 3068 1526 3136 τοὺς
1546 3068 1725 3149 φίλους

124 3239 267 3289 veris
294 3238 351 3285 te
368 3232 479 3284 ulia
504 3247 561 3283 re
582 3235 772 3297 privari.
794 3235 919 3285 Illud
952 3235 1131 3285 etenim
1162 3242 1269 3296 quo
1292 3233 1404 3296 quis
1442 3246 1533 3283 nec
1577 3246 1692 3283 usus
1714 3270 1730 3295 ,

1799 530 2012 611 ἐχθροὺς
2047 534 2290 591 ποιοῦσαι
2349 530 2439 591 ἰ’σα
2491 530 2696 613 φρονεῖν
2741 528 2833 590 ἴσα
2885 540 3030 591 πνεῖν
3081 530 3364 601 ἀξιώσαντι

1800 622 1890 679 καὶ
1914 618 2183 688 ἀξιωθέντι
2199 639 2213 654 ·
2244 620 2480 701 χαλεπὸν
2505 622 2562 679 δὲ
2595 624 2880 692 κεκτῆσθαι
2895 626 3078 703 κτῆμα
3102 629 3358 698 τοιοῦτον,

1803 710 2052 768 δοκοῦντα
2074 708 2264 782 ἡδονὰς
2281 716 2503 771 κτᾶσθαι
2529 711 2700 777 λύπας
2727 710 2962 785 ἄγεσθαι.
2989 709 3137 791 Φέρε
3162 712 3250 785 δή,
3289 714 3364 791 μὴ

1802 796 1869 855 τὰ
1896 797 2194 877 παλίγκοτα
2239 799 2504 879 λέγωμεν,
2535 799 2770 878 λεγέσθω
2809 801 2878 857 τὰ
2916 798 3130 861 πάντων
3179 802 3365 875 ἐπιτη-

1805 885 2070 951 δειότατα.
2089 886 2160 948 Τί
2177 886 2277 970 γὰρ
2293 888 2438 961 ἥδιον
2465 887 2722 968 ἀνθρώπῳ
2736 888 2977 965 γυναικὸς
2996 890 3360 965 καταθυμίας;

1802 975 1855 1034 τί
1886 975 1942 1036 δὲ
1984 975 2328 1055 γλυκύτερον,
2355 977 2528 1045 ἄλλως
2555 1001 2613 1037 τε
2639 977 2732 1037 καὶ
2763 976 2899 1058 νέως
2934 978 2988 1035 ἐν
3019 980 3097 1057 τῷ
3139 980 3284 1058 αὐτῷ
3309 979 3366 1038 δέ

1803 1086 1862 1143 γε
1893 1062 2094 1145 τούτῳ,
2144 1062 2265 1125 ἔνθα
2313 1064 2376 1126 τὸ
2405 1066 2504 1139 ἡδὺ
2531 1066 2732 1142 ἔνεστι,
2777 1064 3004 1137 πλησίον
3042 1087 3148 1125 που
3187 1068 3278 1127 καὶ
3309 1068 3378 1129 τὸ·

1804 1150 2054 1231 λυπηρόν·
2080 1154 2136 1212 αἱ
2163 1152 2268 1235 γὰρ
2295 1154 2480 1225 ἡδοναὶ
2508 1156 2604 1213 οὐκ
2643 1154 2732 1213 ἐπὶ
2781 1157 2926 1236 σφῶν
2973 1156 3144 1213 αὐτῶν
3195 1158 3370 1232 ἐμπο-

1808 1240 2072 1320 ρεύονται,
2103 1241 2223 1301 ἀλλ’
2263 1245 2632 1303 ἀκολουθοῦσιν
2665 1244 2850 1311 αὐταῖς
2875 1244 3040 1301 λῦπαι
3071 1243 3162 1302 καὶ
3191 1245 3364 1305 πόνοι.

1806 1326 1962 1388 Ἐπεὶ
1991 1328 2083 1388 καὶ
2111 1330 2482 1409 ὀλυμπιονῖκαι
2507 1331 2599 1407 καὶ
2621 1335 2920 1390 πυθιονῖκαι
2949 1331 3041 1390 καὶ
3071 1332 3118 1390 οἳ
3148 1338 3371 1392 τοιοῦτοι

1810 1418 2006 1495 ἀγῶνες
2034 1419 2124 1477 καὶ
2153 1419 2336 1499 σοφίαι
2363 1421 2454 1480 καὶ
2477 1429 2646 1481 πᾶσαι
2685 1419 2872 1491 ἡδοναὶ
2896 1421 2958 1479 ἐκ
2998 1420 3244 1498 μεγάλων
3271 1422 3372 1481 λυ-

1808 1504 2071 1582 πημάτων
2091 1506 2324 1569 ἐθέλουσι
2347 1509 2783 1590 παραγίγνεσθαι·
2801 1507 2954 1585 τιμαὶ
2975 1507 3076 1590 γὰρ
3101 1510 3192 1569 καὶ
3218 1501 3373 1583 ἆθλα,

1810 1594 2066 1669 δελέατα,
2103 1594 2136 1655 ἃ
2163 1600 2191 1655 δ
2229 1596 2338 1665 θεὸς
2363 1596 2558 1657 ἔδωκεν
2587 1597 2904 1679 ἀνθρώποις,
2935 1596 3178 1674 μεγάλων
3201 1598 3374 1659 πόνων

1811 1682 1902 1741 καὶ
1921 1682 2156 1764 ἱδρώτων
2180 1688 2251 1753 εἰς
2277 1685 2512 1764 ἀνάγκας
2529 1690 2862 1747 καθιστᾶσιν.
2892 1683 3040 1764 Ἐγὼ
3065 1684 3168 1764 γὰρ
3191 1688 3284 1745 οὐκ
3311 1686 3376 1746 ἂν

1813 1771 2072 1849 δυναίμην
2111 1777 2204 1851 ζῇν
2225 1818 2242 1847 ,
2305 1773 2380 1851 μὴ
2411 1773 2572 1843 οὕτως
2618 1774 2832 1853 ἐμαυτῷ
2877 1771 3050 1831 πολλὰ
3086 1772 3378 1853 πράγματα

1810 1859 2058 1941 παρέχων
2111 1861 2244 1941 ὑπέρ
2287 1886 2344 1921 τε
2380 1867 2474 1934 τῆς
2518 1861 2694 1941 ὑγείας
2731 1866 2823 1921 τοῦ
2869 1860 3114 1939 σώματος
3149 1862 3284 1943 ὑπέρ
3321 1886 3378 1923 τι

1808 1954 1900 2007 τοῦ
1923 1952 2042 2007 καθ’
2086 1951 2290 2031 ἡμέραν
2333 1950 2448 2031 βίου
2477 1949 2610 2031 ὑπέρ
2635 1973 2692 2009 τε
2738 1948 2886 2023 δόξης
2919 1948 3012 2008 καὶ
3042 1948 3380 2031 σωφροσύνης

1810 2036 1899 2095 καὶ
1925 2037 2160 2107 εὐκλείας
2180 2039 2270 2099 καὶ
2293 2046 2383 2099 τοῦ
2411 2031 2469 2100 εὗ
2499 2037 2726 2101 ἀκούειν.
2755 2039 2828 2099 Τί
2856 2029 2945 2098 οὗν
2973 2035 3024 2097 εἴ
3048 2061 3138 2115 μοι
3177 2038 3379 2117 γένοιτο

1812 2128 1970 2202 σῶμα
2009 2134 2262 2201 τοιοῦτον,
2293 2128 2324 2187 ὅ
2349 2128 2409 2207 γε’
2445 2150 2537 2205 μοι
2565 2127 2728 2193 οὕτως
2767 2124 3010 2204 ἐπιμελὲς
3037 2126 3150 2199 εἴη;
3173 2129 3267 2186 οὐκ
3291 2119 3379 2187 οὖν

1813 2214 1998 2287 δῆλον,
2025 2214 2103 2273 ὅτι
2123 2218 2252 2293 γυνὴ
2279 2216 2447 2295 ἀνδρί,
2470 2216 2560 2275 ἐὰν
2583 2206 2619 2295 ᾖ
2644 2212 2978 2292 καταθυμία,
3030 2212 3174 2273 οὐδὲν
3225 2215 3380 2273 tidr-

1812 2324 1929 2370 τους
1966 2302 2060 2370 τὰς
2104 2304 2388 2385 φιλότητας
2433 2302 2724 2385 παρέχεται
2759 2303 2852 2362 καὶ
2883 2301 2978 2370 τὰς
3007 2302 3192 2370 ὀδύνας
3219 2301 3254 2374 ἢ
3285 2305 3383 2361 αὗ-

1811 2390 1895 2457 τὸς
1932 2392 2073 2470 αὑτῷ
2122 2388 2256 2470 ὑπέρ
2295 2414 2352 2450 τε
2401 2394 2495 2464 τῆς
2544 2390 2716 2471 ὑγείας
2739 2392 2930 2449 δισσῶν
2961 2389 3220 2469 σωμάτων
3252 2392 3381 2471 ὑπέρ

1811 2500 1869 2537 τε
1896 2483 1986 2538 τοῦ
2019 2478 2133 2557 βίου
2176 2484 2267 2551 τῆς
2297 2481 2553 2558 συλλογῆς
2598 2477 2732 2558 ὑπέρ
2787 2501 2846 2537 τε
2901 2483 2992 2551 τῆς
3036 2480 3381 2560 σωφροσύνης

1812 2566 1903 2625 καὶ
1955 2571 2048 2637 τῆς
2090 2567 2354 2637 εὖκλείαςς
2400 2568 2523 2650 φέρε
2553 2565 2617 2640 δὴ
2661 2566 2754 2626 καὶ
2800 2568 2982 2634 παῖδες
3030 2566 3380 2646 γενέσθωσαν·

1814 2656 2100 2736 φροντίδων
2129 2656 2234 2729 ἤδη
2261 2657 2438 2715 πάντα
2462 2657 2600 2717 πλέα
2628 2654 2720 2715 καὶ
2741 2652 3001 2734 ἐξοίχεται
3028 2656 3088 2714 τὸ
3113 2657 3380 2730 νεοτήσιον

1814 2745 2080 2823 σκίρτημα
2119 2747 2180 2805 ἐκ
2217 2750 2312 2817 τῆς
2353 2743 2566 2824 γνώμης
2595 2743 2686 2804 καὶ
2722 2743 2782 2803 τὸ
2809 2742 3090 2823 πρόσωπον
3122 2742 3298 2805 οὐκέτι
3325 2746 3385 2804 τὸ

1816 2832 1963 2895 αὐτό.
1998 2862 2023 2887 ι

2530 2977 2663 3034 129.

1898 3072 2060 3130 Idem
2108 3074 2378 3150 XCVIII,
2411 3073 2484 3131 36
2544 3094 2560 3130 :
2613 3074 2972 3155 Ἀντιφῶντος.
3027 3110 3097 3123 -
3145 3101 3169 3129 ι
3208 3075 3387 3134 Εὖκα·

1822 3234 1872 3284 di
1894 3234 2058 3287 animo
2078 3236 2240 3287 vivere
2260 3238 2486 3300 utrinque
2507 3240 2637 3288 esset
2661 3238 2981 3301 propositum.
3043 3241 3202 3290 Grave
3223 3200 3392 3290 ειιιειιι

122 3320 221 3357 nec
250 3316 453 3355 usurus
476 3306 551 3352 est
568 3340 581 3362 ,
612 3304 729 3354 nibil
766 3306 870 3355 sive
901 3318 1117 3369 praesens
1144 3304 1249 3354 sive
1274 3304 1449 3353 absens
1468 3302 1621 3365 magis
1643 3304 1733 3353 mi-

122 3390 309 3429 nusve
340 3374 499 3425 laedit.
521 3377 643 3425 Nam
666 3390 817 3437 quum
842 3376 963 3426 deus
987 3376 1129 3425 alicui
1148 3387 1247 3423 non
1262 3373 1473 3436 perfecte
1492 3372 1619 3423 bona
1640 3373 1733 3422 lar·

124 3450 221 3511 gir-i
256 3445 521 3505 instituit,
558 3445 771 3495 exhibita
816 3446 1133 3508 pecuniarum
1174 3446 1339 3507 copis,
1376 3443 1519 3493 bonoe
1560 3443 1736 3493 mentis

124 3522 347 3582 inopem
370 3515 519 3577 facin
551 3520 699 3579 atque
724 3516 794 3567 ita
812 3516 981 3567 ablato
1003 3516 1187 3576 altero,
1228 3514 1479 3577 utriusque
1502 3514 1675 3578 privat.
1708 3532 1733 3558 n

895 3607 1003 3653 127.

193 3678 628 3743 Antiphontis.-—
657 3698 682 3723 ιι
701 3680 933 3745 Quisquis
959 3682 1191 3733 accedens
1222 3680 1433 3743 aliquem
1458 3680 1621 3731 animo
1646 3680 1733 3732 lae-

124 3754 297 3805 <leudi
314 3752 412 3799 sibi
426 3752 619 3813 metuit,
644 3764 705 3801 ne
723 3764 819 3801 non
840 3758 1092 3803 assecutus
1114 3766 1226 3816 quae
1242 3752 1397 3803 facere
1410 3753 1535 3815 vult,
1552 3768 1609 3803 ea
1624 3766 1737 3815 qum

124 3838 237 3873 non
256 3820 410 3883 vult,
440 3820 641 3882 retent,
664 3820 704 3871 is
725 3834 843 3872 sane
866 3822 976 3885 plus
999 3823 1142 3886 sapit.
1163 3825 1293 3872 Dum
1312 3824 1441 3873 enim
1462 3824 1552 3873 sibi
1577 3823 1735 3885 timet,

126 3894 426 3944 cunctatur
460 3904 475 3938 ε
509 3890 693 3940 interea
718 3895 883 3943 autem
917 3906 1016 3943 non
1059 3906 1168 3943 raro
1200 3895 1397 3954 tempus
1436 3894 1739 3944 intercedens

130 3968 316 4013 mutat
343 3960 649 4011 institutum.
712 3964 823 4014 Non
858 3963 973 4015 dico
996 3978 1109 4015 cum
1134 3964 1394 4015 metuendo
1423 3977 1614 4027 sapere,
1651 3966 1737 4015 sed

130 4038 269 4085 «ium
328 4034 574 4092 moratur,
600 4045 767 4095 sapere
791 4038 968 4097 potest.
1034 4038 1240 4098 contra,
1272 4035 1357 4099 qui
1394 4035 1501 4086 aliis
1542 4036 1737 4099 quidem

132 4120 187 4155 se
238 4104 543 4155 nociturum
580 4106 743 4165 putat,
779 4117 835 4155 se
878 4118 995 4155 vero
1044 4104 1165 4155 nihil
1211 4118 1469 4169 passurum
1486 4141 1502 4168 ,
1542 4108 1741 4157 minime

130 4178 301 4240 sapit.
370 4175 495 4237 Spes
516 4174 647 4223 enim
686 4176 819 4224 haud
839 4188 1029 4239 semper
1064 4179 1139 4228 est
1178 4176 1335 4238 bona,
1364 4176 1451 4226 sed
1470 4190 1602 4239 stupe
1628 4179 1739 4228 talis

134 4247 409 4308 concepta
436 4257 547 4306 spes
563 4244 611 4294 in
629 4246 865 4296 maximas
886 4247 1185 4297 calamitates
1202 4246 1465 4309 praecipitat
1488 4261 1502 4294 :
1529 4249 1579 4297 et
1600 4248 1739 4297 multi

136 4332 263 4379 quae
304 4315 355 4364 in
376 4314 503 4363 alios
522 4327 577 4364 se
604 4316 813 4366 tacturos
835 4316 931 4366 sibi
952 4322 1287 4379 persuaserant
1304 4352 1321 4376 ‚
1343 4328 1401 4366 ea
1424 4316 1621 4379 ipsimet
1650 4330 1737 4379 pa-

138 4390 247 4438 lam
290 4390 413 4435 sunt
460 4385 601 4447 passi.
665 4389 890 4437 ceterum
930 4388 1197 4451 sapientem
1225 4386 1382 4437 virum
1424 4400 1523 4437 non
1559 4390 1740 4438 rectius

138 4460 311 4507 alium
350 4454 651 4517 judicaveris
672 4470 819 4520 quam
842 4457 979 4507 illum
1002 4458 1088 4520 qui
1118 4470 1223 4507 sess
1262 4458 1432 4507 contra
1472 4462 1741 4509 momenta·

138 4542 299 4579 neam
330 4529 427 4577 iras
448 4526 769 4578 titillationem
788 4528 1051 4579 muniverit
1068 4530 1120 4579 et
1146 4529 1357 4591 potuerit
1384 4529 1487 4590 ipse
1506 4529 1745 4579 refrenare

136 4614 203 4649 ac
250 4598 464 4647 vincere
490 4597 720 4659 seipsum.
784 4601 967 4649 Contra
1002 4600 1088 4663 qui
1112 4600 1197 4648 irae
1222 4598 1437 4649 voluerit
1462 4599 1741 4663 indulgere,

138 4672 271 4721 huic
294 4682 425 4720 sane
443 4668 681 4719 deteriora
704 4683 803 4733 prae
820 4671 1101 4722 melioribus
1124 4670 1331 4734 placent.
1359 4688 1383 4711 ι»

916 4779 1022 4826 128.

209 4866 563 4931 Antiphontis.
577 4894 639 4904 —
656 4886 681 4910 α
697 4872 795 4931 Age
812 4869 1143 4933 progrediatur
1158 4868 1255 4920 vita
1268 4868 1470 4922 ulterius
1484 4871 1534 4920 et
1553 4869 1747 4931 nuptias

136 4950 476 5000 uxoremque
494 4938 677 4999 cupiat.
742 4942 841 4990 lste
864 4940 999 5003 dies,
1027 4940 1118 4990 ista
1140 4954 1238 4991 nox
1268 4941 1381 4991 novi
1406 4940 1535 5004 genii
1573 4940 1746 5003 princi-

136 5014 294 5075 pium
328 5010 513 5069 alfei-t,
554 5016 605 5059 et
632 5023 775 5061 novae
808 5012 967 5061 sortis.
1033 5014 1263 5074 Magnum
1304 5013 1521 5075 profecto
1562 5012 1745 5063 bomini

136 5086 414 5131 certamen
444 5080 629 5143 nuptiae
673 5085 809 5133 sunt.
874 5084 996 5133 Nam
1029 5084 1071 5133 si
1096 5096 1221 5132 uxor
1245 5082 1553 5133 incommoda
1580 5084 1744 5133 conti-

134 5152 309 5213 gerit,
338 5164 447 5213 quo
472 5155 619 5212 pacto
658 5151 844 5203 levabis
873 5154 1229 5204 calamitatem?
1274 5153 1480 5204 Difficile
1514 5158 1587 5203 est
1612 5154 1743 5204 illam

136 5224 389 5283 ablegare
414 5224 467 5271 et
496 5234 585 5283 pro
612 5221 783 5293 amicis
806 5221 1023 5291 inimicos
1040 5224 1133 5275 sibi
1160 5238 1344 5288 parare,
1370 5238 1523 5289 quum
1548 5239 1745 5277 concor-

1820 3309 1892 3356 est
1910 3319 2011 3355 rem
2038 3307 2181 3369 hujus
2205 3308 2334 3357 modi
2360 3309 2604 3370 possidere
2625 3312 2675 3360 et
2700 3309 2970 3372 voluptates
2995 3323 3276 3373 comparare
3296 3311 3390 3362 sibi

1821 3379 2174 3430 existimantem
2195 3379 2383 3430 dolores
2397 3382 2646 3431 asciscere.
2709 3384 2894 3432 Verum
2912 3395 2998 3443 age
3018 3385 3230 3433 tacentes
3251 3384 3390 3434 dete-

1824 3450 1951 3498 riora
1968 3483 1983 3509 ,
2009 3462 2066 3498 ea
2089 3462 2202 3512 qum
2227 3451 2444 3500 omnium
2473 3450 2862 3501 commodissima
2887 3457 3001 3501 sunt
3029 3465 3386 3505 recenseamus.

1822 3518 1950 3579 Quid
1972 3520 2100 3569 enim
2126 3520 2310 3569 homiui
2334 3520 2536 3570 suavius
2560 3533 2710 3583 quam
2749 3534 2871 3570 uxor
2909 3525 3075 3583 grata?
3111 3523 3240 3579 Quid
3259 3560 3274 3581 .
3317 3523 3392 3573 in·

1823 3603 1989 3653 quam,
2005 3589 2196 3641 dulcius
2211 3603 2324 3640 cum
2340 3589 2456 3639 alias
2470 3625 2485 3651 ,
2509 3592 2615 3640 tum
2635 3590 2682 3639 in
2699 3594 2844 3641 aetate
2864 3592 3098 3652 iuvenili?
3123 3593 3216 3642 Sed
3234 3593 3389 3643 eidem

1824 3660 1891 3708 rei
1921 3659 1998 3707 cni
2018 3658 2298 3721 jucunditas
2325 3660 2476 3721 inest,
2498 3661 2547 3710 in
2571 3661 2732 3711 vicino
2757 3664 2830 3711 est
2848 3662 3079 3713 molestis.
3143 3666 3269 3714 Nam
3300 3678 3390 3715 vo-

1826 3728 2037 3791 luptates
2057 3742 2152 3779 non
2182 3731 2301 3780 solae
2329 3730 2568 3781 accedunt
2585 3766 2600 3792 ,
2630 3732 2715 3780 sed
2750 3732 2954 3782 comites
2973 3745 3139 3782 earnm
3165 3736 3278 3784 sunt
3301 3736 3392 3784 tri-

1824 3799 1970 3849 stitiae
2007 3804 2057 3849 et
2094 3800 2298 3849 laboras.
2363 3800 2766 3863 Quandoquidem
2791 3803 2842 3850 ει
2867 3802 2952 3866 qui
2993 3802 3042 3852 in
3071 3801 3312 3866 olympiis
3344 3810 3395 3854 ει

1827 3870 2016 3932 Pytltiis
2035 3870 2238 3933 aliisque
2259 3870 2540 3932 huiusmodi
2564 3871 2907 3922 certaminibus
2927 3873 3132 3924 victores
3163 3874 3396 3937 evadunt,

1826 3944 1918 3991 aut
1957 3942 2244 4005 sapientiam
2281 3946 2368 3992 sut
2397 3942 2606 4005 quodvis
2629 3957 2782 4006 genus
2807 3945 3116 4008 voluptatum
3143 3946 3234 3996 sibi
3261 3960 3395 3997 com·

1828 4017 2024 4075 parant,
2065 4014 2244 4063 multas
2271 4014 2402 4076 prius
2423 4014 2674 4065 molestias
2695 4020 2745 4065 et
2771 4015 2962 4066 labores
2995 4016 3225 4068 subeunt.
3293 4019 3396 4068 Ho-

1828 4094 1968 4132 nores
2003 4084 2158 4145 euim‚
2201 4085 2401 4147 proemia
2441 4089 2492 4134 et
2535 4084 2774 4147 eiusmodi
2802 4085 3067 4149 illecebra,
3117 4100 3241 4151 quas
3273 4087 3398 4137 deus

1828 4154 2042 4203 humano
2067 4155 2229 4217 generi
2257 4154 2453 4217 largitus
2470 4160 2544 4205 est
2553 4192 2568 4219 ,
2597 4168 2794 4219 magnos
2821 4157 3012 4208 labores
3034 4161 3179 4221 atque
3201 4158 3400 4209 sudores

1830 4224 2098 4274 necessario
2119 4228 2384 4288 requirunt.
2418 4230 2562 4277 certe
2581 4240 2678 4277 non
2701 4229 2864 4278 vivere
2883 4242 3070 4291 possem
3091 4228 3184 4279 nisi
3207 4235 3396 4279 tantum

1830 4296 2133 4355 negotiorum
2169 4295 2290 4345 milii
2314 4296 2546 4347 exhibens
2575 4310 2662 4359 pro
2685 4298 2894 4349 sanitate
2915 4300 3134 4362 corporis
3149 4336 3166 4363 ,
3187 4303 3237 4350 ει
3267 4300 3396 4349 victu

1831 4364 1879 4415 in
1906 4364 2010 4415 dies
2041 4365 2308 4430 colligendo
2327 4402 2340 4426 ‚
2357 4372 2404 4417 et
2426 4380 2513 4432 pro
2533 4368 2682 4429 gloria
2703 4370 2754 4418 et
2769 4372 3084 4432 temperantia
3103 4369 3400 4432 celebrisque

1833 4435 1974 4487 tsmae
1991 4450 2050 4487 ac
2071 4437 2193 4488 bene
2221 4437 2452 4487 audiendi
2483 4441 2652 4501 gratia.
2718 4439 2846 4500 Quid
2874 4441 3017 4502 igitur
3038 4440 3198 4501 tieret,
3220 4440 3262 4489 si
3285 4440 3398 4489 alle·

1833 4522 1940 4557 rum
1961 4522 2154 4572 quoque
2172 4510 2269 4561 tale
2295 4523 2474 4572 corpus
2491 4511 2714 4560 similiter
2730 4511 2848 4560 milii
2875 4510 3226 4571 procurandum
3243 4512 3399 4560 esset?

1834 4581 2002 4631 Nonne
2046 4582 2179 4643 patet
2227 4594 2458 4643 uxorem,
2503 4582 2594 4631 elsi
2641 4580 2745 4631 viro
2783 4582 3028 4631 car-issima
3081 4580 3224 4630 fuerit
3241 4616 3256 4639 .
3300 4593 3399 4630 non

1834 4650 1994 4701 minus
2018 4654 2178 4701 tamen
2207 4652 2250 4703 ei
2275 4653 2505 4704 facessere
2521 4654 2696 4715 negotii
2723 4654 2849 4703 circa
2866 4664 3057 4703 amores
3073 4656 3158 4702 aut
3176 4652 3369 4702 dolores
3383 4688 3399 4712 ,

1833 4730 1980 4781 quam
2019 4720 2224 4783 ipsemet
2249 4721 2372 4785 sibi,
2412 4736 2562 4785 quum
2587 4736 2674 4785 pro
2699 4722 2889 4773 duobus
2908 4721 3228 4784 corporibus,
3271 4721 3400 4784 quod

1834 4790 2119 4853 sanitatem,
2157 4792 2373 4855 victum,
2406 4794 2776 4856 temperantiam
2810 4792 3086 4855 bonamque
3126 4793 3304 4843 lanum
3329 4796 3403 4843 at·

1838 4862 1987 4926 tinet,
2023 4876 2190 4915 curam
2220 4878 2384 4927 gerere
2407 4868 2661 4929 oporteat?
2687 4864 2828 4925 Quod
2852 4866 2894 4915 si
2929 4866 3122 4926 insuper
3151 4862 3290 4913 liberi
3311 4876 3403 4913 na-

1834 4941 2067 4997 scantur,
2095 4936 2194 4997 Jam
2236 4938 2398 4985 omnia
2422 4938 2552 4987 curis
2573 4937 2715 5000 plena
2739 4942 2850 4986 sunt
2867 4972 2882 4997 ,
2917 4939 2967 4984 et
2998 4935 3226 4997 juvenilis
3251 4934 3402 4984 animi

1836 5006 2098 5057 exsultatio
2112 5006 2324 5070 disperit,
2347 5008 2396 5057 et
2430 5006 2572 5057 facies
2595 5005 2722 5057 haud
2741 5006 2948 5068 amplius
2970 5006 3138 5056 eadem
3155 5010 3242 5056 est.
3269 5024 3293 5047 ι»

2573 5125 2677 5173 129.

1907 5227 2232 5292 Antiphontis.
2262 5259 2316 5269 —
2343 5246 2365 5271 a
2390 5230 2514 5279 Sane
2547 5228 2797 5292 culpabilis
2817 5228 2889 5279 cst
2908 5227 3086 5280 mirum
3105 5229 3154 5278 in
3176 5226 3400 5288 modum,
