3825 5834
514 457 622 507 321

1247 567 1303 622 6.

585 658 883 729 Dionysius
913 655 1035 712 ital.
1078 666 1116 712 t.
1157 657 1218 722 V,
1253 675 1308 728 p.
1355 653 1466 708 613
1508 655 1579 708 R.
1612 672 1625 707 ε
1667 649 1798 710 Τοτὲ
1843 649 1896 708 δὲ
1932 672 2053 728 προ·

507 741 950 808 κατασκευάζεταί
981 763 1096 797 τινα
1144 739 1246 819 πρὸ
1286 741 1386 794 τῶν
1433 739 1718 814 διηγήσεων
1761 739 2052 816 πράγματα

507 829 594 887 καὶ
638 829 1000 906 προλαμὸάνει
1039 829 1105 886 τὰ
1139 827 1398 902 μέλλοντα
1421 873 1437 898 ,
1470 827 1774 904 πιστοτέρας
1818 826 1977 894 αὐτὰς
2020 826 2053 898 ἢ

503 918 624 974 κατ’
652 917 782 975 ἄλλο
819 939 872 974 τι
908 915 1307 996 χρησιμωτέρας
1349 915 1582 986 ποιήσειν
1612 915 1872 990 οἰόμενος,
1896 917 1967 980 ὡς
2000 917 2051 972 ἐν

503 1009 570 1082 τῇ
621 1003 764 1076 λήξει
802 1010 866 1085 τῇ
915 1005 1040 1084 πρὸς
1071 1003 1473 1083 Ἀριστογείτονα
1501 1003 1590 1062 καὶ
1637 1002 1920 1083 Ἄρχιπτον
1968 1006 2051 1061 εὓ-

505 1091 739 1168 ρίσκεται
791 1093 1114 1164 πεποιηκώς,
1163 1095 1214 1150 ἐν
1253 1086 1289 1170 ᾖ
1328 1094 1520 1170 κλήρου
1563 1116 1640 1157 τις
1685 1091 2051 1171 ἅμφισὸητῶν,

503 1180 724 1260 ἀδελφὸς
741 1177 814 1238 ὣν
829 1188 918 1240 τοῦ
943 1178 1362 1252 τελευτήσαντος,
1394 1181 1732 1258 προκαλεῖται
1754 1179 1840 1237 τὸν
1861 1177 2052 1257 ἔχοντα

502 1271 712 1346 τάφανῆ
747 1269 1004 1347 χρήματα
1053 1270 1122 1332 εἷς
1162 1270 1401 1346 ἐμφανῶν
1445 1267 1786 1342 κατάστασιν,
1821 1269 1849 1324 ὁ
1885 1267 1937 1324 δὲ
1964 1271 2051 1325 τοῦ

504 1356 700 1435 κλήρου
733 1379 939 1433 κρατων
983 1353 1382 1464 παραγράφεται
1425 1353 1519 1425 τὴν
1565 1354 1768 1424 κλῆσιν,
1818 1353 2054 1411 δεδόσθαι

499 1443 665 1518 λέγων
698 1446 866 1522 ἑαυτῷ
893 1443 957 1500 τὰ
979 1442 1231 1522 χρήματα
1261 1440 1394 1499 κατὰ
1431 1441 1695 1512 διαθήκας.
1777 1444 1967 1511 Διττῆς
1997 1441 2049 1499 δὲ

499 1532 592 1599 τ’ἥς
633 1529 1077 1608 ἀμφισὸητήσεως
1119 1528 1451 1606 ὑπαρχούσης
1474 1573 1490 1600 ,
1544 1532 1636 1598 τῆς
1679 1527 1772 1605 μὲν
1809 1530 1932 1608 περὶ
1961 1553 2049 1589 του

499 1614 762 1690 γεγονέναι
790 1613 883 1680 τὰς
925 1613 1239 1684 διαθήκας
1209 1639 1246 1685 η
1285 1613 1358 1689 μή
1383 1659 1398 1686 ,
1443 1638 1535 1684 της
1573 1612 1626 1672 δὲ·
1657 1617 1760 1672 τῶν
1788 1616 2049 1688 διαθηκῶν

499 1701 1004 1779 ἀμφισὸητουμένων
1050 1701 1152 1772 ἤδη
1190 1701 1306 1758 τίνα
1345 1703 1420 1759 δεῖ
1447 1708 1537 1760 τοῦ
1575 1701 1768 1778 κλήρου
1805 1711 2047 1780 κρατεῖν,

499 1792 701 1866 πρῶτον
725 1787 944 1854 ἀποδους
965 1787 1048 1846 τὸν
1067 1787 1197 1868 ὑπὲρ
1224 1792 1326 1846 τῶν
1347 1787 1518 1862 νόμων
1541 1786 1715 1863 λόγον,
1742 1789 1878 1848 κατὰ
1897 1796 2051 1848 τοῦτο

499 1873 770 1942 ἀποδείξας
796 1873 856 1932 τὸ
880 1873 1037 1952 μέρος
1053 1919 1068 1946 ,
1101 1878 1172 1941 ὥς
1201 1875 1258 1932 οὗ
1284 1876 1361 1932 δει
1381 1897 1469 1933 τον
1492 1873 1720 1932 ἐπίδικον
1745 1881 2049 1952 κρατεῖσθαι

499 1963 706 2072 κλῆρον
725 1961 826 2041 πρὸ
875 1961 1020 2032 δίκης
1041 2004 1056 2034 ,
1089 1959 1248 2026 οὕτως
1281 1959 1368 2018 ἐπὶ
1407 1957 1499 2030 τὴν
1529 1958 1826 2036 διήγησιν
1797 1984 2004 2040 ερχεται
2026 2007 2043 2036 ,

495 2048 561 2105 δι’
590 2053 650 2118 ἧς
677 2047 1036 2106 ἀποδείκνυσιν
1061 2045 1176 2107 οὐδὲ
1206 2046 1548 2122 γεγενημένας
1577 2045 1678 2106 ὑπὸ
1697 2051 1786 2104 τοῦ
1813 2050 2049 2108 τετελευ-

493 2135 708 2205 τηκότος
735 2135 825 2202 τὰς
855 2137 1128 2207 διαθήκας.
1177 2135 1284 2194 Και
1327 2135 1441 2194 οὐδὲ
1473 2132 1667 2204 ταύτην
1690 2133 1783 2204 τὴν
1810 2135 2045 2211 διήγησιν

494 2224 674 2288 ἅπλῶς
705 2247 816 2290 πως
857 2223 1146 2303 συστρέψας
1182 2221 1270 2280 καὶ
1311 2221 1776 2287 ἀκατασκευάστως
1818 2222 2042 2296 τίθησιν,

493 2299 630 2369 αλλὰ
657 2311 747 2370 καὶ
793 2311 1007 2384 ταύτην,
1043 2309 1370 2390 μακροτέραν
1397 2300 1576 2382 οὖσαν,
1615 2311 1903 2386 ἀποτομαῖς
1942 2333 2047 2368 τισι

496 2398 841 2474 διαλαμβάνει
885 2421 974 2457 και
1003 2400 1118 2457 καθ’
1150 2397 1366 2457 ἕκαστον
1389 2387 1518 2462 εἶδος
1560 2396 1826 2476 μάρτυρας
1855 2396 2046 2455 ἀναδι-

496 2483 710 2553 coicum
753 2485 843 2545 καὶ
891 2485 1206 2564 προκλήσεις
1261 2484 1602 2560 ἀναγινώσκει
1655 2483 1744 2540 καὶ
1793 2485 2047 2556 συνθήκας

494 2572 815 2649 παρέχεται,
863 2571 1163 2648 τεκμηρίοις
1197 2593 1254 2628 τε
1301 2570 1391 2628 καῖ
1429 2569 1660 2647 σημείοις
1709 2569 1799 2628 καὶ
1843 2580 1950 2638 τοῖς
1987 2575 2045 2631 ἐκ

493 2661 596 2717 τῶν
616 2658 828 2718 εἰκότων
853 2659 1086 2739 ἐλέγχοις
1114 2657 1280 2717 ἅπασι
1307 2662 1521 2739 χρῆται.

1249 2768 1300 2818 7.

579 2832 778 2891 Suidas
799 2855 855 2889 v.
887 2832 1160 2900 διάθεσιςι
1191 2831 1380 2898 Ἰσαῖος
1405 2833 1458 2889 ἐν
1486 2833 1560 2909 τῷ
1582 2831 1710 2910 πρὸς
1739 2831 2047 2912 Ἀριστογεί-

493 2941 652 2977 τονα·
683 2921 872 2995 «μετὰ
898 2919 1095 2990 ταύτην
1123 2918 1290 2977 τοίνυν
1321 2918 1416 2989 τὴν
1440 2891 1711 2999 ἀπόκρισιν
1731 2921 1912 3000 ἑτέραν
1934 2924 2045 2982 δια-

493 3009 658 3080 θήκην
683 3007 953 3082 ἐκόμισαν,
973 3009 1038 3078 ἣν
1061 3007 1259 3088 ἔφασαν
1289 3005 1590 3085 Ἀρχέπολιν
1621 3010 1674 3064 ἐν
1699 3009 1902 3089 Λήμνῳ
1932 3012 2041 3068 δια·

493 3095 744 3154 θέσθαι.»
778 3097 988 3153 Eadem
1007 3097 1289 3172 Ulpianus
1307 3095 1378 3152 ad
1402 3097 1692 3154 Demosth.
1714 3117 1800 3156 or.
1828 3119 1943 3174 ap.
1971 3099 2045 3156 28

493 3185 583 3243 ed.
613 3185 871 3243 Dobson.
1247 3261 1282 3318 8

573 3351 776 3406 Pollux
804 3350 885 3424 X,
918 3348 1034 3406 15:
1066 3347 1227 3426 Τάχα
1254 3345 1304 3404 δ’
1333 3345 1436 3406 ἀπὸ
1468 3345 1662 3405 τούτων
1685 3343 1778 3405 καὶ
1803 3351 1836 3420 ἡ
1863 3368 2045 3406 σκευο-

529 3513 615 3561 ΙΙΙ.
650 3513 970 3561 ADVERSUS
1001 3513 1506 3560 ARlsTOGtToNEM
1541 3513 1618 3560 ET
1652 3512 2016 3560 ARCHIPPUM

759 3584 842 3631 DE
873 3584 1328 3632 AnanPOLtDts
1361 3581 1774 3630 HEREDITATE.

1241 3689 1288 3733 6.

555 3769 802 3818 Interdum
833 3771 982 3817 Isaeus
1009 3769 1257 3830 praemittit
1282 3767 1504 3830 quaedam
1539 3771 1646 3816 ante
1677 3769 1969 3817 narrationes
1995 3774 2043 3818 et

492 3843 694 3900 occupat
721 3840 908 3896 tuturo,
935 3839 1275 3900 probabiliores
1297 3839 1367 3886 sic
1399 3851 1480 3886 eas
1506 3839 1580 3886 vei
1611 3838 1670 3886 sd
1702 3838 1828 3887 aliud
1863 3839 2045 3888 condu-

492 3908 726 3956 nihiliores
757 3907 991 3956 facturum
1019 3913 1176 3968 ratus,
1205 3907 1646 3988 quemadmodum
1634 3921 1682 3956 m
1719 3909 2043 3958 confutatione

491 3983 660 4024 contra
701 3976 1070 4036 Aristogitonem
1096 3979 1144 4025 et
1175 3983 1264 4025 Art
1270 3980 1468 4040 hippum
1499 3979 1538 4025 n·
1542 3979 1662 4026 cisse
1701 3979 1961 4039 reperitur-3
1993 3980 2041 4028 in

491 4057 587 4106 qua
614 4043 674 4092 dc
699 4043 959 4092 hereditate
989 4045 1257 4102 disceptans
1285 4047 1424 4094 frater
1451 4046 1661 4094 defuncti
1703 4052 1903 4094 conatur
1936 4048 2041 4107 jure

491 4127 656 4174 cogere
680 4125 788 4162 eum
809 4115 928 4175 ,qui
951 4114 1128 4162 incerta
1159 4115 1365 4176 possidet
1390 4115 1541 4173 bona,
1567 4115 1624 4162 ad
1650 4119 1827 4164 certam
1856 4117 2036 4166 exhibi-

489 4185 714 4232 tionem.
748 4185 798 4232 at
823 4183 927 4244 iile,
965 4197 1107 4243 quem
1149 4197 1289 4246 penes
1332 4185 1566 4236 hereditas
1598 4191 1728 4247 erat,
1765 4189 2040 4250 exceptione

492 4254 660 4314 utitur,
689 4253 879 4314 dicens,
928 4254 1038 4303 data
1079 4255 1171 4316 ipsi
1203 4253 1326 4303 bona
1366 4269 1450 4318 per
1481 4259 1832 4306 testamentum.
1877 4263 2037 4315 Quum

489 4327 651 4372 autem
694 4322 869 4384 duplex
919 4324 979 4371 sit
1011 4325 1362 4385 controversia,
1405 4337 1498 4374 una
1536 4327 1756 4387 quidem,
1801 4327 2039 4376 factumne

489 4393 551 4442 sit
581 4397 914 4442 testamentum
941 4406 1118 4454 uecne;
1149 4394 1321 4455 altera,
1352 4395 1468 4443 dum
1500 4395 1560 4444 de
1581 4399 1862 4444 testamento
1885 4397 2036 4458 litiga-

489 4469 588 4526 tur,
614 4469 720 4512 uter
750 4463 1057 4512 hereditatem
1089 4464 1326 4526 possidere
1352 4465 1564 4516 debeat.
1597 4465 1802 4528 primum
1839 4481 2038 4516 exorsus

491 4547 520 4581 a
549 4533 759 4593 legibus,
787 4535 833 4582 et
856 4533 1125 4594 singillatim
1153 4534 1515 4595 demonstrans,
1547 4535 1673 4596 quod
1697 4549 1789 4582 non
1819 4540 2037 4596 oporteat

490 4603 796 4651 hereditatem
837 4605 1193 4652 controversam
1219 4606 1330 4653 ante
1368 4605 1648 4654 seutentiam
1688 4605 1940 4667 possideri,
1978 4607 2036 4656 ad

479 4671 808 4721 narrationem
837 4671 1008 4722 deiude
1038 4673 1208 4722 transit
1231 4687 1383 4734 eaque
1421 4675 1658 4735 ostendit,
1695 4677 2033 4724 test-amentum

487 4751 517 4788 a
539 4745 730 4790 mortuo
755 4753 849 4790 non
886 4755 993 4792 esse
1013 4743 1276 4792 conditum.
1315 4747 1478 4805 Neque
1503 4757 1615 4792 vero
1651 4745 1931 4806 simpliciter
1953 4749 2037 4795 aut

487 4808 798 4871 incomposite
813 4811 936 4860 hanc
955 4811 1109 4874 ponit;
1135 4811 1216 4859 sed
1234 4825 1382 4874 quum
1399 4813 1461 4862 sit
1485 4813 1726 4875 prolixior,
1743 4813 1971 4864 abscindit
1989 4821 2035 4866 et

488 4878 689 4940 dividit,
732 4883 853 4929 etin
887 4894 1076 4943 quaque
1119 4882 1224 4943 ejus
1259 4884 1391 4944 parte
1417 4886 1564 4931 testes
1603 4881 1820 4944 producit
1859 4887 1908 4931 et
1948 4885 2033 4932 sti-

488 4946 752 5006 potationes
779 4951 917 5011 tegit,
943 4955 992 5001 et
1030 4954 1164 5012 pacta
1189 4953 1381 5014 profert,
1412 4951 1648 5014 signisque
1678 4957 1726 5002 et
1751 4955 2036 5014 conjecturis

486 5016 808 5080 omnibusque
830 5031 859 5067 a
887 5019 1115 5080 probabili
1131 5021 1426 5082 argumentis
1445 5021 1613 5069 utitur.

1236 5107 1280 5156 7

550 5169 698 5218 lsaeus
726 5169 774 5218 in
815 5172 1025 5223 oratione
1065 5173 1293 5224 adversus
1323 5174 1686 5238 Aristogitonem
1713 5193 1726 5226 ε

2004 439 2181 500 ISAEl

2146 561 2287 618 ποιία
2318 559 2407 618 καὶ
2434 557 2493 616 τὸ
2526 557 2989 634 ἐσκευοποιημένον
3018 565 3243 634 πρᾶγμα
3266 599 3281 626 ,
3318 559 3387 621 ὣς
3408 555 3579 622 Ἰσαῖος
3611 557 3665 612 ἕν

2143 651 2218 725 τῷ
2248 647 2365 725 περὶ
2395 651 2483 704 τοῦ
2507 644 2866 724 Ἀρχεπόλιδος
2887 645 3107 724 κλήρου·
3144 673 3165 696 c
3194 647 3447 716 διαθηκῶν
3476 645 3527 702 δὲ
3543 666 3665 703 τετ-

2142 736 2309 814 τάρων
2350 737 2435 790 ὑπ’
2476 735 2645 791 αὐτῶν
2674 732 3170 810 έσκευοποιημένων.
3206 758 3230 784 υ

2222 911 2597 984 Harpocratio
2630 931 2643 965 ι
2674 907 2779 970 Ἐν
2796 929 2946 966 εσκε
2962 928 3133 982 υασμ
3149 905 3301 976 ἕνην
3322 905 3509 972 Ἰσαῖος
3528 907 3575 963 ἐν
3600 907 3675 981 τῷ

2140 993 2269 1072 πρὸς
2296 994 2705 1075 Ἀριστογείτονα
2746 995 2839 1052 καὶ
2880 993 3174 1074 Ἄρχιππον
3208 991 3325 1051 ἀντὶ
3350 998 3437 1052 τοῦ
3468 995 3675 1050 ἐσκευα-

2141 1081 2333 1158 σμένην
2357 1081 2449 1140 καὶ
2468 1082 2863 1156 πεπλασμένην.

2596 1207 2637 1264 Κ
2648 1207 2767 1264 ΑΤ’
2794 1207 2839 1262 Α
2848 1203 3385 1264 ΡΙΣΤΟΚΔΕΟΥΣ

2710 1309 2769 1364 εἰ
2811 1306 3118 1383 γνήσιος.

2878 1425 2967 1466 10.

2223 1488 2428 1548 Idem:
2466 1489 2707 1568 Ὑπερή
2723 1515 2842 1572 μερ
2859 1514 2939 1550 οι.
2975 1491 3045 1551 Oi
3070 1491 3219 1562 δίκην
3248 1489 3493 1570 ὀφλόντες
3518 1494 3680 1548 ὁποια-

2138 1582 2257 1636 νοῦν
2308 1579 2398 1636 και
2434 1576 2503 1636 τὰ
2548 1579 2787 1654 ἐπιτίμια
2830 1589 2939 1645 τοῖς
2972 1581 3145 1638 ἑλοῦσι
3176 1578 3251 1655 μὴ
3283 1577 3645 1643 ἀποδιδόντες
3628 1603 3677 1634 εν

2138 1668 2249 1732 ταῖς
2287 1673 2508 1732 τακταῖς
2542 1667 2884 1745 προθεσμίαις
2910 1668 3229 1748 ὑπερήμεροι
3252 1667 3567 1741 ἐκαλοῦντο,
3596 1667 3677 1723 καὶ

2136 1753 2195 1813 τὸ
2221 1761 2445 1832 πρᾶγμα
2490 1755 2819 1833 ὖπερημερία
2843 1799 2860 1828 ,
2900 1757 2969 1820 ὡς
3012 1753 3364 1828 ὑποσημαίνει
3388 1754 3447 1810 ἐν
3474 1757 3547 1835 τῷ
3566 1757 3675 1810 κα]

2136 1839 2515 1920 Ἀριστοκλέους
2549 1840 2742 1908 Ἰσαῖος
2766 1885 2783 1914 ,
2814 1843 2858 1899 εἰ
2885 1841 3091 1921 γνήσιος
3118 1844 3147 1901 ὁ
3165 1841 3317 1919 λόγος
3336 1841 3499 1899 ἐστίν.

2452 1959 2519 2020 V.
2566 1961 2772 2021 ΚΑΤΑ
2817 1959 3387 2020 ΑΡΙΣΤΟΜΑΧΟΥ.

2866 2083 2887 2120 ι
2909 2083 2957 2122 ι.

2210 2154 2413 2210 Pollux
2446 2151 2527 2223 ΙΙ,
2568 2155 2703 2210 61:
2728 2149 3094 2230 Ἀνάπηρος
3140 2151 3195 2210 δὲ
3233 2155 3261 2209 ὁ
3294 2159 3406 2208 πᾶν
3434 2153 3495 2211 τὸ
3534 2154 3675 2227 σῶμα

2134 2237 2549 2316 πεπηρωμένος,
2594 2242 2664 2304 ὥς
2694 2237 2881 2304 Ἰσαῖος
2920 2238 2973 2296 ἐν
3004 2242 3077 2316 τῷ
3104 2237 3243 2298 κατὰ
3273 2237 3675 2318 Ἀριστομάχου·

2132 2353 2157 2380 «ι
2186 2329 2463 2386 κατέλιπεν
2504 2329 2558 2385 ἰν
2598 2331 2675 2408 τῷ
2700 2325 2881 2406 χωρίῳ
2920 2325 3165 2404 γέροντας
3190 2327 3281 2385 καὶ
3306 2328 3673 2404 ἀναπήρους.»

2134 2417 2351 2470 Nomen
2390 2413 2771 2492 Ἀριστομάχου
2794 2416 2906 2472 hoc
2938 2417 3072 2471 loco
3102 2426 3156 2471 et
3190 2418 3252 2470 in
3286 2429 3566 2488 sequente
3594 2417 3681 2471 de·

2134 2501 2217 2556 dit
2248 2502 2467 2557 Bekker
2494 2521 2525 2557 e
2555 2503 2881 2569 codicibus,
2915 2513 2981 2558 ut
3020 2502 3277 2572 videtur3
3304 2500 3443 2560 κατὰ
3482 2501 3677 2562 ‘Pe-sni-

2132 2607 2272 2664 χμου
2298 2589 2430 2644 cod.
2454 2590 2497 2644 F
2500 2588 2854 2662 alkenburg
2820 2629 2857 2657 .,
2882 2585 3019 2644 κατὰ
3044 2586 3387 2666 Ἀριστάρχου
3412 2591 3609 2664 vulgo.

2870 2693 2959 2732 ια.

2212 2758 2373 2816 Idem
2403 2759 2487 2831 11,
2529 2761 2613 2818 8.
2655 2759 2733 2818 Τὸ
2773 2755 2827 2818 δὲ
2855 2759 3177 2836 νεογιλὸν
3203 2759 3397 2826 Ἰσαῖος
3426 2759 3525 2838 μὲν
3552 2761 3681 2840 εἴρη-

2133 2869 2219 2904 κεν
2258 2847 2310 2902 ἐν
2346 2848 2422 2925 τῷ
2466 2850 2584 2906 κατ’
2639 2844 3050 2925 Ἀριστομάχου,
3098 2843 3193 2921 ἐμὲ
3234 2847 3279 2904 δ’
3318 2849 3412 2905 οὐκ
3458 2849 3677 2926 ἀρέσκει.

2134 2935 2325 2990 Codex
2372 2936 2645 2993 Falkenb.
2687 2955 2700 2991 :
2757 2936 2809 2992 ἐν
2836 2935 2915 3012 τῷ
2952 2933 3070 2992 κατ’
3114 2934 3476 3014 Ῥεσαίχμου,
3520 2941 3679 3013 vulgo

2135 3022 2405 3079 orationis
2431 3023 2645 3077 mentio
2672 3020 2892 3078 deerat.

2456 1203 2554 1264 lv.

2344 3141 2441 3200 Vl.
2486 3142 2687 3201 ΠΡΟΣ
2736 3141 3104 3213 ΒΟΙΩΤΟΝ,
3158 3143 3474 3205 ΕΦΕΣΙΣ.

2213 3287 2237 3314 «ι
2278 3266 2361 3318 Ex
2396 3263 2788 3318 Demosthenis
2824 3273 2989 3320 oratt.
3023 3260 3096 3336 39
3143 3274 3200 3319 et
3236 3269 3309 3328 4ο
3354 3265 3679 3340 intelligitur

2136 3351 2543 3418 Mantitheum,
2587 3348 2764 3404 filium
2812 3350 3030 3404 Mantiae
3058 3352 3399 3424 genuinum,
3440 3364 3503 3406 et
3530 3355 3678 3407 Boeo·

2136 3523 2414 3571 responsum
2435 3511 2637 3558 alterum
2666 3511 3003 3558 testamentum
3031 3511 3319 3571 attulerunt,
3349 3513 3489 3574 quod
3514 3513 3576 3561 ab
3600 3517 3676 3562 Ar·

2135 3580 2319 3642 chepolt
2351 3580 2399 3628 in
2422 3582 2601 3629 Lemno
2628 3579 2873 3628 conditum
2901 3577 3189 3630 dicebaut.»

2194 3721 2343 3768 lsaeus
2371 3717 2421 3766 in
2442 3719 2657 3767 oratione
2681 3717 2742 3766 de
2764 3651 3089 3779 Archsepolidis
3124 3717 3489 3770 hereditate..
3528 3726 3675 3780 Quum

2132 3791 2359 3850 quattuor
2388 3790 2673 3836 testamenta
2694 3787 2763 3836 illi
2786 3787 2997 3836 fabricati
3018 3791 3191 3838 essent.

2191 3927 2613 3990 Ἐνεσκευασμένην
2637 3927 2819 3976 lsaeus‘
2808 3940 2855 3975 ιιι
2884 3859 3097 3976 {ratione
3114 3930 3281 3978 contra
3312 3929 3673 3991 Aristogitonem

2129 4000 2179 4047 et
2224 3999 2517 4060 Archippum
2568 4011 2653 4060 pro
2696 3997 3060 4058 ἐσκευασμένην,
3102 3999 3422 4060 compositam
3452 4003 3507 4049 et
3538 4002 3673 4048 sitnm

2128 4068 2290 4118 latam
2494 4139 2580 4186 lx.
2617 4138 2869 4186 CONTRA
2902 4139 3319 4200 Anlsrocmffl,

2608 4207 2656 4255 si
2680 4207 2947 4268 genuina
2975 4207 3193 4256 oratio.

2190 4345 2283 4402 Qui
2300 4345 2480 4408 judicio
2496 4345 2706 4395 damnati
2726 4281 2951 4394 mulct¹aom
2974 4345 3257 4395 adversariis
3281 4358 3378 4394 non
3404 4347 3671 4409 persolvunt

2126 4415 2249 4464 intra
2292 4416 2419 4464 diem
2460 4416 2781 4475 praestitntum
2822 4415 3101 4477 ὑπερήμεροι
3146 4415 3473 4478 vocabantur;
3518 4422 3565 4465 et
3606 4429 3669 4462 res

2125 4483 2222 4546 ipsa
2249 4486 2570 4546 ὑπερημερῑα,
2591 4484 2755 4532 dilatio
2790 4483 2893 4543 ejus
2921 4484 3001 4544 qui
3033 4483 3091 4530 ad
3122 4482 3247 4532 diem
3286 4497 3383 4532 nou
3417 4487 3667 4541 satisfacit.

2128 4559 2181 4602 ut
2213 4556 2357 4602 lsaeus
2373 4555 2611 4633 siguificat
2636 4554 2685 4602 in
2704 4554 2913 4603 oratioue
2943 4555 3107 4602 contra
3135 4553 3456 4615 Aristociem,
3482 4557 3523 4606 si
3544 4559 3669 4604 modo

2124 4624 2325 4686 genuina
2343 4624 2446 4684 ejus
2465 4625 2634 4673 oratio.

2452 4695 2511 4741 V.
2548 4695 2798 4743 CONTRA
2824 4693 3321 4744 ARiSTOMACHUM

2188 4831 2463 4895 ’,Ανάπηρος
2503 4835 2607 4881 tolo
2624 4845 2833 4897 corpore
2846 4767 3084 4886 nicaenus.
3114 4833 3171 4880 ut
3192 4833 3344 4882 Isoeus
3365 4831 3485 4882 dicit
3512 4846 3558 4882 ιιι
3578 4844 3669 4880 ora·

2125 4902 2253 4951 tione
2276 4907 2437 4950 contra
2465 4903 2870 4952 Aristomachum:
2893 4901 3145 4964 Reliquit
3160 4903 3205 4951 in
3231 4902 3643 4965 tundo(mstello.·
3632 4901 3665 4962 )

2125 4982 2264 5018 senes
2290 4973 2342 5019 et
2371 4971 2582 5021 mutilos.

2184 5108 2404 5170 Νεογιλὸν
2439 5107 2533 5170 (de
2552 5108 2733 5158 infante
2768 5045 2931 5158 recgsfs
2972 5109 3115 5166 nato)
3146 5107 3267 5156 dixit
3294 5105 3490 5169 quidem
3525 5109 3659 5156 Isrrus

1755 5194 1778 5218 α
1795 5177 1908 5258 ifost
1950 5175 2039 5224 hoc
2126 5177 2172 5226 in
2197 5178 2409 5232 oratione
2426 5177 2592 5229 contra
2614 5178 2993 5228 Aristomachum
3012 5214 3024 5238 ,
3048 5179 3161 5228 mihi
3186 5189 3297 5228 vero
3320 5189 3415 5226 non
3438 5181 3601 5241 piacet.
