3825 5834
1485 402 1842 465 AGMENTA

161 630 331 689 Pollux
353 626 508 695 vm,
541 624 614 691 48
642 646 656 681 ι
689 613 794 681 Ἦν
823 622 878 682 δὲ
913 623 1020 698 (sc.
1047 626 1082 693 ἡ
1111 623 1396 701 ἐπωὸελία)
1431 622 1576 683 ἕκτον

107 723 173 777 τοῦ
193 713 474 790 τιμήματος,
505 714 576 777 ὡς
599 709 789 776 Ἰσαῖος
812 713 864 768 ἐν
892 714 968 791 τῷ
991 711 1120 787 πρὸς
1147 711 1430 783 Εὐκλείδην
1459 712 1578 790 περὶ

107 804 271 885 χωρίου.

745 895 842 953 60.

163 992 488 1067 Harpocratio
518 1007 534 1048 ε
563 988 910 1067 Ῥητορικὴ
939 988 1187 1065 γραφή·
1208 986 1398 1054 Ἰσαῖος
1422 991 1473 1046 ἐν
1505 992 1580 1074 τῷ

109 1080 202 1158 πρὸς
223 1076 496 1145 Εὐκλείδην.
534 1078 670 1149 Quae
704 1088 1018 1151 sequuntur
1051 1076 1204 1149 apud
1237 1078 1415 1151 Harp.
1449 1077 1581 1133 vide

111 1174 150 1227 in
172 1167 482 1241 Antiphontis
505 1164 574 1221 fr.
611 1170 706 1234 47.
737 1166 819 1222 Cf.
849 1167 991 1221 Lex.
1035 1165 1180 1221 rhet.
1217 1164 1346 1221 cod.
1377 1165 1577 1220 Canta·

111 1260 216 1329 brig.
229 1254 290 1309 ad
305 1253 494 1309 calcem
511 1252 703 1306 Photii
716 1270 774 1325 p.
791 1252 904 1321 677
941 1247 1089 1321 εῬη
1107 1270 1138 1305 τ
1154 1247 1361 1325 ορική.
1388 1247 1580 1314 Ἰσαῖος

113 1344 150 1399 ἐν
171 1344 226 1420 τῷ
247 1338 354 1417 πρὸς
373 1335 654 1407 Εὐκλείδην
679 1336 800 1413 περὶ
821 1335 1034 1416 χωρίου.
1057 1335 1168 1401 Τὰς
1197 1336 1398 1417 γραφάς
1429 1336 1582 1413 (γνώ-

113 1452 186 1504 μας
199 1430 317 1498 cod„
303 1450 314 1461 ·
333 1446 434 1485 em.
465 1424 522 1481 S.
540 1428 585 1496 ),
613 1423 674 1491 ἃς
690 1426 894 1501 εἰσῆγον
915 1426 986 1489 εἰς
1005 1422 1064 1481 τὸ
1086 1424 1415 1501 δικαστήριον
1446 1420 1580 1500 μετὰ

114 1514 391 1595 ψηφίσματος.
421 1510 519 1571 Καὶ
550 1508 860 1589 Ὑπερείδης
899 1512 952 1568 ἐν
989 1513 1068 1591 τῷ
1091 1509 1227 1569 κατὰ
1261 1510 1581 1576 Αὐτοκλέους

113 1600 392 1679 προδοσίας·
416 1602 686 1680 ῥητορικῆς
718 1601 778 1658 ἐκ
800 1598 1052 1676 δήμου.»
1081 1597 1242 1659 Ἔστι
1268 1597 1369 1676 γὰρ
1399 1598 1489 1655 καὶ
1522 1600 1581 1655 ἐκ

115 1690 250 1765 βουλῆς
275 1686 378 1764 (καὶ
415 1687 602 1759 ἐκὸολή
634 1690 797 1747 cod.-
782 1708 940 1761 ,.em
971 1688 1229 1762 Dobray.
1249 1692 1288 1759 ),
1310 1676 1412 1746 οἷον
1434 1687 1479 1743 εἰ
1515 1683 1582 1743 τὰ

117 1778 186 1833 wit
187 1775 212 1832 ὰ
243 1776 458 1851 (τοιαῦτα
495 1777 676 1847 cod.;
727 1795 837 1836 em.
869 1777 1088 1853 Meier.)
1143 1773 1281 1843 ἔδοξε
1324 1780 1400 1853 τῷ
1429 1772 1581 1855 δημῳ

111 1864 238 1940 ιιιὶτῇ
261 1864 416 1941 βουλῇ.
1149 1888 1154 1893 ·

167 1978 187 2001 a
207 1950 473 2027 Singularis
499 1962 582 2006 est
611 1951 731 2007 haec
760 1951 929 2006 lexici
970 1950 1432 2025 cantabrigiensis
1477 1970 1581 2007 ex-

112 2041 313 2113 plicatio,
345 2039 436 2093 sed
472 2057 588 2093 non
637 2038 1056 2112 improbabilis,
1097 2050 1162 2093 ut
1199 2057 1318 2093 non
1359 2038 1582 2095 videam

113 2146 196 2199 quo
220 2124 324 2197 jure
357 2124 585 2181 Meierus
615 2122 804 2179 omnia
848 2124 1124 2180 mutando
1167 2143 1290 2180 eam
1332 2136 1582 2181 evertere

113 2212 340 2267 studuerit.
365 2212 588 2267 Videtur
611 2212 1008 2287 grammaticus
1031 2210 1103 2266 de
1126 2208 1405 2287 προὸολαῖς
1433 2214 1582 2287 cogi-

113 2299 256 2353 misse
277 2317 290 2351 :
314 2298 379 2353 cs.
405 2298 596 2355 Meier.
633 2299 704 2354 de
730 2298 813 2357 lit.
842 2310 942 2357 att.
973 2316 1032 2372 p.
1063 2317 1171 2369 ²71
1203 2318 1328 2373 sqq.
1359 2324 1382 2349 ι
1411 2301 1582 2356 81111»-

113 2404 219 2441 nes.

113 2504 203 2563 XV.
263 2504 444 2565 ΠΡΟΣ
499 2498 946 2650 ΕΥΚΛΞῙέξΝ
1002 2506 1156 2565 ΤΟΝ
1221 2504 1581 2565 ΣΩΚΡΑΤΙ-

625 2706 683 2764 εἰ
720 2704 996 2781 γνήσιος.

169 2826 188 2849 ι
208 2803 497 2874 Quanquam
523 2804 991 2859 Westermannus
1017 2813 1074 2857 et
1098 2802 1586 2858 Weissenbornius

113 2888 217 2943 hanc
239 2891 514 2945 orationem
543 2908 670 2943 non
698 2889 970 2945 diversam
1001 2907 1119 2944 esse
1139 2888 1534 2961 judicaverunt
1555 2908 1587 2945 a

115 2986 258 3047 quarta
287 2978 511 3046 decima,
555 2988 750 3033 tamen
779 2980 949 3033 tutius
976 2978 1114 3033 mihi
1148 2978 1446 3033 videbatur
1473 2995 1586 3032 esse

113 3061 484 3133 aliterjudicare.
511 3066 662 3121 Nam
684 3084 810 3120 cum
840 3066 1092 3138 quinque
1113 3063 1250 3119 locis
1272 3066 1590 3138 Harpocra-

111 3149 170 3201 tio
191 3150 246 3204 de
267 3154 499 3207 oratione
537 3164 744 3207 contra
769 3153 1058 3208 Euclidem
1099 3152 1294 3207 habita
1337 3172 1588 3208 comme-

111 3240 372 3306 motaverit,
403 3250 600 3313 quater
629 3258 815 3313 neque
845 3240 917 3295 de
940 3241 1156 3315 origine
1185 3240 1465 3295 dubitavit
1491 3260 1589 3297 ne·

113 3340 192 3393 que
207 3322 420 3381 Socratis
440 3328 782 3401 discipulum
813 3327 1228 3401 intelligendum
1259 3346 1376 3383 esse
1405 3328 1543 3383 dixit
1573 3345 1588 3386 τ

111 3408 190 3463 hoc
221 3430 317 3467 uno
353 3426 404 3469 et
429 3416 712 3489 originem
740 3416 971 3470 dubiam
998 3434 1112 3470 esse
1140 3424 1193 3471 et
1221 3417 1292 3471 de
1329 3435 1444 3489 quo
1479 3416 1590 3471 ho-

113 3497 220 3551 mine
238 3502 570 3572 cogitandum
597 3513 744 3557 esset
761 3500 1002 3559 addidit.
1035 3502 1334 3557 Orationes
1353 3502 1594 3557 diversas

113 3582 232 3637 fuisse
253 3586 454 3642 videtur
478 3590 652 3644 etiam
683 3590 764 3647 M.
807 3588 1048 3643 Meierus
1085 3588 1160 3643 ad
1191 3588 1383 3663 fragm.
1425 3587 1590 3646 lexic-

111 3670 302 3729 cantabr.
325 3692 380 3747 p.
411 3674 481 3739 34
505 3674 792 3746 judicare.
819 3696 844 3725 ιι
871 3676 1158 3735 81099105.

815 3790 860 3825 1.

167 3857 535 3931 Harpocratio:
571 3858 708 3920 Ὅτι
735 3770 804 3919 ‘eg
839 3860 1285 3939 ἐπικηρυττόμενά
1323 3884 1428 3921 τισι
1453 3862 1594 3942 χρη-

115 3962 217 4011 ματα
243 3943 432 4004 ἐπὶτῶν
463 3949 662 4025 βωμῶν
704 3948 926 4021 ἐτίθετο,
964 3949 1168 4028 εἴρηκεν
1205 3948 1397 4016 Ἰσαῖος
1441 3952 1492 4007 ἐν
1519 3952 1594 4030 τῷ

113 4048 205 4105 προς
235 4031 493 4103 Εὐκλείδην
529 4033 620 4092 τὸν
652 4034 1014 4114 Σωκρατικόν,
1045 4038 1088 4094 εἰ
1123 4035 1334 4113 γνησιος
1374 4040 1402 4094 ὁ
1429 4007 1594 4115 λόγος.

117 4162 432 4229 ΧἩ.1ΠΕΡ
459 4172 918 4242 ΕΥΜΑΘΟΥΣ,
949 4174 1075 4234 ΕΙΣ
1114 4173 1596 4234 ΕΛΕΥΘΕΡΙΑΝ

595 4260 1032 4321 ΑΦΑΙΡΕΣΙΣ.

171 4389 188 4413 ι
212 4368 476 4427 Eumathes
497 4374 798 4429 libertinus
831 4374 962 4444 fuit,
987 4377 1085 4448 qui
1103 4386 1404 4450 postquam
1432 4395 1465 4432 a
1492 4376 1592 4432 do·

117 4453 228 4506 mino
253 4454 481 4532 Epigene
507 4478 686 4516 manu
711 4463 906 4517 missus
935 4473 1085 4532 erat,
1117 4464 1490 4537 argentariam
1517 4464 1594 4519 sa-

783 4630 859 4675 59.

161 4731 204 4779 Ἡ
229 4734 400 4785 ἐπωὸελὶ
385 4756 432 4787 ια
453 4742 558 4791 erat
597 4749 732 4791 sexta
761 4757 873 4804 pars
907 4744 1004 4793 litis
1028 4746 1306 4808 aestimare,
1330 4746 1452 4797 tecle
1479 4750 1597 4797 Isaeo

117 4796 151 4845 in
169 4804 338 4855 oratione
359 4808 584 4862 adversus
606 4812 855 4863 Euclidem
877 4814 938 4864 de
959 4814 1121 4867 tundo.

843 4938 921 4992 60..

164 5022 360 5087 Ῥητορικὴ
380 5032 556 5092 γραφή,
599 5046 708 5095 quae
729 5036 896 5085 contra
921 5042 1132 5089 oratores
1169 5038 1430 5089 instituitur
1457 5051 1597 5089 causa

123 5090 254 5142 lsaem'
243 5107 284 5144 ιιι
301 5102 496 5151 oratione
515 5105 681 5153 contra
700 5105 966 5156 Euclidem.

1672 555 1800 591 cere
1829 547 2099 610 coeperat.
2134 538 2300 591 Hunc
2339 547 2467 609 post
2504 538 2765 611 Epigenis
2788 549 3026 595 mortem
3054 542 3217 599 heres

1671 623 1788 694 ejus
1817 625 2115 698 Dionysius
2154 633 2417 695 tanquam
2448 642 2667 679 servum
2696 644 2857 679 suurn
2886 627 3137 683 vindicat
3164 641 3222 686 et

1671 711 1955 766 abducere
1979 722 2232 767 conatur.
2259 714 2515 765 Assertor
2539 710 2827 767 Eumathis
2848 712 2913 767 fit
2936 716 3219 772 Xenocles

1671 808 1727 853 et
1755 817 1858 872 per
1887 795 2157 875 ἀφαίρεσιν
2184 799 2292 852 sive
2318 793 2565 871 ἐξαίρεσιν
2592 797 2878 853 hominem
2911 800 3219 857 vindicanti

1671 888 1875 959 eripit3
1907 885 2066 957 cujus
2104 887 2186 939 rei
2210 885 2388 957 qualis
2424 884 2593 939 fuerit
2618 884 2761 937 ordo
2786 886 3064 958 legitimus
3094 888 3221 942 dili-

1669 987 1867 1050 genter
1889 974 2207 1047 expositum
2226 982 2306 1026 est
2325 990 2356 1026 a
2377 974 2590 1026 Meiero
2608 974 2693 1026 De
2716 970 2840 1027 ord.
2859 971 2981 1042 jud.
3006 991 3063 1045 p.
3085 973 3219 1046 396.

1671 1065 1912 1135 Propter
1935 1062 2083 1115 hane
2108 1054 2378 1136 ἀφαίρεσιν
2411 1058 2692 1111 actionem
2716 1058 2960 1113 Xenocli
2984 1061 3223 1115 intendit

1669 1151 2005 1223 Dionysius,
2047 1145 2205 1217 cujus
2239 1145 2568 1212 formulam,
2596 1145 2730 1199 licet
2755 1161 2871 1199 non
2912 1146 3183 1219 integram
3204 1186 3221 1215 ,

1667 1236 1939 1293 habemus
1960 1237 2019 1289 in
2038 1234 2353 1305 fragmento
2378 1230 2474 1288 63.
2496 1231 2764 1287 Defendit
2789 1251 2845 1287 se
2862 1243 2918 1287 et
2938 1232 3225 1289 Eumathis

1671 1322 1989 1377 libertatem
2036 1330 2227 1374 tuetur
2268 1320 2372 1373 hac
2423 1320 2681 1373 oratione
2729 1319 3024 1377 Xenocles.
3066 1322 3225 1377 Cete-

1672 1430 1797 1465 rum
1840 1409 2001 1483 quod
2029 1408 2087 1461 in
2127 1405 2371 1461 formula
2400 1406 2496 1461 illa
2538 1404 2689 1481 apud
2716 1408 3225 1481 Harpocra’tionem

1671 1496 1906 1572 legitur(
1920 1514 2049 1552 nam
2064 1492 2267 1550 Suidas
2276 1504 2334 1549 et
2345 1496 2483 1550 Lex.
2503 1492 2736 1567 Seguer.
2754 1506 3037 1569 postrema
3050 1498 3227 1553 verba

1671 1583 2013 1659 emittunt):
2047 1580 2255 1657 ἄγοντος
2280 1580 2406 1654 ἐμοῦ
2439 1581 2507 1644 εἰς
2531 1578 2760 1637 δουλείαν
2790 1601 2868 1637 κα
2884 1579 2961 1639 τὰ
2984 1581 3053 1640 τὸ
3077 1582 3225 1659 ἐμὸν

1672 1669 1748 1746 μέ
1765 1692 1910 1749 ροςι
1960 1669 2315 1727 statuendum
2344 1679 2427 1723 est
2452 1678 2660 1743 praeter
2694 1669 3027 1743 Dionysium
3058 1673 3227 1727 etiam

1669 1762 1839 1835 alios,
1881 1778 2061 1815 unum
2105 1768 2257 1813 certe
2296 1756 2463 1811 fuisse
2510 1758 2771 1830 Epigenis
2808 1757 3109 1828 heredem,
3154 1762 3228 1815 ad

1672 1865 1869 1921 quem,
1901 1848 1949 1901 si
1978 1844 2209 1919 quidem
2243 1844 2540 1899 Eumathes
2567 1862 2685 1899 non
2712 1862 2885 1899 manu
2916 1846 3111 1901 missus
3141 1866 3231 1903 es-

1669 1945 1783 2008 set,
1810 1933 2127 1990 dominium
2155 1932 2274 2004 ejus
2302 1950 2419 1986 non
2445 1934 2629 1986 minus
2650 1932 2953 2005 pertineret
2980 1952 2995 1987 ι
3026 1934 3126 1989 sed
3157 1953 3229 1989 ex

1670 2020 1757 2076 his
1781 2022 1964 2076 solum
1994 2020 2158 2075 fuisse
2186 2020 2517 2091 Dionysium
2560 2020 2656 2090 qui
2688 2019 2761 2073 de
2801 2020 3059 2076 libertate
3090 2040 3231 2077 con-

1674 2108 2003 2164 troversiam
2029 2116 2286 2161 moveret
2311 2123 2582 2179 suamque
2613 2106 2719 2159 sibi
2748 2114 2964 2177 partem
2991 2105 3229 2162 dominii

1670 2195 2004 2254 vindicaret.
2038 2226 2116 2237 -
2151 2194 2349 2249 Aetam
2377 2210 2490 2247 esse
2520 2206 2745 2247 causam
2782 2204 2914 2266 post
2958 2194 3229 2268 Cephiso-

1673 2281 1878 2337 dorum
1903 2281 2233 2337 archontem
2254 2290 2489 2353 apparet
2513 2297 2580 2334 ex
2599 2280 2785 2336 verbis
2812 2297 2827 2337 ε
2852 2285 3228 2357 τριηραρχοῦν-

1672 2388 1760 2433 τος
1786 2364 1888 2445 γάρ
1919 2386 2018 2444 μου
2040 2364 2126 2423 ἐπὶ
2158 2364 2534 2444 Κηφισοδώρου
2556 2364 2802 2443 ἄρχοντος
2830 2368 2947 2423 κτλ.
2976 2366 3089 2424 Sed
3118 2371 3230 2425 hoc

1671 2456 1857 2529 ipsum
1901 2455 2189 2510 archontis
2231 2472 2441 2510 nomen
2488 2456 2769 2510 incertum
2797 2466 2907 2529 est,
2954 2457 3232 2529 siquidem

1675 2543 1829 2617 apud
1875 2544 2114 2616 Dionys.
2148 2543 2279 2597 Hal.
2324 2544 2519 2616 paullo
2566 2542 2712 2597 infra
2738 2560 2795 2615 p.
2828 2540 2961 2616 597,
3012 2545 3112 2598 ubi
3139 2546 3233 2600 hic

1673 2632 1834 2685 locus
1863 2632 2155 2704 repetitur,
2192 2627 2279 2685 ἐπὶ
2320 2628 2675 2708 Κηφισοδότου
2718 2632 2991 2704 scriptum
3032 2644 3228 2689 exstat.

1675 2717 2119 2791 Cephisodotum
2163 2718 2493 2773 archontem
2532 2718 2624 2772 01.
2679 2716 2811 2787 105,
2842 2718 2872 2773 3
2894 2763 2909 2787 ,
2942 2736 2992 2776 a.
3022 2720 3083 2779 C.
3120 2719 3232 2775 368

1673 2804 1884 2861 habent
1903 2808 2053 2862 Fasti
2076 2824 2108 2861 e
2129 2806 2392 2861 Diodoro
2412 2806 2547 2861 XVI
2564 2849 2579 2875 ,
2610 2804 2646 2860 6
2666 2816 2720 2860 et
2740 2808 2972 2879 Dionys.
2996 2809 3027 2863 J
3029 2808 3131 2865 ud.
3162 2808 3232 2863 do

1675 2893 1967 2948 Dinarcho
1993 2911 2057 2965 p.
2098 2890 2251 2960 6483
2292 2890 2742 2964 Cephisodorum
2772 2891 2863 2947 01.
2902 2891 3033 2959 103,
3082 2892 3139 2965 3,
3168 2895 3230 2951 C.

1679 2978 1792 3033 266
1821 2997 1852 3033 e
1878 2977 2141 3034 Diodoro
2168 2978 2298 3046 XV,
2337 2978 2409 3048 76
2438 2987 2495 3033 et
2521 2977 2884 3036 Demosthen.
2918 2997 2971 3035 c.
2996 2976 3231 3038 Onetor.

1677 3067 1724 3134 Ι,
1743 3084 1805 3139 p.
1825 3066 1960 3122 868.
1978 3066 2153 3139 Atqui
2169 3065 2280 3121 hoc
2302 3084 2449 3121 anno
2468 3067 2815 3121 maritimum
2826 3066 3037 3122 bellum
3062 3068 3237 3124 Athe-

1676 3154 1895 3209 nienses
1922 3154 2138 3209 nullum
2162 3165 2480 3228 gesserunt;
2513 3164 2713 3210 contra
2732 3153 2822 3209 01.
2854 3151 2990 3223 105,
3013 3154 3045 3210 3
3073 3173 3239 3211 exor-

1679 3251 1798 3295 tum
1817 3251 1901 3297 est
1916 3242 2135 3296 bellum
2163 3242 2371 3295 sociale
2397 3244 2628 3314 ejusque
2654 3241 2837 3295 statim
2858 3242 3018 3297 initio
3046 3260 3239 3317 pugna

1677 3329 1888 3383 navalis
1912 3328 2212 3383 commissa
2233 3326 2305 3383 ad
2322 3326 2523 3386 Chium
2544 3326 2781 3382 insulam
2802 3328 3063 3399 (Diodor.
3086 3332 3237 3400 xvl,

1687 3414 1813 3490 17).
1859 3418 1987 3471 Huc
2035 3416 2208 3488 igitur
2234 3415 2522 3487 pertinere
2558 3416 2828 3470 Xenoclis
2854 3416 3239 3472 narrationem

1681 3502 1856 3557 credo
1889 3520 2019 3557 cum
2065 3502 2332 3558 Clintono
2374 3504 2521 3557 Fast.
2562 3502 2711 3558 nell.
2760 3520 2819 3574 p.
2860 3498 2994 3559 135.
3043 3504 3239 3575 Neque

1681 3600 1868 3645 tamen
1910 3592 1969 3645 in
2000 3590 2318 3663 fragmento
2348 3602 2545 3645 nostro
2581 3584 2941 3667 Κηφισοδότου
2961 3608 3240 3664 reponere

1681 3679 1855 3732 ausim
1880 3694 1894 3733 t
1932 3696 2061 3731 nam
2092 3676 2249 3749 quod
2287 3677 2347 3730 in
2374 3678 2483 3731 isto
2513 3678 2691 3732 altero
2720 3678 2973 3749 Dionysii
3003 3678 3135 3732 loco
3164 3678 3240 3734 ita

1679 3768 1952 3839 scriptum
1997 3768 2083 3819 est
2130 3782 2339 3819 nomen
2384 3765 2704 3834 archontis,
2740 3762 2863 3819 fieri
2903 3775 3086 3837 potest
3115 3776 3177 3819 ut
3204 3784 3240 3820 a

1679 3852 1927 3909 librariis
1972 3862 2271 3926 peccatum
2320 3853 2419 3920 sit,
2476 3852 2745 3909 facillimo
2796 3870 3017 3922 errore,
3063 3870 3240 3924 quum

1681 3941 1876 4012 paucis
1916 3951 2044 3994 ante
2077 3940 2328 3994 versibus
2372 3939 2813 4014 Cephisodotum
2844 3938 3091 4012 aliquem
3112 3958 3239 3995 me-

1682 4038 1965 4082 moratum
1991 4027 2249 4083 viderent
2282 4029 2344 4083 in
2384 4029 2559 4101 Lysiae
2597 4028 2912 4101 fragmento
2956 4027 3113 4100 quod
3158 4027 3241 4082 ibi

1683 4116 1985 4187 Dionysius
2012 4117 2278 4189 apposuit
2300 4134 2313 4172 :
2339 4116 2603 4171 Diodoro
2624 4127 2813 4171 autem
2842 4126 2899 4171 et
2926 4116 3088 4170 alteri
3107 4118 3241 4171 Dio-

1684 4204 1825 4276 nysii
1848 4205 1980 4259 loco
2004 4207 2063 4259 in
2085 4205 2220 4262 Jud.
2254 4205 2324 4261 de
2342 4206 2612 4262 Dinarch.
2643 4205 2861 4280 opponi
2880 4206 3241 4279 potestMar-

1683 4291 1862 4346 moris
1907 4293 2055 4347 Parii
2084 4294 2389 4349 auctoritas
2409 4334 2425 4362 ,
2455 4295 2517 4348 in
2544 4302 2609 4349 11ο
2640 4293 2713 4364 75
2738 4334 2754 4362 ,
2786 4292 2905 4364 ejus
2930 4294 3087 4361 armi,
3120 4310 3239 4364 quo

1685 4376 1999 4434 Phocenses
2034 4380 2375 4453 Delphicum
2408 4382 2680 4455 templum
2708 4382 2951 4454 spoliare
2996 4380 3239 4455 aggressi

1685 4466 1829 4534 sint,
1867 4466 1931 4523 h.
1964 4482 2013 4523 e.
2055 4468 2143 4523 Ol.
2184 4466 2327 4538 105,
2362 4467 2427 4537 3,
2462 4468 2678 4522 archon
2705 4478 2940 4522 vocatur
2970 4466 3237 4539 Cephiso-

1899 4630 2219 4679 ADVERSUS
2248 4632 2567 4681 EUCLlDEM
2596 4630 3017 4689 SOCRATlCUM,

2055 4723 2228 4774 modo
2251 4725 2527 4787 genuina
2548 4725 2631 4775 sit
2652 4725 2865 4774 oratio.

2422 4823 2498 4870 ol:

1748 4906 1978 4966 Pecunia,
1998 4918 2144 4967 quam
2174 4918 2255 4967 per
2274 4919 2543 4969 praeconem
2572 4906 2615 4955 ei
2653 4904 2999 4967 pollicebantur
3033 4902 3114 4964 qui
3151 4902 3239 4952 ali-

1683 4986 1830 5035 quem
1851 4975 2016 5022 vivum
2042 4980 2343 5025 mortuumve
2367 4976 2595 5036 traderet,
2622 4977 2671 5025 in
2692 4976 2788 5025 aris
2816 4972 3157 5035 deponebatur,
3180 4976 3239 5024 ut

1685 5046 1833 5093 lsaeus
1871 5042 1987 5092 dicit
2026 5042 2073 5093 iu
2116 5045 2327 5093 oratione
2362 5044 2595 5095 adversus
2632 5044 2877 5095 Euclidem
2914 5044 3237 5105 socraticum,

1685 5113 1830 5163 modo
1858 5112 2067 5177 genuina
2092 5113 2154 5164 sit
2176 5114 2343 5164 oratio.
3242 5146 3255 5177 ,
