3825 5834
505 450 598 497 8².

502 567 764 646 πόρρωθεν
795 563 1040 639 δεδιέναι,
1066 561 1374 641 ἀπαγορεύω
1391 561 1567 640 μέντοι
1589 560 1664 640 μὴ
1690 561 2051 643 συνταράττειν

503 657 645 728 ἡμᾶς
668 651 794 732 πρὸς
824 650 1053 720 ἀλλήλας
1082 649 1171 715 τὰς
1195 649 1397 721 πόλεις,
1417 649 1475 708 τὸ
1505 650 1580 726 μὴ
1602 650 2052 729 πολυπραγμονεῖν

502 743 643 810 ἡμᾶς
664 737 780 804 τοὺς
806 736 1047 816 πρέσόεις
1072 736 1257 812 μηδέν,
1277 735 1416 794 τοῦτ’
1448 735 1637 812 ἀγαθὸν
1665 736 2051 811 ὑπολαμὸάνων

503 816 656 886 εἶναι.
759 827 876 902 (¹07)
905 820 1194 902 Πορεῦεται
1233 822 1499 888 Φίλιππος
1527 823 1596 888 εἰς
1621 821 1831 896 Πύλας,
1863 821 1967 900 ἐγὼ
1999 821 2051 880 δὲ

426 931 478 974 ιο
505 910 914 988 ἐγκαλύπτομαι.
933 908 1117 974 Οὐδείς
1139 931 1204 985 με
1224 911 1326 965 τῶν
1348 906 1521 966 ὅπλων
1547 907 1697 967 ἕνεκα
1721 913 1822 968 τῶν
1853 908 2055 970 Φιλίπ-

505 1021 606 1057 που
624 1001 811 1080 κρινεῖ,
835 997 948 1055 ἀλλ’
968 995 1029 1055 ἂν
1049 995 1182 1054 είπω
1205 1019 1255 1054 τι
1284 993 1358 1071 μὴ
1389 994 1500 1054 δέον
1525 993 1560 1066 ἢ
1579 994 1760 1075 πράξω
1781 1019 1830 1054 τι
1857 999 1959 1054 τῶν
1980 997 2052 1072 μὴ

504 1082 988 1165 προστεταγμένων.
1026 1109 1048 1134 ι
1139 1080 1313 1162 Πέρας
1340 1079 1394 1140 δὲ
1417 1087 1506 1140 τοῦ
1533 1082 1836 1161 πράγματος
1864 1083 2054 1164 ἐψηφί-

508 1195 666 1230 σαντο
723 1175 770 1230 οἱ
817 1168 1198 1246 συμπρέσὸεις,
1255 1170 1370 1227 κατ’
1426 1167 1588 1248 ἄνδρα
1661 1171 2057 1249 ἐπερωτώμενος

507 1255 722 1324 ἕκαστος
757 1261 930 1334 ἡμῶν,
973 1253 1008 1314 ὅ
1032 1280 1083 1314 τι
1111 1255 1304 1332 νομίζει
1342 1255 1639 1336 συμφέρειν,
1683 1263 1832 1314 τοῦτο
1864 1254 2052 1332 λέγειν.

505 1343 634 1403 Ὅτι
653 1346 700 1403 δ’
719 1346 885 1414 ἀληθῆ
905 1343 1060 1420 λέγω,
1079 1343 1228 1400 κάλει
1247 1363 1335 1420 μοι
1353 1342 1469 1408 τοὺς
1495 1340 1845 1421 συμπρέσὸεις
1859 1343 1949 1400 καὶ
1962 1341 2055 1414 τὴν

511 1431 798 1511 μαρτυρίαν
827 1433 996 1489 αὐτῶν
1017 1429 1156 1507 λε’γε.

1121 1573 1452 1620 ΜΑΡΤΥΡΙΑ.

433 1713 483 1752 15
591 1719 687 1758 tos.
733 1696 950 1768 Ἐπειδὴ
980 1697 1170 1769 τοίνυν,
1189 1687 1523 1767 &ito-nuato„
1547 1692 1930 1774 συνελέχθησαν
1960 1694 2055 1771 μὲν

509 1787 581 1852 εἷς
619 1783 828 1843 Πέλλαν
854 1785 909 1840 αἱ
944 1781 1250 1862 πρεσὸεἷαι,
1279 1787 1452 1862 παρῆν
1501 1782 1555 1842 δὲ
1595 1787 1622 1842 δ
1662 1783 1929 1848 Φίλιππος
1970 1782 2059 1840 καὶ

507 1871 624 1938 τοὺς
661 1869 940 1944 Ἀθηναίων
963 1869 1204 1949 πρέσόεις
1245 1874 1272 1928 ὃ
1305 1869 1466 1949 κῆρυξ
1499 1871 1672 1930 ἐκάλει
1691 1915 1706 1942 ,
1736 1873 1940 1949 πρῶτον
1966 1869 2061 1944 μὲν

509 1957 795 2038 παρῄειμεν
820 1959 877 2016 οὗ
906 1957 1019 2014 καθ’
1052 1956 1258 2027 ἡλικίαν
1283 1956 1460 2037 ὥσπερ
1491 1959 1542 2014 ἐν
1567 1963 1632 2035 τῇ
1660 1955 1820 2037 προτέ
1853 1981 1888 2036 α
1931 1978 2057 2035 πρε-

510 2045 694 2126 σὸεία,
741 2043 769 2102 ὃ
810 2043 955 2123 παρά
1002 2067 1134 2102 τισιν
1165 2044 1428 2122 εὐδοκίμει
1455 2044 1546 2102 καὶ
1575 2045 1766 2120 κόσμος
1813 1981 1943 2100 εςίναι
1972 2047 2061 2112 τῆς

507 2133 706 2199 πόλεως
736 2132 997 2214 ἐφαίνετο,
1029 2129 1164 2188 ἀλλὰ
1203 2133 1338 2189 κατὰ
1379 2131 1472 2202 τὴν
1503 2130 1858 2206 Δημοσθένους
1897 2135 2059 2186 ἀναι-

510 2221 778 2299 σχυντίαν.
865 2218 1098 2278 Φάσκων
1124 2217 1224 2300 γὰρ
1252 2217 1503 2284 νεώτατος
1537 2209 1671 2276 εἶναι
1705 2217 1936 2290 πάντων,
1966 2217 2060 2286 τὴν

510 2307 651 2374 τάξιν
708 2313 796 2365 τοῦ
840 2309 1041 2385 πρῶτος
1089 2305 1258 2383 λέγειν
1304 2307 1398 2364 οὑκ
1456 2305 1517 2362 ἂν
1567 2305 1661 2387 ἔφη
1710 2308 2055 2384 παραλιπεῖν,

432 2412 487 2452 20
514 2397 618 2452 οὐδ’
647 2395 935 2473 ἐπιτρέψειν
973 2393 1074 2450 τινί
1105 2393 1486 2470 (αἰνιττόμενος
1521 2395 1590 2459 εἷς
1627 2395 1747 2470 ἐμέ)
1792 2416 2059 2471 προκατα·

510 2480 740 2540 λαὸόντα
769 2479 835 2538 τὰ
858 2479 1132 2540 Φιλίππου
1161 2469 1270 2537 ὦτα
1297 2489 1399 2545 τοῖς
1425 2481 1594 2546 ἄλλοις
1621 2480 1771 2557 λόγον
1799 2481 1872 2553 μὴ
1897 2503 2057 2537 κατα-

511 2568 697 2625 λιπεῖν.
743 2565 858 2642 (iou)
909 2565 1214 2644 Ἀρξάμενος
1240 2566 1293 2623 δὲ
1320 2571 1411 2623 τοῦ
1444 2565 1610 2643 λέγειν
1630 2611 1646 2640 ,
1675 2565 1923 2636 διαὸολήν
1943 2589 2057 2623 τινα

513 2651 744 2713 ὑπειπὼν
797 2649 933 2710 κατὰ
973 2657 1074 2711 τῶν
1121 2651 1499 2731 συμπρέσὸεων
1522 2697 1538 2726 ,
1587 2656 1655 2718 ὡς
1704 2655 1803 2732 οὐχ
1837 2653 2062 2720 ἅπαντες

511 2740 640 2820 ὑπὲρ
667 2744 770 2799 τῶν
793 2742 958 2798 αὐτῶν
982 2738 1084 2798 οὐδ’
1107 2737 1274 2815 ὅμοιοι
1293 2743 1410 2804 ταῖς
1429 2737 1598 2806 δόξαις
1623 2737 1816 2815 ἥκομεν
1834 2784 1851 2815 ,
1876 2739 2063 2816 διεξῄει

513 2828 605 2895 τὰς
643 2827 922 2904 ὑπηρεσίας
963 2825 1056 2892 τὰς
1099 2823 1434 2906 ὑπηργμένας
1473 2827 1545 2894 εἰς
1580 2825 1850 2886 Φίλιππον
1889 2830 2059 2906 αὑτῷ,

513 2915 726 2994 πρώτην
771 2911 864 2988 μὲν
909 2913 1000 2982 τὴν
1038 2915 1092 2972 ἐν
1137 2915 1212 2992 τῷ
1249 2911 1546 2996 ψηφίσματι
1585 2918 1674 2971 τοῦ
1706 2913 2063 2993 Φιλοκράτους

516 3001 824 3080 συνηγορίαν
841 3046 858 3074 ,
908 2998 992 3057 ὅτε
1039 2999 1218 3080 ἔφευγε
1265 3001 1602 3080 παρανόμων,
1635 3000 1818 3066 ἐξεῖναι
1859 3001 2063 3080 γράψας

440 3111 492 3150 aa
521 3089 780 3168 Φιλίππῳ
803 3086 1044 3168 πρέσὸεις
1064 3087 1190 3167 πρὸς
1221 3087 1513 3160 Ἀθηναίους
1533 3087 1662 3167 ὑπὲρ
1698 3088 2060 3167 εἰρήνης-πέμ·

517 3200 661 3235 πειν·
701 3175 932 3256 δεύτερον
963 3173 1017 3234 δὲ
1047 3173 1318 3252 ὑπανέγνω
1361 3176 1420 3233 τὸ
1461 3174 1707 3254 ψήφισμα
1739 3175 1768 3234 ὃ
1794 3175 2063 3257 γεγραφὼς

512 3263 664 3329 αὑτὸς
685 3255 748 3336 ἦν
769 3309 784 3334 ,
817 3260 1128 3321 σπείσασθαι
1153 3265 1227 3342 τῷ
1248 3260 1437 3340 κήρυκι
1467 3261 1556 3318 καὶ
1588 3266 1654 3342 τῇ
1679 3262 1824 3342 παρὰ
1860 3262 2061 3322 Φιλίπ-

511 3373 615 3409 που
636 3349 918 3430 πρεσὸείᾳ,
935 3348 1105 3428 τρίτον
1143 3347 1197 3406 δὲ
1227 3349 1286 3406 τὸ
1313 3348 1430 3426 περὶ
1453 3354 1540 3405 τοῦ
1571 3347 1948 3426 βουλεύσασθαι
1975 3350 2061 3408 τὸν

511 3438 676 3513 δῆμον
721 3434 848 3515 ὑπὲρ
890 3435 1095 3515 εἰρήνης
1121 3437 1174 3493 ἐν
1219 3435 1433 3500 τακταῖς
1475 3435 1707 3514 ἡμέραις.
1799 3435 1914 3512 (uo)
1954 3437 2060 3496 Καὶ

497 3523 802 3603 προσέθηκέ
823 3547 873 3581 τι
900 3528 1126 3582 τοιοῦτον
1153 3521 1426 3600 ἐνθύμημα
1449 3525 1524 3602 τῷ
1547 3525 1686 3602 λόγῳ
1701 3569 1718 3596 ,
1753 3522 1830 3580 ὅτι
1861 3527 2063 3601 πρῶτος

505 3611 850 3689 «ἐπιστομίσαι
871 3611 986 3678 τοὺς
1021 3609 1114 3682 τὴν
1145 3609 1352 3690 εἰρήνην
1377 3610 1730 3682 ἐκκλείοντας,
1757 3613 1816 3668 οὐ
1839 3615 1947 3677 τοῖς
1974 3610 2060 3668 λό-

444 3726 498 3764 ³0
516 3721 654 3779 γοις,
687 3697 822 3756 ἀλλὰ
859 3702 965 3764 τοῖς
983 3697 1198 3776 χρόνοις.
1281 3696 1487 3756 Ἔπειθ’
1503 3695 1672 3776 ἕτερον
1701 3697 1925 3774 ἐπήγετο
1951 3696 2061 3777 ψή-

518 3807 715 3864 φισμα,
741 3783 802 3842 τὸ
837 3785 926 3842 καὶ
953 3784 1072 3864 περὶ
1115 3785 1421 3862 συμμαχίας
1451 3783 1828 3862 βουλεύσασθαι
1855 3784 1941 3841 τὸν
1972 3786 2063 3854 84,-

521 3894 649 3946 μον,
690 3871 780 3928 καὶ
813 3871 944 3947 μετὰ
969 3874 1117 3930 ταῦτ’
1159 3872 1260 3942 ἤδη
1303 3871 1362 3930 τὸ
1395 3871 1514 3948 περὶ
1555 3875 1644 3939 τῆς
1673 3871 1948 3950 προεδρίας
1972 3875 2063 3941 τῆς

518 3959 589 4024 εἷς
612 3956 675 4015 τὰ
693 3957 940 4018 Διονύσια
966 3965 1070 4024 τοῖς
1093 3957 1344 4036 πρέσὸεσι
1369 3959 1474 4023 τοῖς
1501 3959 1773 4019 Φιλίππου
1796 3959 2061 4038 ψήφισμα.

510 4045 638 4120 ,(ιιι)
675 4043 781 4102 Καὶ
805 4043 1088 4124 προσέθηκε
1113 4043 1206 4114 τὴν
1231 4041 1532 4118 ἐπιμέλειαν
1553 4047 1646 4116 τὴν
1677 4048 1758 4104 ἐπ’
1772 4045 1955 4111 αὐτοὺς
1973 4045 2064 4103 καὶ

517 4131 952 4210 προσκεφαλαίων
981 4130 1119 4189 θέσιν
1141 4130 1231 4188 καὶ
1249 4130 1482 4212 φυλακάς
1506 4154 1646 4196 τινας
1669 4131 1758 4188 καὶ
1777 4133 2066 4210 ἀγρυπνίας

511 4215 605 4275 διὰ
633 4213 746 4282 τοὺς
774 4221 1079 4296 φθονοῦντας
1106 4217 1194 4275 καὶ
1220 4216 1559 4294 βουλομένους
1587 4220 1658 4284 εἷς
1683 4217 1776 4288 τὴν
1803 4221 1959 4276 αὐτοῦ
1983 4241 2063 4300 :pi-

509 4301 757 4380 ,λοτιμίαν
794 4303 1032 4383 ὑ6ρίσαι,
1062 4304 1151 4361 καὶ
1179 4303 1242 4361 τά
1281 4327 1340 4381 γε
1369 4303 1432 4375 δὴ
1470 4306 1834 4384 καταγέλαστα
1872 4328 2065 4364 παντε-

437 4403 492 4444 aa
518 4391 622 4456 λῶς
644 4434 661 4464 ,
686 4391 766 4470 ἐφ’
789 4381 862 4456 οἷς
890 4394 934 4449 οἳ
964 4389 1316 4470 συμπρέσὸεις
1340 4391 1746 4472 ἐνεκαλύψαντο,
1775 4395 1843 4458 ὼς
1869 4391 2059 4459 ἐξένισε

515 4476 632 4544 τοὺς
655 4475 898 4558 πρέσὸεις
921 4476 1035 4544 τοὺς
1069 4477 1343 4537 Φιλίππου
1361 4482 1472 4551 ,ὡς
1507 4479 1822 4556 ἐμισθώσατ’
1859 4482 2061 4551 αὐτοῖς,

519 4565 595 4622 ὅτ’
619 4563 888 4642 ἀπῄεσαν,
923 4565 1075 4646 ὀρικὰ
1103 4565 1258 4643 ζεύγη
1298 4565 1388 4624 καὶ
1430 4565 1730 4647 συμπαρῄει
1758 4567 1838 4647 ἐφ’
1869 4565 2065 4641 ἵππου,

517 4653 577 4710 οὖ
615 4651 841 4720 καταδὺς
882 4654 952 4720 εἷς
979 4652 1038 4712 τὸ
1079 4652 1261 4720 σκότος
1300 4651 1476 4735 ὥσπερ
1517 4654 1682 4732 ἕτεροί
1719 4677 1884 4725 τινες,
1931 4653 2067 4714 ἀλλὰ

520 4742 749 4818 φανερῶς
767 4740 1178 4816 ἰπιδεικνύμενος
1195 4740 1290 4810 τὴν
1308 4745 1410 4800 τῶν
1425 4743 1747 4821 πραγμάτων
1768 4742 2063 4820 Θεραπείαν.

521 4829 636 4904 (ιιια)
662 4826 874 4886 Ἐκεῖνα
889 4828 944 4886 δὲ
972 4831 1036 4900 δὴ
1071 4829 1161 4889 καὶ
1187 4829 1384 4910 σφόδρα
1403 4830 1697 4909 διωρθοῦτο·
1735 4857 1757 4879 σι
1777 4832 1893 4888 Οὐκ
1922 4819 2063 4888 εἶπον

519 4915 588 4978 ὡς
603 4912 759 4983 καλὸς
779 4904 828 4972 εἶ
841 4937 854 4950 ·
870 4913 998 4989 γυνὴ
1017 4913 1120 4996 γὰρ
1134 4918 1236 4972 τῶν
1253 4913 1412 4973 ὄντων
1432 4915 1542 4974 ἐστὶ
1558 4914 1832 4974 κάλλιστον
1844 4936 1860 4952 ·
1874 4915 1981 4971 οὐδ’
1996 4919 2065 4983 ὼς

441 5015 498 5056 00
524 4999 683 5066 δεινὸς
707 5009 976 5073 συμπιεῖν,
1023 5010 1273 5080 σπογγιᾶς
1314 5001 1402 5058 τὸν
1429 4999 1641 5059 ἔπαινον
1683 4998 2063 5077 ὑπολαμὸάνων

523 5089 698 5144 τοῦτον
751 5075 879 5144 εἶναι
898 5109 909 5121 ·
957 5088 1062 5146 οὐδ’
1109 5091 1184 5154 ὡς
1225 5087 1536 5165 μνημονικὸς
1589 5078 1665 5159 εἶ,
1712 5093 1952 5167 σοφιστοῦ
1998 5087 2063 5147 τὰ

519 5177 732 5231 τοιαῦτα
759 5173 977 5249 νομίζων
1022 5175 1418 5253 ἐργολαὸοῧντος
1455 5174 1686 5254 ἐγκώμια
1711 5165 1860 5233 εἶναι.
1893 5203 1919 5228 ²·
1949 5172 2065 5236 Ἵνα

1384 435 1749 496 ΑΙΣΧΙΝΟΥ
1793 436 1842 494 Ο
1887 436 2071 496 ΠΕΡΙ
2112 435 2765 495 ΠΑΡΑΠΡΕΣΒΕΙΑΣ.

3417 439 3705 509 (sn—2825

2140 573 2404 624 timescete.
2440 571 2719 623 Cavendum
2736 572 2864 635 dico,
2882 585 2945 622 ne
2962 585 3051 622 nos
3064 572 3205 622 urbes
3226 573 3351 622 inter
3364 587 3417 624 se
3430 575 3705 624 committa-

2140 699 2251 736 mus
2270 705 2283 735 =
2298 687 2443 748 atque
2456 683 2502 732 id
2522 697 2549 733 e
2564 697 2615 733 re
2628 685 2790 734 nostra
2804 697 2905 734 esse
2914 687 3050 747 puto,
3066 697 3129 733 ne
3140 684 3257 746 quid
3268 697 3359 734 nos
3370 686 3516 746 legati
3528 687 3710 736 temere

2142 809 2439 846 moveamus,
2478 797 2608 858 (107)
2638 795 2959 845 proficiscitur
2978 795 3221 858 Philippus
3236 797 3297 844 ad
3320 797 3491 858 Pylas?
3514 801 3616 860 Ego
3632 811 3711 846 me

2144 903 2399 952 abscondo.
2426 907 2577 952 Nemo
2594 914 2672 952 me
2698 903 2890 965 propter
2914 915 3049 952 arma
3072 902 3275 966 Philippi
3294 904 3342 952 in
3357 902 3601 965 judicium
3628 903 3713 952 ad·

2146 1009 2315 1070 ducet,
2346 1009 2430 1060 sed
2454 1011 2495 1060 si
2525 1009 2641 1072 quid
2678 1009 2874 1071 dixero,
2902 1010 3033 1073 qnod
3052 1023 3150 1060 non
3170 1013 3388 1072 oportet,
3414 1013 3501 1060 aut
3524 1013 3567 1060 si
3592 1010 3715 1073 quid

2146 1131 2303 1180 egero,
2317 1117 2447 1180 quod
2465 1119 2514 1167 in
2536 1117 2770 1170 mandatis
2786 1131 2883 1168 non
2900 1119 3077 1181 accepi.
3098 1139 3123 1161 ι»
3140 1122 3204 1168 υι
3225 1131 3325 1168 rem
3346 1118 3531 1180 tiniam,
3550 1119 3715 1168 decre·

2146 1227 2320 1275 verunt
2330 1226 2543 1288 collegae,
2561 1227 2616 1274 ut
2632 1225 2809 1275 viritim
2828 1225 3029 1290 quisque
3046 1226 3331 1276 sententiam
3347 1229 3561 1288 rogatus,
3576 1226 3717 1289 qnod

2147 1347 2175 1382 e
2197 1333 2441 1394 republica
2455 1346 2558 1384 esse
2578 1335 2795 1396 putaret,
2820 1332 2869 1382 id
2890 1333 3089 1382 diceret.
3112 1337 3227 1384 llaec
3246 1336 3301 1383 ut
3327 1348 3359 1384 a
3380 1347 3461 1384 me
3482 1348 3599 1384 vere
3616 1335 3715 1384 dici

2148 1443 2359 1503 constet,
2378 1455 2499 1492 voca
2518 1442 2631 1492 mihi
2656 1441 2887 1504 collegas,
2906 1454 3169 1504 eorumque
3192 1442 3345 1492 recita
3360 1442 3717 1492 testimonium.

2699 1586 3005 1628 ‘rt-:srmorz
3016 1585 3148 1628 [UH.

2214 1711 2319 1757 108.
2356 1708 2612 1769 Postquam
2632 1705 2773 1769 igitur
2788 1706 3047 1768 legationes
3066 1705 3247 1755 Pellam
3276 1709 3635 1767 convenerant,
3658 1719 3719 1756 ac

2153 1799 2395 1862 Philippus
2420 1799 2615 1862 aderat,
2642 1803 2698 1849 et.
2714 1813 2872 1862 preco
2888 1801 3068 1860 legatos
3086 1799 3451 1848 Atheniensium
3470 1801 3715 1858 vocabat,

2150 1891 2357 1955 primum
2381 1891 2723 1954 processimus,
2748 1905 2845 1940 non
2879 1891 3131 1940 observata
3158 1892 3332 1951 (etate,
3370 1891 3425 1938 ut
3464 1891 3515 1938 in
3554 1891 3719 1950 priore

2150 1983 2384 2046 legatione
2398 2021 2413 2046 ,
2436 1983 2569 2046 quod
2584 1983 2715 2045 apud
2748 1981 2983 2045 quosdam
3006 1981 3340 2032 celebrabatur
3375 1983 3425 2030 et
3446 1995 3719 2030 ornamen-

2150 2078 2254 2125 tum
2273 2076 2479 2126 civitatis
2498 2075 2778 2138 putabatur,
2800 2073 2883 2124 sed
2902 2087 2989 2136 pro
3026 2073 3357 2124 Demosthenis
3388 2072 3713 2136 impudentia.

2150 2171 2269 2218 Nam
2284 2181 2437 2231 quum
2474 2166 2756 2217 seomninm
2779 2169 2899 2216 natu
2942 2165 3195 2214 minimum
3234 2177 3337 2214 esse
3378 2165 3715 2227 profiteretur,

2150 2261 2327 2324 primas
2345 2259 2531 2309 dicendi
2562 2260 2722 2324 partes
2744 2271 2795 2308 se
2826 2256 3005 2306 nemini
3031 2269 3369 2306 concessurum
3399 2257 3713 2320 affirmabat,

2150 2365 2304 2415 neque
2327 2351 2721 2412 commissurum,
2758 2351 2814 2399 ut
2839 2349 3032 2412 quidam
3061 2349 3171 2412 (me
3206 2349 3469 2410 innuens),
3507 2349 3714 2412 Philippi

2152 2446 2349 2494 auribus
2366 2444 2612 2506 occupatis
2624 2481 2638 2505 ,
2658 2442 2847 2492 dicendi
2866 2443 2993 2492 vices
3006 2442 3111 2492 aliis
3126 2443 3420 2506 praeriperet.
3490 2443 3630 2504 (109)
3652 2448 3719 2494 L't

2150 2541 2313 2588 autem
2338 2549 2539 2586 exorsus
2556 2539 2625 2586 est
2639 2573 2655 2600 ,
2674 2549 2785 2584 cum
2806 2534 3015 2598 quadam
3038 2535 3327 2597 collegarum
3347 2534 3715 2598 criminatione,

2152 2644 2274 2693 quos
2290 2643 2447 2694 neque
2463 2643 2631 2680 omnes
2660 2628 2827 2678 iisdem
2845 2627 2906 2678 de
2924 2628 3067 2678 rebus
3082 2663 3097 2689 ,
3120 2641 3279 2690 neque
3303 2630 3719 2678 consentientibus

2151 2725 2323 2774 animis
2356 2724 2521 2775 adesse
2560 2722 2883 2786 significabat,
2928 2736 3017 2772 sua
3056 2723 3215 2772 officia
3250 2723 3467 2785 Philippo
3494 2726 3717 2786 pra-stila

2152 2819 2559 2870 coinmemorabat
2602 2833 2615 2867 ι
2660 2817 2867 2879 primum
2882 2855 2897 2878 ,
2940 2820 2995 2866 ut
3038 2817 3321 2866 Philocratis
3366 2818 3565 2867 decreto
3610 2822 3718 2867 sut·

2154 2913 2359 2974 l'ragatus
2374 2915 2513 2972 asset,
2530 2910 2815 2960 violatarum
2836 2909 2994 2972 legum
3012 2911 3242 2968 accusati,
3259 2923 3412 2972 quum
3432 2911 3470 2959 is
3488 2912 3717 2972 εει-ἱρέε-

2151 3009 2223 3053 set
2240 3041 2255 3065 ,
2306 3005 2449 3054 licere
2486 3003 2701 3064 Philippo
2754 3002 2935 3064 legatos
2970 3001 3033 3050 de
3072 3014 3188 3064 pace
3236 3002 3447 3052 Athenas
3486 3003 3717 3066 mittere;

2152 3093 2321 3144 deinde
2342 3094 2557 3143 recitavit
2574 3092 2819 3142 det-‚retum
2850 3092 2978 3155 quod
3009 3093 3107 3154 lpse
3128 3094 3408 3154 scripserat,
3436 3107 3607 3156 pacem
3644 3098 3719 3144 fa·

2152 3187 2369 3237 ciendam
2392 3200 2505 3236 cum
2528 3187 2842 3236 caduceatore
2860 3189 2911 3235 et
2928 3187 3095 3248 legatis
3116 3200 3145 3235 a
3168 3187 3384 3250 Philippo
3406 3188 3587 3250 missis;
3624 3189 3719 3239 de·

2154 3282 2299 3342 nique
2320 3279 2435 3330 illud
2449 3317 2464 3342 ,
2484 3282 2539 3329 ut
2555 3279 2761 3342 populus
2781 3279 2909 3327 intra
2934 3282 3092 3328 certos
3112 3278 3215 3328 dies
3245 3279 3307 3328 de
3338 3293 3455 3342 pace
3476 3281 3721 3332 delibera·

2151 3377 2238 3425 ret.
2304 3377 2343 3436 (l
2358 3375 2432 3437 io)
2460 3380 2525 3425 Ac
2547 3374 2693 3423 talem
2716 3374 2873 3424 verbis
2898 3373 2995 3424 suis
3016 3374 3409 3436 significationem
3442 3376 3718 3442 interjecit,

2151 3481 2203 3518 se
2226 3470 2434 3532 primum
2460 3467 2517 3518 iis
2535 3508 2549 3532 ‚
2574 3469 2657 3531 qui
2678 3481 2848 3530 pacem
2872 3467 3208 3530 excluderent,
3228 3483 3283 3518 os
3306 3471 3589 3534 obturasse,
3618 3488 3723 3524 non

2151 3565 2333 3628 verbis,
2354 3564 2433 3615 sed
2456 3565 2762 3628 temporibus.
2828 3565 3008 3614 Deinde
3032 3564 3164 3614 aliud
3198 3565 3446 3615 decretum
3476 3567 3721 3628 adduxit,

2152 3673 2249 3722 quo
2280 3659 2567 3722 scripsisset,
2595 3657 2953 3708 deliberandum
2981 3671 3082 3708 esse
3102 3660 3280 3721 populo
3311 3659 3371 3708 de
3396 3661 3611 3710 ineunda
3640 3678 3723 3714 so·

2152 3753 2340 3802 cielate.
2407 3757 2519 3802 Post
2539 3753 2669 3802 aliud
2697 3752 2943 3803 decretum
2978 3753 3039 3802 de
3064 3752 3267 3816 Philippi
3295 3753 3489 3817 legatis,
3530 3755 3723 3818 princi-

2152 3860 2261 3909 pem
2288 3847 2356 3896 eis
2377 3847 2538 3898 locum
2558 3847 2771 3898 dandum
2800 3847 3188 3898 Bacchanalibus.
3254 3850 3382 3908 (111)
3420 3851 3479 3898 Et
3500 3851 3721 3912 adiecit,

2153 3945 2348 4004 quantae
2368 3942 2457 3992 sibi
2478 3955 2609 3992 curm
2638 3941 2705 3992 illi
2726 3943 2925 3992 inissent
2940 3979 2955 4004 ,
2978 3946 3033 3993 ut
3063 3944 3317 3993 cervicalia
3335 3948 3515 4007 apponi
3542 3960 3723 4000 curas-

2152 4038 2253 4095 set,
2270 4047 2505 4096 suamque
2520 4035 2783 4084 custodiam
2802 4039 2852 4086 et
2868 4035 3049 4098 vigilias
3066 4038 3465 4087 commemoravit
3478 4074 3494 4098 ,
3516 4045 3727 4104 propter
3804 4099 3806 4112 Ι

2154 4133 2337 4182 invidos
2349 4171 2362 4195 ,
2382 4135 2463 4197 qui
2486 4135 2783 4197 splendorem
2802 4148 2945 4184 suum
2966 4137 3269 4186 contumeliis
3289 4137 3483 4188 afficere
3504 4142 3723 4203 cupivis-

2154 4235 2271 4281 sent.
2337 4231 2519 4293 Adiecit
2550 4233 2629 4282 illa
2652 4233 2796 4282 etiam
2826 4234 3035 4283 maxime
3071 4233 3298 4295 ridenda,
3323 4249 3533 4298 quorum
3560 4242 3725 4290 colle-
3776 4207 3804 4296 ι,

2154 4341 2235 4390 gas
2258 4328 2321 4378 ita
2344 4328 2577 4390 pudebat,
2598 4333 2651 4378 ut
2682 4330 2849 4380 faciem
2882 4329 3192 4392 obtegerent:
3226 4335 3279 4380 nt
3307 4333 3507 4395 Philippi
3534 4335 3730 4396 legatos

2156 4423 2359 4488 hospitio
2381 4425 2674 4486 excepisset,
2709 4427 2763 4472 ut
2794 4425 2862 4473 eis
2880 4425 3154 4474 discessuris
3173 4425 3303 4490 bigas
3324 4427 3571 4480 mulorum
3594 4445 3727 4486 oon-

2154 4525 2393 4586 duxisset,
2417 4529 2465 4574 et
2483 4539 2607 4588 equo
2629 4539 2709 4576 eos
2738 4526 2992 4576 comitatus
3020 4529 3169 4587 esset,
3194 4541 3291 4576 non
3319 4527 3367 4576 in
3387 4529 3615 4584 tenebras
3636 4535 3729 4586 ds>
3800 4513 3802 4526 ἕ

2154 4635 2369 4683 mersus,
2395 4625 2450 4672 nt
2467 4623 2547 4676 alii
2577 4622 2774 4685 quidam
2791 4659 2806 4684 ,
2828 4623 2915 4674 sed
2950 4627 3115 4688 aperte
3145 4623 3430 4676 ostendisset
3452 4628 3727 4683 observan-

2153 4717 2271 4765 tiam
2284 4718 2333 4766 et
2344 4715 2555 4766 studium
2570 4729 2731 4766 suum.

2153 4811 2299 4862 etiam
2315 4810 2607 4874 corrigebat,
2626 4824 2679 4862 se
2694 4825 2793 4861 non
2806 4811 2980 4864 dixisse
3001 4811 3269 4876 Philippum
3288 4827 3390 4866 esse
3410 4816 3691 4872 formosum
3712 4841 3729 4884 ;
3796 4879 3798 4882 Α

2150 4905 2273 4958 nihil
2303 4905 2433 4956 enim
2466 4917 2569 4956 esse
2590 4903 2793 4956 mulia-e
2836 4905 3122 4956 comasius:
3156 4918 3315 4969 neque
3346 4911 3563 4972 potando
3600 4928 3727 4966 eum
3796 4905 3798 4918 '

2158 4999 2339 5060 valere3
2362 4998 2489 5060 quod
2528 5011 2635 5048 eam
2657 4997 2849 5048 laudem
2876 5000 3085 5064 spongia
3107 5013 3209 5050 esse
3242 5001 3543 5054 existimaret
3570 5025 3584 5053 ε
3632 5021 3731 5060 ne-

2152 5103 2250 5155 que
2284 5091 2515 5142 memoria
2538 5093 2745 5155 pollere3
2794 5093 2925 5157 quod
2960 5107 3069 5144 eam
3092 5095 3281 5156 pritaret
3299 5094 3509 5146 rhetoris
3526 5109 3733 5150 merce·
3794 5109 3796 5120 ²

2141 5185 2273 5235 narii
2298 5197 2399 5235 esse
2416 5185 2895 5236 commendationem.
2956 5189 3031 5236 Ne
3045 5187 3237 5249 longum
3252 5186 3425 5238 faciam
3440 5225 3456 5249 ,
3476 5189 3729 5251 eiusmodi

2799 4719 2927 4780 (112)
2951 4717 3039 4768 llla
3053 4731 3169 4768 vero
3184 4717 3379 4770 demum
3400 4720 3729 4778 vehementer
3798 4711 3800 4714 Α
