3825 5834
1449 385 1546 446 Fu
1557 385 1717 447 AGM
1729 385 1927 446 ENTA
1938 426 1955 444 .

200 524 312 582 tum,
330 512 538 585 ejusdem
573 513 792 570 Mantiae
827 511 1008 568 filium
1051 511 1336 586 spurium,
1361 511 1460 566 sed
1490 528 1658 584 quem

199 610 321 672 pater
347 599 492 672 paulo
529 609 651 654 ante
693 610 932 654 mortem
977 617 1136 654 suam
1183 598 1540 670 adoptasset,
1587 595 1659 650 de

199 688 376 741 nomine
404 687 532 742 inter
569 705 626 741 se
667 687 964 762 litigavisse
1005 706 1020 742 ε
1063 697 1306 759 uterque
1349 685 1498 739 enim
1551 683 1658 738 sibi

200 793 357 827 nomen
375 773 844 832 Mantitheumesse
863 775 1259 831 contendebat.
1273 775 1358 828 lta
1369 772 1662 828 'I'horicios

197 861 438 916 decernere
464 865 756 936 oportuisse
788 873 943 936 patet
957 903 974 932 ,
1016 873 1144 918 uter
1185 860 1524 918 Mantitheus
1557 859 1658 914 ha·

196 949 366 1004 bendus
387 963 526 1010 emt.
555 952 763 1008 Contra
787 952 942 1006 hunc
989 947 1250 1006 Boeotum
1293 949 1411 1004 lsaei
1453 947 1664 1002 oratio-

196 1055 294 1088 nem
324 1039 548 1110 scriptam
589 1039 754 1094 fuisse
797 1038 864 1095 G.
909 1039 1207 1110 Droysenii
1235 1035 1554 1108 conjectura
1586 1045 1666 1090 est

199 1108 274 1188 (de
295 1123 382 1176 litis
395 1125 623 1182 instrum.
643 1127 702 1180 in
720 1126 1012 1182 Demosth.
1038 1130 1122 1182 o'r.
1151 1123 1223 1179 de
1243 1143 1362 1179 cor.
1389 1142 1448 1196 p.
1497 1128 1605 1186 140
1624 1117 1665 1196 )‚

195 1225 282 1260 non
315 1209 660 1282 improbabilis
699 1212 825 1281 illa,
877 1231 1008 1267 curn
1053 1215 1313 1266 Boeotum
1368 1220 1666 1281 antequam

194 1294 430 1366 adoptatus
460 1310 590 1354 esset
627 1300 688 1353 in
719 1299 874 1368 tribu
905 1297 1358 1373 Hippotliontide
1399 1297 1564 1354 fuisse
1599 1315 1668 1352 ex

199 1400 268 1440 or.
301 1385 436 1438 Dem.
485 1384 554 1459 39
596 1391 626 1456 §
670 1386 767 1441 23.
813 1384 888 1442 25
931 1387 1320 1460 intelligamus.
1360 1390 1437 1442 At
1475 1387 1522 1440 si
1559 1385 1668 1440 hoc

195 1485 342 1522 verum
380 1481 480 1541 est,
520 1474 821 1544 quominus
847 1473 992 1530 hanc
1033 1475 1346 1528 orationem
1387 1474 1506 1528 Isaei
1555 1490 1692 1528 esse·

195 1554 426 1612 credamus
461 1569 710 1633 tempora
755 1559 1001 1618 obstant.
1041 1591 1119 1602 -
1151 1563 1238 1616 De
1275 1577 1453 1616 causae
1499 1559 1672 1631 ipsius

191 1641 444 1781 gationibus
469 1645 535 1705 cf.
565 1648 926 1706 Schoemann.
957 1648 1029 1704 de
1052 1650 1134 1706 lit.
1168 1658 1269 1706 att.
1297 1667 1360 1722 p.
1394 1645 1508 1721 769
1534 1664 1620 1718 sq·
1645 1667 1670 1696 ⁸

221 1747 421 1791 inerms.

855 1821 947 1879 13.

631 1938 646 1972 τ
697 1917 1090 1994 Κειριάδης·
1125 1915 1318 1982 Ἰσαῖος
1357 1917 1408 1975 ἐν
1439 1917 1504 1993 τῇ
1549 1915 1674 1994 πρὸς

189 1993 365 2054 Βοιωτὸν
387 2001 439 2057 ἐκ
473 2003 710 2079 δημοτῶν
753 2001 941 2084 ἐφέσει.
1023 2002 1152 2064 Ὅτι
1198 2003 1474 2082 Κειριάδαι
1513 2001 1674 2080 δῆμός

188 2082 270 2180 ἐστι
289 2085 838 2190 τῆςἹπποΘοωντίδος,
869 2090 1044 2171 εἴρηκε
1082 2089 1342 2171 Διόδωρος
1372 2094 1423 2151 ἰν
1453 2094 1530 2173 τῷ
1555 2092 1675 2171 περὶ

188 2189 264 2225 των
286 2172 454 2249 οήμων.

247 1912 579 1988 Harpocratio

243 2354 372 2411 ldem
401 2378 414 2413 :
443 2361 484 2417 Δ
503 2359 610 2430 ῆξι
628 2386 652 2429 ς
682 2359 744 2420 τὸ
770 2273 1010 2439 ἔγκιλέιμα
1030 2405 1047 2434 ,
1091 2361 1208 2422 καθ’
1229 2360 1284 2420 δν
1323 2362 1477 2439 λόγον
1507 2363 1674 2444 φαμὲν

183 2439 250 2496 καὶ
281 2442 438 2520 λαχεῖν
464 2447 614 2524 δίκην
633 2471 648 2486 ·
672 2448 865 2516 Ἰσαῖος
896 2451 948 2508 ἐν
972 2453 1037 2530 τῇ
1069 2450 1197 2530 πρὸς
1227 2451 1450 2510 Βοιωτὸν
1484 2451 1670 2531 ἐφέσει.

231 2593 328 2654 vll.
365 2597 554 2659 ΠΡΟΣ
591 2602 1204 2749 ΤΟΥξΩΔιξΙΙέῘῼΤΛΣ
1251 2604 1424 2662 ΠΕΡΙ
1465 2605 1618 2662 ΤΟΥ

239 2801 380 2874 Quod
421 2812 677 2884 sequitur
717 2811 1093 2886 fragmentum
1142 2837 1166 2862 «
1210 2815 1552 2888 prooemium
1601 2825 1682 2868 est

183 2893 428 2963 orationis,
465 2915 574 2970 qua
621 2899 752 2972 quis
794 2897 1064 2968 fundum,
1098 2918 1266 2972 quem
1292 2920 1400 2975 pro
1445 2903 1681 2975 pignore

180 2989 204 3026 a
225 2973 431 3036 demotis
457 2983 664 3055 injuria
698 2985 938 3041 detineri
969 2991 1357 3060 conqueritur,
1385 2987 1548 3042 reddi
1575 2989 1682 3044 sibi

179 3065 398 3128 postulat.
441 3070 560 3141 Qua
607 3071 685 3126 de
731 3091 894 3128 causa
925 3069 1128 3128 'autem
1176 3076 1256 3128 illi
1305 3073 1541 3130 fundum
1577 3075 1682 3130 sibi

179 3147 436 3224 obligatum
473 3159 901 3232 contenderint,
939 3163 1032 3218 hic
1081 3165 1398 3238 negaverit,
1443 3164 1685 3236 perspici

177 3252 230 3286 ex
243 3237 338 3293 hoc
361 3241 674 3318 fragmento
697 3265 812 3302 non
842 3257 1042 3321 potest.
1065 3251 1320 3305 Fortasse
1348 3261 1507 3306 actor
1529 3269 1685 3323 prae-

179 3319 250 3375 dia
276 3323 407 3382 demi
425 3333 816 3389 conduxerat:
847 3335 921 3393 cf.
949 3337 1180 3392 Boeckh.
1211 3337 1280 3392 de
1309 3355 1494 3395 oecon.
1521 3339 1682 3411 publ.

177 3409 280 3467 Ath.
309 3433 355 3483 2,
373 3435 432 3488 p.
465 3418 602 3492 337.
633 3447 659 3470 n
689 3421 1044 3480 Scamnum.

233 3595 506 3670 Dionysius
532 3605 664 3663 Hal.
696 3615 738 3663 t.
776 3609 842 3678 V,
865 3519 956 3680 ιζ..
976 3607 1089 3664 603
1129 3611 1201 3667 R.
1240 3629 1253 3665 ι
1287 3605 1358 3666 Ὁ
1403 3605 1456 3664 δὲ
1499 3605 1688 3674 Ἰσαῖος

175 3673 218 3728 ἐν
239 3679 602 3758 ἆμφισὸητήσει
637 3690 836 3770 χωρίου
877 3697 966 3750 τοῦ
995 3693 1094 3750 ὑπὸ
1123 3695 1228 3751 τῶν
1253 3695 1492 3769 δημοτῶν
1533 3715 1689 3751 κατε·

173 3768 430 3840 Ὓΐιμένου,
457 3765 532 3840 οἷς
573 3777 640 3835 τὸ
675 3777 869 3856 χοιρίον
899 3779 1171 3850 ὑπέκειτο,
1208 3782 1372 3858 ταύτῃ
1412 3779 1687 3859 ’χρώμενον

177 3849 340 3928 εἰσάγει
356 3861 420 3936 τῇ
442 3864 585 3944 ἀρχῇ
603 3887 618 3902 ·
645 3890 670 3916 ι
699 3865 949 3926 Μάλιστα
981 3867 1076 3944 μὲν
1100 3868 1412 3945 ἐδουλόμην,
1440 3859 1484 3926 ὦ
1509 3868 1688 3946 ἄνδρες

311 4023 393 4072 VI.
422 4029 746 4080 ADVERSUS
781 4033 1058 4082 BOEOTUM
1089 4035 1512 4082 PROVOCATIO.

879 4135 950 4181 13.

219 4204 464 4274 Κειριάδης,
495 4217 654 4264 lsaeus
685 4216 918 4266 adversus
957 4219 1176 4267 Boeotum
1221 4221 1268 4267 in
1304 4219 1638 4280 provocatione
1661 4235 1688 4268 a

176 4273 456 4330 popularibus.
499 4285 716 4334 Ciriadas
749 4298 922 4348 pagum
959 4299 1062 4336 &sse
1102 4287 1516 4350 llippolhoontidis
1543 4290 1690 4338 tribus

175 4337 366 4394 Diodorus
389 4349 528 4402 dixit.

877 4429 951 4474 14.

219 4498 364 4564 Λῆξις.
383 4509 584 4557 crimen
603 4546 620 4568 ,
643 4511 1048 4572 quemadmodum
1071 4515 1213 4563 eliam
1233 4515 1391 4577 λαχεῖν
1423 4514 1554 4574 δίκην
1577 4554 1591 4579 ,
1627 4519 1689 4568 li-

175 4565 252 4612 lem
269 4575 545 4638 intendere,
579 4578 798 4630 dicimus.
867 4583 1018 4632 lsaeus
1036 4584 1084 4631 in
1110 4586 1446 4646 provocatione
1463 4587 1693 4638 adversus

175 4631 372 4690 Boeolnm.

311 4747 418 4793 vn.
449 4751 774 4802 ADVERSUS
807 4756 1159 4808 POPULARRS
1185 4761 1268 4809 DE
1294 4763 1326 4810 F
1332 4763 1517 4810 UNDO.

882 4844 954 4890 15.

219 4907 348 4961 lsaens
379 4914 426 4964 in
463 4923 792 4972 controversia
817 4937 960 4986 super
983 4926 1133 4978 [tundo
1157 4941 1188 4978 a
1217 4933 1524 4994 popularibus
1545 4949 1692 4985 occu-

173 4979 289 5037 Ρὸῑο.
323 4985 402 5043 qni
435 4988 626 5048 pignori
665 4994 914 5054 oppositus
942 5001 1044 5046 erat
1063 5033 1078 5057 ,
1127 4999 1216 5050 lioc
1255 5007 1466 5054 utentem
1513 5007 1696 5057 inducit

172 5049 344 5132 exord-lo
355 5069 368 5101 :
395 5073 418 5098 ι
439 5059 656 5111 Maxime
681 5063 874 5123 quidem
902 5066 1187 5130 voluissem,
1213 5071 1432 5136 jndices,
1451 5089 1480 5123 a
1505 5080 1695 5127 nemine

171 5125 236 5163 me
261 5133 430 5175 civium
467 5128 652 5189 injuria
673 5133 838 5194 allici,
859 5137 944 5184 aut
963 5136 1132 5188 sallem
1153 5140 1202 5188 in
1229 5143 1348 5193 tales
1377 5146 1580 5198 incidere
1607 5149 1694 5198 ad·

3186 394 3298 444 325

1745 533 1767 559 σι
1797 504 2072 576 δικασταί,
2106 505 2230 582 μηδ’
2270 501 2357 585 ὑφ’
2383 503 2493 574 ἑνὸς
2516 504 2807 564 ἀδικεῖσθαι
2842 508 2946 564 τῶν
2973 507 3201 565 πολιτῶν
3220 549 3237 578 ,
3259 511 3305 565 εἷ

1745 620 1768 646 σι
1799 593 1854 652 δὲ
1882 593 1958 671 μή
1977 637 1993 664 ,
2014 591 2261 652 τοιούτοιν
2304 591 2579 652 α’ντιδίκων
2622 601 2797 671 τυχεῖν
2816 637 2833 666 ,
2862 591 2991 670 πρὸς
3015 591 3101 658 οὓς
3130 591 3191 652 ἂν
3222 597 3308 652 οὗ·

1746 708 1770 732 ι
1799 680 1884 740 &lv
1931 680 2221 762 ἐφρόντιζον
2268 679 2653 759 διαφερόμενος.
2736 683 2847 740 Νῦν
2886 679 2944 740 δέ
2974 703 3065 756 μοι
3093 679 3303 739 πάντων

1749 795 1773 822 ι
1803 767 2129 845 πραγμάτων
2172 767 2537 847 λυπηρότατον
2596 767 2934 844 συμὸέὸηκεν
2956 791 2970 804 ·
3026 770 3307 844 ἀδικοῦμαι

1749 881 1772 906 ι
1803 853 1904 932 γὰρ
1944 853 2049 912 ὑπὸ
2092 858 2196 913 τῶν
2230 856 2498 932 δημοτῶν,
2530 855 2615 921 οὓς
2646 865 2889 933 περιορᾷν
2942 853 3037 930 μὲν
3078 859 3310 914 ἀποστε-

1749 969 1776 994 ι
1807 947 2021 1020 ροῦντας
2062 943 2119 999 οὗ
2171 941 2369 1022 ῥοίδιον,
2404 941 2723 1022 ἀπέχθεσθαι
2754 941 2807 1000 δὲ
2854 941 3007 1014 ἀηδές
3028 985 3045 1013 ,
3092 943 3206 1016 μεθ’
3232 935 3305 1001 ὧν

1752 1055 1774 1080 α
1807 1031 2008 1107 ἀνάγκη
2038 1030 2151 1107 [καὶ
2183 1031 2341 1104 Θύειν]
2381 1031 2469 1090 καὶ
2508 1027 2780 1097 συνουσίας
2820 1029 2992 1096 κοινὰς
3030 1034 3309 1089 ποιεῖσθαι.

1757 1145 1780 1168 κ
1805 1118 1945 1197 Πρὸς
1974 1118 2067 1194 μὲν
2096 1108 2183 1176 οῦν
2209 1120 2431 1184 πολλοὺς
2446 1117 2676 1196 χαλεπὸν
2708 1119 2985 1176 ἀντιδικεῖν
3002 1139 3014 1153 ·
3042 1117 3181 1194 μέγα
3207 1115 3309 1194 γὰρ

1754 1232 1777 1259 ιι
1806 1206 1961 1285 μέρος
1989 1205 2349 1280 contemnat
2380 1207 2438 1264 τὸ
2460 1209 2653 1276 πλῆθος
2690 1209 2863 1270 αὐτοῖς
2892 1205 3019 1282 πρὸς
3050 1203 3111 1262 τὸ
3142 1205 3311 1261 δοκεῖν

1755 1319 1779 1346 ι
1812 1293 1983 1363 ἀληθῆ
2011 1293 2179 1370 λέγειν
2207 1315 2220 1329 ·
2258 1291 2399 1368 ὅμως
2442 1292 2497 1352 δὲ
2526 1293 2611 1352 διὰ
2640 1291 2701 1350 τὸ
2745 1290 3007 1350 πιστεύειν
3043 1297 3148 1356 τοῖς
3176 1289 3314 1369 πρά·

1757 1407 1780 1434 α
1809 1383 2221 1460 γμασι,πολλῶν
2252 1403 2340 1457 μοι
2358 1381 2449 1439 καὶ
2479 1379 2739 1440 δυσκόλων
2764 1379 3194 1456 συμπιπτόντων,
3217 1380 3315 1456 οὐχ

1755 1495 1782 1520 ι
1809 1469 2047 1545 ἡγούμην
2072 1470 2175 1526 δεῖν
2206 1473 2523 1539 κατοκνῆσαι
2552 1469 2623 1526 δι’
2649 1470 2793 1543 ὑμῶν
2814 1471 3091 1545 πειρᾶσθαι
3121 1467 3315 1543 τυγχά·

1758 1583 1782 1608 ιι
1811 1579 1913 1614 νειν
1928 1559 2031 1614 τῶν
2052 1555 2281 1614 δικαίων.
2308 1555 2508 1631 Δέομαι
2532 1546 2619 1614 οῦν
2648 1557 2791 1630 ὑμῶν
2814 1551 3128 1630 συγγνώμην
3148 1551 3312 1630 ἔχειν,

1758 1669 1785 1698 ι
1813 1648 1858 1704 εἴ
1879 1644 1969 1703 καὶ
1992 1643 2237 1723 νεώτερος
2252 1643 2327 1702 ὢν
2346 1643 2513 1721 λέγειν
2538 1642 2621 1702 ἐπὶ
2638 1642 2970 1720 δικαστηρίου
2992 1641 3311 1716 τετόλμηκα·

1760 1758 1786 1786 α
1811 1730 1898 1790 διὰ
1944 1731 2047 1811 γὰρ
2102 1732 2217 1797 τοὺς
2258 1733 2567 1798 ἀδικοῦντας
2622 1731 2987 1807 ἀναγκάζομαι
3039 1732 3187 1808 παρὰ
3232 1732 3319 1788 τὸν

1761 1845 1786 1872 ι
1813 1822 2041 1896 ἐμαυτοῦ
2070 1818 2261 1898 τρόπον
2292 1821 2522 1879 τοιοῦτόν
2543 1841 2595 1878 τι
2633 1825 2820 1878 ποιεῖν.
2898 1816 3235 1896 Πειράσομαι
3272 1818 3319 1876 δ’

1762 1935 1786 1960 ιι
1815 1909 1939 1983 ὑμῖν
1964 1907 2019 1974 ἐξ
2044 1909 2211 1986 ἀρχῆς
2236 1910 2307 1972 ὥς
2327 1906 2389 1966 ἂν
2426 1906 2651 1982 δύναμαι
2675 1906 2759 1964 διὰ
2787 1907 3130 1986 βραχυτάτων
3158 1907 3321 1965 εἰπεῖν

1763 2021 1786 2048 n
1811 1995 1933 2074 περὶ
1952 2001 2043 2054 τοῦ
2070 1995 2395 2073 πράγματος.
2420 2023 2445 2048 ι
2466 1996 2554 2056 Cf.
2587 2016 2647 2071 p.
2680 1995 2816 2064 605,
2868 2015 2959 2052 ιο.

1841 2087 2229 2144 Narrationem
2272 2085 2585 2140 admodum
2612 2085 2925 2158 simplicem
2972 2084 3139 2138 fuisse
3168 2083 3319 2140 idem

1764 2175 2065 2248 Dionysius
2090 2173 2263 2229 tradit
2288 2191 2349 2248 p.
2384 2173 2497 2228 612
2515 2217 2532 2244 ,
2574 2191 2595 2228 1
2614 2217 2627 2230 .
2656 2172 2739 2229 ef.
2774 2172 2917 2227 infra
2945 2171 3063 2226 Isaei
3094 2169 3199 2246 srg.
3226 2191 3317 2230 or.

1763 2263 1916 2319 xlv.

2502 2340 2593 2398 16.

1845 2429 2223 2502 Harpocratio
2262 2447 2275 2482 z
2324 2425 2589 2506 2?⁷¹'⁸'“5<'
2612 2423 2807 2493 Ἰσαῖος
2827 2427 2879 2484 ἐν
2907 2426 2984 2504 τῷ
3006 2425 3133 2503 πρὸς
3158 2423 3324 2501 δημό·

1765 2536 1859 2579 τας
1881 2513 2003 2590 περὶ
2035 2511 2257 2593 χωρίου.
2281 2513 2519 2593 Σφηττὸς
2538 2515 2706 2592 δῆμος
2731 2517 2825 2584 τῆς
2844 2511 3238 2588 Ἀκαμαντίδος.

1913 2638 2070 2696 VIII.
2118 2639 2323 2703 ΚΑΤΑ
2369 2639 2809 2698 ΔῙΟΚΛΕΟΥΣ
2856 2637 3178 2696 ΥΒΡΕΩΣ.

1850 2771 1872 2794 α
1903 2745 2129 2800 Diocles
2154 2743 2451 2819 Phlyensis
2470 2787 2485 2815 ,
2512 2745 2851 2822 cognomine
2874 2744 3123 2813 OresteS‚
3150 2745 3327 2801 homo

1769 2849 1969 2887 avams
1988 2873 2003 2900 ,
2040 2841 2284 2900 astutus,
2312 2830 2593 2888 violentus
2615 2875 2631 2903 ,
2665 2832 3012 2889 facinorosus
3038 2832 3164 2889 suit.
3202 2833 3330 2904 Ejus

1769 2929 1951 2972 mater
1986 2917 2129 2971 dnos
2155 2917 2389 2972 maritos
2416 2917 2707 2978 habuerat.
2740 2921 2819 2974 Ex
2848 2921 3045 2992 priore
3074 2921 3331 2975 Dioclem

1769 3017 2100 3080 pepererat,
2142 3023 2207 3060 ex
2232 3009 2551 3078 posteriore
2579 3017 2691 3062 tres
2730 3005 2873 3064 filias
2894 3008 2909 3082 (
2930 3005 3045 3063 Isaei
3079 3007 3112 3063 8
3135 3007 3169 3081 S
3196 3013 3269 3072 [ιο
3288 3009 3329 3082 ).

1771 3095 1984 3146 vitrico
2012 3103 2245 3148 mortuo
2286 3094 2544 3162 Diocles,
2576 3112 2905 3168 quanquam
2948 3094 3044 3150 ille
3080 3097 3221 3150 nihil
3249 3107 3332 3150 te-

1772 3191 2047 3236 stamento
2067 3181 2085 3253 j
2092 3193 2307 3236 usserat
2323 3201 2508 3256 neque
2513 3182 2717 3254 jubere
2736 3195 3001 3258 potuerat
3018 3185 3110 3248 (cs.
3134 3187 3331 3240 Schoe-

1773 3287 1965 3324 mann.
2002 3268 2075 3322 ad
2099 3267 2291 3324 lsaeum
2332 3287 2396 3343 p.
2431 3269 2614 3344 399),
2639 3273 2845 3345 seipse
2878 3270 3057 3327 filium
3096 3273 3333 3327 instituit

1773 3346 2006 3419 ejusque
2064 3348 2215 3402 bona
2278 3351 2597 3422 occupavit.
2656 3351 2929 3406 Sororum
2980 3353 3329 3406 utel-inarum

1775 3434 1900 3488 duae
1928 3445 2237 3508 nupserant
2276 3432 2429 3511 (lsaei
2456 3434 2490 3490 8
2518 3435 2553 3509 S
2581 3434 2716 3510 41),
2744 3449 2877 3492 natu
2906 3437 3090 3507 major
3120 3439 3204 3503 ei,
3238 3439 3330 3492 cui

1777 3521 1944 3578 lsoeus
1962 3523 2109 3578 hanc
2124 3525 2439 3578 orationem
2462 3543 2584 3596 quae
2606 3536 2687 3579 est
2706 3523 2841 3580 κατὰ
2868 3524 3142 3586 Διοκλέους
3162 3527 3334 3599 scrip·

1775 3610 1876 3675 sit,
1905 3611 2096 3662 minor
2122 3610 2405 3682 Lysimeni
2434 3651 2449 3678 ,
2494 3611 2652 3682 cujus
2692 3609 2810 3667 filio
2842 3614 3141 3668 Menecrati
3172 3613 3335 3670 lsaeus

1779 3696 2095 3750 orationem
2134 3715 2259 3771 quae
2286 3708 2368 3752 est
2390 3694 2517 3770 πρὸς
2540 3695 2763 3754 Διοκλέα
2797 3697 2917 3774 περὶ
2952 3697 3145 3776 χωρίου
3176 3720 3331 3755 corn·

1776 3786 1985 3857 posuit.
2031 3785 2166 3855 Quae
2196 3803 2323 3839 cnm
2364 3781 2637 3860 ἔπίκληροι
2680 3797 2886 3855 essent,
2926 3807 3117 3843 earum
3146 3791 3333 3844 mariti

1777 3871 1932 3925 bona
1960 3887 1992 3924 a
2018 3871 2217 3925 Diocle
2238 3883 2513 3944 occupata
2538 3873 2937 3946 repetiverunt.
2968 3873 3080 3930 Sed
3112 3877 3337 3932 Diocles

1776 4034 2037 4092 versas-ios,
2061 4035 2345 4094 quibuscum
2364 4023 2477 4084 nihil
2495 4035 2611 4085 milii
2635 4049 2886 4086 commune
2900 4041 3042 4088 esset.
3068 4041 3204 4088 Nunc
3225 4054 3339 4089 vero

1775 4103 1947 4150 accidit
1973 4104 2087 4150 milli
2112 4117 2185 4152 res
2212 4105 2430 4154 omnium
2460 4106 2812 4156 molestissima.
2841 4109 3031 4157 Afficior
3053 4111 3179 4158 enim
3216 4111 3338 4172 inju-

1781 4172 1848 4220 ria
1867 4184 1896 4218 a
1926 4173 2185 4222 tribulibus
2203 4210 2217 4232 ,
2242 4187 2381 4235 quos,
2400 4179 2456 4225 ut
2478 4176 2673 4238 impune
2698 4180 2745 4226 te
2764 4177 3069 4238 dereaudent,
3098 4179 3218 4228 ferre
3243 4192 3337 4228 non

1777 4249 1850 4294 oet
1870 4245 2005 4296 sac-ile
2026 4262 2037 4295 :
2066 4251 2403 4310 permolestum
2421 4253 2602 4311 aulem,
2628 4255 2682 4301 ut
2702 4253 2811 4302 odio
2836 4258 2884 4303 te
2907 4255 3125 4314 habeant,
3144 4255 3337 4316 quibus-

1777 4329 1894 4364 cum
1928 4331 2063 4366 sacra
2094 4324 2461 4382 conventusque
2491 4323 2729 4372 celebrare
2760 4337 2955 4373 necesse
2992 4328 3079 4376 est.
3118 4326 3189 4374 Ad
3234 4324 3337 4373 liaec

1779 4400 1890 4436 cum
1919 4389 2088 4438 multis
2112 4389 2290 4450 litigare
2310 4392 2508 4440 noxium
2528 4397 2603 4443 est
2628 4407 2638 4442 :
2667 4407 2777 4444 nam
2798 4395 3055 4444 niulliludo
3078 4395 3337 4456 plurimum

1779 4458 1960 4507 confert
1988 4461 2045 4508 ut
2065 4453 2177 4521 quai
2200 4461 2261 4508 ab
2284 4473 2341 4510 ea
2368 4461 2603 4523 dicantur,
2634 4477 2741 4512 vera
2779 4477 2885 4512 esse
2917 4465 3183 4512 videantur.
3210 4465 3335 4524 Quia

1779 4529 1938 4576 tamen
1960 4529 2071 4590 ipsis
2094 4529 2191 4576 lido
2208 4531 2367 4592 rebus,
2388 4532 2531 4580 etiam
2554 4532 2714 4581 mullis
2738 4533 3027 4581 difficillimis
3046 4546 3337 4583 aincurt-en-

1779 4595 1929 4655 tibus,
1949 4610 2042 4645 non
2064 4599 2333 4648 existimavi
2352 4601 2566 4649 cunctari
2586 4605 2821 4664 oportere,
2840 4602 2923 4652 sed
2943 4603 3137 4650 omnino
3156 4605 3337 4660 conari,

1782 4672 1834 4714 ut
1853 4681 1935 4728 per
1958 4681 2044 4715 vos
2062 4667 2143 4728 jus
2167 4682 2328 4718 meum
2348 4672 2603 4720 obtineam.
2636 4675 2803 4733 ltaque
2825 4685 2911 4720 vos
2938 4685 3051 4734 rogo
3076 4677 3128 4722 ut
3148 4675 3335 4723 veniam

1782 4738 1898 4786 milii
1946 4739 2091 4798 detis,
2128 4741 2256 4801 qnod
2296 4742 2343 4789 in
2371 4743 2459 4790 hac
2494 4743 2687 4791 aelntula
2722 4744 2867 4790 verba
2902 4742 3053 4792 lacere
3090 4745 3339 4805 injudicio

1781 4805 1872 4854 sim
1897 4820 2056 4856 ausus.
2126 4811 2211 4858 l’er
2236 4823 2317 4858 eos
2338 4811 2467 4859 enim
2487 4812 2568 4873 qui
2594 4825 2671 4859 me
2704 4812 2875 4872 injuria
2898 4813 3138 4872 alliciunt,
3165 4821 3339 4877 pra-let

1783 4889 1969 4927 morem
1994 4891 2171 4932 meum.
2202 4880 2249 4928 id
2282 4881 2437 4930 iacere
2476 4894 2633 4942 cogor.
2660 4882 2881 4931 conabor
2912 4883 3163 4945 equidem,
3192 4897 3338 4946 quam

1783 4951 1951 5007 potero
1972 4947 2275 5010 brevissime,
2297 4949 2358 5000 de
2381 4963 2431 5000 re
2454 4955 2551 5000 tota
2572 4951 2633 4999 als
2660 4951 2795 4999 initio
2814 4952 2949 5002 vobis
2972 4965 3229 5016 exponere.
3256 4973 3281 4996 ι·

1847 5085 2125 5149 Sphetlus,
2154 5088 2481 5139 Acamantidis
2506 5091 2657 5141 tribus
2686 5106 2849 5155 pagus.
2882 5096 3031 5144 lsaeus
3054 5095 3101 5143 in
3124 5095 3339 5144 oratione

1786 5161 1949 5205 contra
1974 5157 2223 5220 populares
2245 5159 2303 5208 dc
2332 5159 2495 5208 fundo.
