3825 5834
166 471 412 552 oss—101)

163 593 384 672 κράτους,
417 589 518 649 υἱὸν
553 587 610 648 δὲ
637 587 829 649 Τισίου
855 593 944 648 τοῦ
989 587 1366 666 Ῥαμνουσίου,
1405 589 1680 668 ὁμώνυμον

104 715 146 754 23
165 683 209 738 δὲ
225 685 304 738 τοῦ
324 677 428 737 νυνὶ
450 677 752 758 κρινομένου
779 675 1076 756 Τιμάρχου·
1107 676 1160 744 ὃς
1188 677 1450 758 εὐπρεπὴς
1466 676 1537 736 ὧν
1559 679 1680 736 ἰδεῖν

161 773 370 826 τοσοῦτον
399 765 580 843 ἀπέχει
603 767 709 822 τῶν
728 766 984 842 αἰσχρῶν,
1013 763 1148 822 ὥστε
1169 764 1351 845 πρῴην
1371 769 1424 824 ἐν
1443 773 1546 832 τοὶς
1566 765 1684 824 κατ’

163 854 320 933 ἀγροὺς
357 851 634 918 Διονυσίοις
671 853 941 932 κωμῳδῶν
983 851 1146 910 ὄντων
1189 856 1242 910 ἐν
1286 855 1566 934 Κολλυτῷ,
1592 851 1682 910 καὶ

161 941 494 1021 Παρμένοντος
514 945 610 998 τοῦ
649 943 888 1016 κωμικοῦ
918 943 1198 1016 ὑποκριτοῦ
1227 939 1456 1006 εἰπόντος
1479 963 1532 998 τι
1557 939 1684 1018 πρὸς

161 1029 232 1086 τὸν
254 1027 396 1106 χορὸν
417 1025 740 1085 ἀνάπαιστον
771 1029 822 1084 ἐν
851 1015 894 1105 ᾧ
917 1017 978 1097 ἦν
1011 1017 1145 1084 εἶναί
1171 1049 1312 1092 τινας
1335 1025 1553 1106 πόρνους
1583 1049 1680 1102 με-

160 1119 320 1192 γάλους
349 1112 748 1193 Τιμαρχώδεις,
774 1113 937 1179 οὐδεὶς
963 1111 1335 1190 ὖπελάμὸανεν
1365 1115 1434 1179 εἰς
1472 1113 1532 1170 τὸ
1561 1135 1681 1192 μει-

163 1207 329 1279 ράκιον,
357 1199 470 1258 ἀλλ’
489 1203 562 1266 εἷς
583 1199 640 1258 σὲ
663 1199 867 1265 πάντες·
890 1197 1026 1257 οὕτω
1049 1197 1367 1278 κληρονόμος
1389 1189 1438 1256 εἷ
1453 1205 1540 1258 τοῦ
1559 1202 1678 1259 ἐπι-

159 1287 458 1363 τηδεύματος.
549 1287 723 1346 Πάλιν
762 1284 1028 1346 Ἀντικλέα
1055 1285 1144 1344 τὸν
1183 1286 1553 1365 σταδιοδρόμον
1591 1285 1682 1344 καὶ

101 1393 142 1430 an
161 1375 350 1435 Φειδίαν
371 1375 458 1432 τὸν
483 1373 708 1453 ἀδελφὸν
731 1378 820 1432 τοῦ
840 1372 1120 1444 Μιλησίου.
1141 1369 1266 1433 Ἔτι
1287 1373 1340 1432 δὲ
1366 1375 1528 1432 εἰπεῖν
1546 1373 1680 1452 ἔχων

159 1460 350 1527 πολλοὺς
373 1460 678 1536 παύσομαι,
709 1457 796 1517 ἵνα
825 1458 899 1535 μὴ
927 1462 1062 1518 δοκῶ
1086 1459 1174 1518 τὸν
1197 1459 1406 1518 ἔπαινον
1435 1461 1682 1541 θεραπεία

157 1549 238 1606 τινὶ
257 1552 364 1606 κατ’
387 1549 562 1606 αὐτῶν
589 1551 868 1606 ποιεῖσθαι.
953 1549 1068 1625 (tae)
1101 1545 1234 1626 Περὶ
1264 1545 1318 1605 δὲ
1339 1551 1440 1606 τῶν
1466 1547 1681 1628 ὁμοτρό-

159 1659 254 1694 πων
273 1639 367 1693 τῶν
391 1635 677 1713 Τιμάρχου
693 1679 708 1705 ,
729 1634 928 1714 φεύγων
949 1634 1044 1701 τὰς
1067 1633 1367 1714 ἀπεχθείας,
1396 1626 1468 1694 ὧν
1490 1633 1681 1706 ἥκιστά

158 1745 232 1798 μοι
256 1722 390 1799 μέλει
413 1721 806 1798 μνησθήσομαι.
831 1720 927 1787 Τίς
947 1719 1048 1800 γὰρ
1067 1723 1213 1798 ὑμῶν
1237 1720 1325 1779 τὸν
1349 1720 1564 1802 ὀρφανὸν
1587 1744 1681 1778 κα-

157 1807 372 1886 λούμενον
397 1807 691 1889 Διόφαντον
719 1809 814 1865 οὔκ
839 1797 992 1880 οἶδεν,
1029 1806 1082 1874 ὃς
1115 1805 1202 1866 τὸν
1249 1805 1385 1874 ξένον
1423 1806 1552 1885 πρὸς
1595 1805 1682 1864 τὸν

158 1897 354 1974 ἄρχοντα
381 1897 658 1973 ἀπήγαγεν
686 1885 730 1976 ᾧ
767 1895 1088 1975 παρήδρευεν
1121 1895 1429 1975 Ἀριστοφῶν
1458 1897 1486 1952 ὅ
1526 1893 1680 1965 Ἀζη-

97 1997 137 2035 3ε
158 1983 292 2056 νιεύς,
330 1981 768 2056 ἐπαιτιασάμενος
809 1981 1057 2062 τέτταρας
1089 1981 1330 2062 δραχμὰς
1363 1983 1518 2041 αὑτὸν
1551 1981 1681 2062 ὑπὲρ

153 2073 231 2140 τῆς
261 2069 484 2150 πράξεως
509 2067 710 2138 ταύτης
751 2068 1180 2148 ἀπεστερηκέναι,
1207 2068 1298 2126 καὶ
1343 2069 1460 2136 τοὺς
1498 2069 1681 2146 νόμους

153 2155 294 2231 λέγων
318 2155 366 2213 οἳ
383 2155 660 2214 κελεύουσι
675 2155 763 2212 τὸν
784 2153 1009 2233 ἄρχοντα
1028 2159 1130 2212 τῶν
1158 2157 1392 2236 ὀρφανῶν
1417 2157 1679 2233 ἐπιμελεῖ·-

153 2247 268 2314 σθαι,
289 2243 398 2310 τοὺς
423 2241 560 2322 ὑπὲρ
581 2246 673 2313 τῆς
693 2241 1024 2324 σωφροσύνης
1049 2241 1318 2318 κειμένους
1355 2241 1506 2308 αὐτὸς
1533 2247 1681 2322 ὓπερ-

155 2328 444 2406 6ε6ηκώς;ἣ
471 2331 556 2396 τίς
581 2333 686 2388 τῶν
709 2332 935 2387 πολιτῶν
963 2332 1056 2388 οὔκ
1083 2329 1417 2409 ἐδυσχέραινε
1447 2329 1678 2409 Κηφισό-

157 2420 296 2494 δωρον
319 2417 401 2476 τὸν
427 2423 520 2475 τοῦ
565 2415 816 2482 Μόλωνος
853 2416 1190 2492 καλούμενον,
1231 2416 1512 2487 καλλίστην
1539 2416 1680 2497 ὥραν

153 2505 292 2583 ὄψεως
325 2503 658 2562 ἀκλεέστατα
685 2501 1056 2583 διεφθαρκότα;
1087 2503 1122 2574 ἢ
1165 2505 1452 2574 Μνησίθεον
1478 2503 1562 2562 τὸν
1589 2510 1678 2563 τοῦ

155 2591 368 2670 μαγείρου
389 2591 748 2667 καλούμενον,
769 2589 804 2660 ἢ
826 2591 1042 2656 πολλοὺς
1067 2589 1291 2668 ἐτέρους,
1316 2583 1388 2650 ὧν
1417 2589 1546 2650 ἑκὼν
1568 2594 1679 2650 ἐπι-

91 2699 134 2736 ιο
151 2679 468 2756 λανθάνομαι;
561 2679 679 2757 (159)
714 2679 798 2736 Οὐ
823 2675 920 2756 γὰρ
951 2676 1236 2744 ἐπεξελθεῖν
1266 2681 1433 2736 αὐτῶν
1462 2678 1678 2736 ἕκαστον

151 2769 248 2821 κατ’
266 2765 418 2842 ὄνομα
445 2768 654 2844 πικρῶς
685 2763 966 2843 βούλομαι,
996 2763 1132 2822 ἀλλὰ
1160 2767 1358 2838 μᾶλλον
1381 2769 1483 2823 τῶν
1509 2765 1678 2824 τοιού-

149 2875 234 2908 των
251 2853 401 2930 ἔργων
415 2855 636 2932 ἀπορεῖν
653 2851 718 2909 ἂν
737 2850 982 2928 εὐξαίμην
1003 2853 1054 2910 ἐν
1076 2856 1152 2932 τῷ
1170 2851 1309 2931 λόγῳ
1330 2852 1415 2909 διὰ
1437 2852 1532 2924 τὴν
1555 2853 1681 2932 πρὸς

150 2939 230 3009 τὴν
248 2940 387 2997 πόλιν
419 2939 650 2998 εὔνοιαν.
735 2937 956 3010 Ἐπειδὴ
983 2939 1038 2997 δὲ
1063 2939 1322 3020 ἑκατέρων
1345 2940 1681 3019 προελόμενοί

151 3049 270 3091 τινας
295 3027 752 3102 διεξεληλύθαμεν,
781 3025 942 3105 χωρὶς
967 3026 1062 3103 μὲν
1094 3025 1210 3092 τοὺς
1232 3025 1318 3085 διὰ
1345 3027 1680 3108 σωφροσύνην

151 3111 432 3186 ἐρωμένους,
459 3113 625 3194 χωρὶς
657 3111 712 3170 δὲ
734 3113 850 3180 τοὺς
871 3115 942 3180 εἷς
969 3113 1178 3181 ἑαυτοὺς
1203 3114 1678 3194 ἐξαμαρτάνοντας,

147 3202 272 3273 ὑμεῖς
289 3201 386 3271 ἤδη
407 3203 548 3259 τοῦτ’
573 3199 920 3280 ἐρωτηθέντες
939 3201 1286 3282 ἀποκρίνασθε
1315 3202 1442 3280 πρὸς
1469 3202 1585 3278 ἐμέ,
1611 3205 1682 3270 εἰς

89 3291 140 3341 23
153 3287 374 3366 ὁποτέραν
393 3287 537 3356 τάξιν
567 3287 854 3366 Τίμαρχον
877 3286 1222 3364 κατανέμετε,
1252 3286 1442 3368 πότερα
1471 3291 1540 3356 εἰς
1565 3289 1682 3358 τοὺς

149 3375 404 3453 ἐρωμένους
437 3375 474 3447 ἢ
503 3378 578 3442 εἷς
607 3373 728 3440 τοὺς
755 3373 1208 3454 πεπορνευμένους.
1247 3379 1448 3436 Οὐκοῦν
1477 3377 1552 3454 μὴ
1579 3401 1682 3436 κα-

150 3463 356 3520 ταλιπὼν
377 3463 442 3535 ἣν
469 3459 616 3521 εἵλου
653 3462 946 3541 συμμορίαν
973 3463 1333 3543 αὐτομολήσῃς
1357 3467 1427 3530 εἷς
1453 3463 1546 3531 τὰς
1577 3469 1680 3523 τῶν

151 3547 394 3629 ἐλευθέρων
419 3547 718 3629 διατριὸἄς.

217 3656 304 3696 ιω.
341 3635 470 3697 Ἐὰν
513 3639 564 3695 δ’
591 3639 900 3716 ἐπιχειρῶσι
941 3636 1109 3716 λέγειν
1151 3641 1220 3704 ὡς
1266 3641 1364 3716 οὐχ
1404 3636 1680 3718 ἡταίρηκεν

150 3720 266 3789 ὅστις
290 3723 362 3800 μὴ
387 3722 524 3784 κατὰ
553 3723 864 3802 συγγραφὰς
895 3723 1182 3800 ἐμισθώθη,
1209 3725 1298 3783 καὶ
1325 3736 1680 3805 γραμματεῖον

151 3811 226 3866 καὶ
248 3812 504 3892 μα’ρτυρας
529 3809 720 3878 ἀξιῶσί
747 3833 813 3885 με
837 3809 1032 3870 τούτων
1055 3812 1446 3892 παρασχέσθαι,
1478 3818 1680 3892 πρῶτον

109 3902 130 3937 ⁸
151 3893 230 3968 μὲν
248 3897 355 3965 τοὺς
379 3897 498 3976 περὶ
527 3901 628 3969 τῆς
657 3897 968 3976 ἑταιρήσεως
989 3901 1182 3975 νόμους,
1199 3899 1462 3976 μέμνησθε
1480 3944 1496 3972 ,
1529 3905 1580 3959 ἐν
1611 3893 1682 3970 οἷς

149 3983 348 4056 οὐδαμοῦ
373 3985 556 4062 μνείαν
585 3987 616 4042 ὃ
641 3982 918 4062 νομοθέτης
945 3984 1064 4066 περὶ
1092 3989 1355 4056 συνθηκῶν
1383 3987 1680 4058 πεποίηται.

151 4070 216 4124 Οὐ
251 4067 343 4148 γὰρ
383 4073 428 4127 εἰ
455 4069 600 4128 κατὰ
643 4071 1002 4150 γραμματεῖόν
1031 4093 1106 4136 τις
1141 4071 1322 4129 ἑαυτὸν
1354 4070 1680 4150 κατῄσχυνε,

149 4156 264 4211 τοῦτ’
291 4157 554 4230 ἐξήτασεν,
587 4157 730 4215 ἀλλὰ
754 4159 1048 4230 παντελῶς,
1070 4158 1210 4224 ὅπως
1236 4158 1298 4217 ἂν
1321 4164 1354 4230 ἡ
1373 4159 1556 4240 πρᾶξις
1587 4161 1681 4238 γέ-

151 4263 305 4317 νηται,
333 4245 420 4302 τὸν
441 4245 720 4324 πράξαντα
746 4243 945 4302 κελεύει
973 4243 1045 4320 μὴ
1072 4245 1307 4324 μετέχειν
1335 4249 1438 4303 τῶν
1461 4251 1555 4317 τῆς
1586 4246 1682 4306 πό-

151 4329 256 4396 λεως
279 4335 474 4392 κοινῶν.
561 4330 800 4398 Εἰκότως
821 4351 836 4367 ·
863 4329 1001 4398 ὅστις
1028 4333 1128 4411 γὰρ
1151 4333 1265 4399 νέος
1289 4333 1361 4391 ὢν
1391 4334 1592 4403 α’πέστη
1617 4335 1680 4392 δι’

153 4416 345 4494 αἰσχρὰς
365 4419 554 4490 ἡδονὰς
581 4424 680 4490 τ’ἥς
703 4421 775 4485 εἷς
801 4417 868 4476 τὰ
885 4419 1020 4476 καλὰ
1049 4419 1368 4500 φιλοτιμίας,
1395 4425 1570 4479 τοῦτον
1589 4423 1684 4480 οὐκ

152 4501 272 4578 ᾠήθη
299 4506 396 4564 δεῖν
425 4505 786 4586 πρεσὸύτερον
809 4505 1078 4582 γενόμενον
1107 4509 1135 4564 ὃ
1160 4504 1276 4572 τοὺς
1303 4504 1486 4582 νόμους
1513 4507 1682 4587 εἰσφέ·

99 4607 134 4642 1⁰
156 4610 236 4664 ξων
261 4593 489 4668 ἐπίτιμον
529 4584 687 4651 εἶναι.
795 4596 912 4670 (tat)
939 4588 1164 4653 Ἔπειτα
1199 4593 1290 4650 καὶ
1317 4593 1410 4664 τὴν
1447 4593 1680 4665 εὐήθειαν

153 4681 226 4732 τοῦ
246 4677 388 4755 λόγου
406 4679 598 4740 τούτου
625 4677 800 4762 ῥᾴδιόν
825 4681 958 4738 ἐστιν
984 4679 1239 4747 ἐξετάσαι.
1269 4681 1469 4746 Πάντες
1493 4679 1596 4761 γὰρ
1619 4683 1681 4740 ἂν

155 4765 266 4820 τοῦθ’
283 4767 730 4846 ὁμολογήσαιμεν,
755 4767 836 4825 ὅτι
862 4767 952 4833 τὰς
977 4766 1230 4837 συνθήκας
1251 4767 1344 4834 τὰς
1373 4767 1494 4847 πρὸς
1519 4768 1683 4839 ἀλλή-

155 4850 254 4916 λους
275 4855 512 4921 ἀπιστίας
547 4853 708 4913 ἕνεκα
735 4853 1018 4931 ποιούμεθα
1034 4901 1050 4930 ,
1077 4855 1162 4914 ἵνα
1193 4860 1220 4914 δ
1255 4854 1328 4930 μὴ
1351 4855 1595 4935 παραίὰς
1619 4855 1682 4914 τὰ

155 4941 458 5015 γεγραμμένα
481 4943 638 5013 δίκην
667 4941 810 5020 λα’ὃῃ
843 4946 907 5019 τῇ
935 4942 1092 5022 ψήφῳ
1124 4941 1268 5020 παρὰ
1292 4948 1381 5000 τοῦ
1409 4943 1682 5021 παραὸάν-

155 5043 240 5088 τος.
268 5028 463 5086 Οὗκοῧν
501 5027 655 5107 εἴπερ
697 5027 757 5084 τὸ
781 5036 998 5106 πρᾶγμα
1032 5029 1175 5099 δίκης
1218 5029 1549 5107 προσδεῖται,
1580 5033 1684 5097 τοῖς

159 5112 274 5168 κατὰ
295 5123 658 5192 γραμματεῖον
694 5116 1049 5194 ἡταιρηκόσιν,
1086 5115 1150 5174 ἂν
1183 5119 1488 5188 ἀδικῶνται,
1518 5121 1551 5187 ἡ
1579 5121 1682 5174 τῶν

159 5195 302 5272 νόμων
323 5205 388 5268 ὣς
413 5194 558 5260 οὗτοί
587 5223 750 5284 φασιν
773 5203 1040 5283 ἐπικουρία
1063 5204 1450 5264 καταλείπεται.
1479 5204 1584 5264 Καὶ
1607 5205 1682 5272 τίς

1031 467 1404 532 AEcfflms
1448 471 1572 532 OB.
1613 469 1916 532 CONTRA
1958 471 2447 535 TtMAchnM.
3246 483 3315 534 57

1771 600 2023 663 Iphicratis
2038 613 2101 650 ex
2115 603 2259 652 tratre
2276 603 2517 664 nepotem,
2532 600 2673 652 'risioe
2686 599 2966 651 Rhamnusii
2982 603 3057 662 1³..
3072 601 3327 651 Timarcho

1771 707 1902 742 nunc
1921 707 2003 744 reo
2021 695 2381 768 cognominem,
2398 695 2481 758 qui
2512 708 2665 758 quum
2688 696 2751 745 sit
2772 695 2973 744 decorus
2990 697 3201 758 aspectu,
3222 699 3326 744 tan·

1772 789 1878 836 tum
1891 787 2027 837 abest
2042 800 2073 837 a
2089 787 2400 851 turpitudine,
2416 791 2469 838 ut
2488 801 2655 851 nuper,
2666 801 2820 850 quum
2840 789 2887 837 in
2908 788 3194 838 suburbanis
3216 791 3326 837 Bac·

1773 880 2053 931 rhanalibus
2074 881 2323 932 comoediae
2342 883 2393 932 in
2417 882 2610 944 Colytto
2632 887 2904 944 agerentur,
2923 883 2973 932 et
2992 885 3223 932 Panneno
3242 896 3325 930 co·

1773 974 1926 1022 micus
1946 974 2112 1024 histrio
2134 974 2329 1026 dixisset
2342 976 2403 1025 ad
2420 978 2601 1026 cretum
2618 989 2811 1026 versum
2830 975 3169 1038 anapoesticum
3192 995 3204 1024 :
3226 989 3327 1024 esse

1772 1069 2005 1132 quosdam
2024 1083 2220 1132 magnos
2236 1071 2515 1132 catamitos,
2533 1071 2788 1122 Timarcho
2807 1071 2985 1121 similes
3006 1091 3017 1119 :
3040 1085 3181 1120 nemo
3204 1069 3251 1119 id
3274 1071 3323 1118 in

1773 1162 2141 1228 adolescentem,
2158 1163 2239 1214 sed
2260 1165 2307 1213 in
2329 1167 2378 1214 te
2396 1178 2563 1215 omnes
2578 1163 2671 1214 dici
2686 1165 2914 1228 putarint.
2936 1165 3064 1214 Adeo
3078 1165 3207 1214 iltius
3226 1167 3325 1214 stu·

1773 1253 1838 1305 dli
1862 1259 2053 1308 crevisti
2072 1257 2399 1308 hereditatem.
2425 1260 2661 1309 Anticlem
2685 1272 2828 1321 porro
2846 1271 3089 1308 cursorem
3106 1295 3121 1319 ‚
3141 1261 3190 1306 et
3210 1259 3323 1307 Phi-

1775 1349 1904 1400 diam
1927 1351 2095 1401 Milesii
2123 1353 2335 1404 fratrem.
2357 1357 2521 1412 Quum
2540 1356 2703 1404 autem
2718 1354 2899 1404 multos
2922 1351 3079 1402 adhuc
3102 1351 3325 1400 haberem

1772 1447 2231 1508 commemorandos,
2242 1448 2455 1499 desinam
2468 1485 2483 1510 ,
2504 1463 2563 1498 ne
2582 1449 2642 1498 de
2658 1447 2889 1498 industria
2906 1447 3107 1510 gratiam
3130 1449 3325 1498 illorum

1772 1538 1935 1588 videar
1957 1541 2203 1602 aucupari.
2290 1542 2421 1602 (¹58)
2443 1544 2551 1592 Jam
2588 1541 2721 1604 quod
2746 1542 2853 1592 illos
2888 1542 3061 1591 attinet
3100 1543 3185 1603 qui
3218 1543 3330 1588 sunt

1771 1632 2025 1682 Timarcho
2047 1633 2255 1696 similes,
2273 1649 2425 1698 quum
2446 1635 2714 1685 inimicitias
2736 1635 2911 1696 tugiam
2926 1672 2939 1695 ,
2960 1648 3127 1684 eorum
3146 1634 3327 1684 solinn-

1771 1726 1916 1775 modo
1929 1762 1943 1786 ,
1962 1741 2169 1789 quorum
2188 1729 2281 1778 iras
2298 1730 2493 1779 minime
2508 1743 2627 1780 curo
2640 1768 2655 1790 ,
2677 1729 2847 1780 faciam
2878 1729 3184 1778 mentionem.
3211 1728 3331 1785 0υέ

1771 1820 1898 1870 enim
1913 1824 2125 1872 vestrum
2140 1823 2483 1885 Diophantum,
2502 1824 2585 1886 qui
2600 1823 2745 1872 orbus
2756 1823 3041 1885 appellatur,
3054 1835 3151 1870 non
3168 1822 3329 1872 novit?

1771 1917 1854 1978 qui
1873 1917 2111 1980 hospitem
2130 1917 2190 1967 ad
2204 1921 2461 1981 praetorem
2476 1920 2625 1969 traxit
2642 1957 2655 1981 ,
2672 1919 3031 1980 cujus-assessor
3050 1918 3141 1967 fuit
3160 1917 3331 1966 Aristo·

1773 2009 1868 2070 pho
1887 2011 2180 2068 memiensis,
2204 2013 2493 2074 conquestus
2508 2025 2559 2060 se
2578 2015 2807 2074 quattuor
2823 2011 2885 2060 ab
2907 2010 2987 2060 illo
3010 2011 3249 2060 drachmis
3266 2011 3329 2060 oh

1771 2114 1872 2150 rem
1893 2103 2032 2152 istam
2052 2104 2317 2166 promissis,
2340 2105 2545 2154 fraudari
2573 2126 2584 2154 :
2610 2107 2659 2154 et
2676 2105 2800 2166 leges
2820 2105 3063 2164 recitavit,
3090 2118 3197 2167 qum
3215 2119 3329 2166 prm-

1770 2197 1923 2244 torem
1950 2197 2237 2258 pupillorum
2267 2210 2431 2246 curam
2450 2209 2611 2258 gerere
2626 2195 2797 2259 jubent
2816 2233 2831 2258 ,
2860 2197 3085 2258 neglectis
3110 2196 3166 2244 iis
3178 2234 3190 2255 ‚
3220 2209 3328 2258 quae

1771 2287 2021 2336 modestiae
2047 2287 2241 2336 tuendae
2259 2300 2401 2336 eausa
2424 2287 2533 2337 lata*
2550 2289 2681 2337 sunt.
2706 2291 2827 2336 Eum
2849 2301 2959 2348 ergo
2978 2289 3087 2350 quis
3104 2301 3199 2336 non
3220 2287 3331 2336 ode-

1774 2382 1879 2430 rat?
1904 2381 2013 2443 quis
2030 2381 2211 2430 civium
2234 2394 2329 2430 non
2349 2381 2691 2432 adversabatur
2708 2381 3081 2444 cephisodorum
3096 2419 3110 2442 ,
3129 2383 3213 2444 qui
3232 2385 3329 2432 Μο-

1771 2476 1894 2526 lonis
1920 2479 1971 2526 12.
2004 2477 2359 2538 nominabatur,
2384 2476 2513 2540 quod
2551 2478 2856 2540 pulcherrimi
2892 2480 3111 2540 aspectus
3140 2477 3328 2538 elegan-

1770 2569 1886 2619 tiam
1903 2569 2105 2618 summis
2114 2569 2297 2632 probris
2314 2571 2689 2620 contaminarat?
2712 2573 2797 2620 aut
2810 2570 3143 2630 Mnesitheum,
3156 2571 3237 2632 qui
3252 2584 3329 2619 co·

1771 2661 1853 2723 qui
1875 2661 1997 2710 tilius
2014 2659 2209 2722 dicitur,
2228 2663 2311 2712 aut
2324 2662 2501 2712 multos
2518 2662 2653 2721 alios,
2672 2676 2877 2724 quorum
2896 2663 3023 2712 ultro
3046 2663 3329 2712 obliviscor?

1771 2744 1900 2804 (159)
1930 2744 2093 2803 Neque
2122 2742 2249 2792 enim
2280 2755 2447 2796 eorum
2482 2743 2745 2804 quemlibet
2772 2743 2943 2792 acerbe
2964 2745 3013 2792 et
3047 2743 3329 2792 nominatim

1773 2845 2017 2880 recensere
2038 2832 2183 2892 volo;
2209 2831 2291 2882 sed
2314 2833 2471 2881 multo
2492 2831 2643 2892 magis
2668 2831 2904 2894 optarim,
2930 2833 2979 2880 in
3011 2832 3227 2881 oratione
3252 2843 3329 2880 me

1771 2923 1941 2972 talium
1962 2923 2195 2972 tactorum
2222 2923 2383 2986 inopia
2403 2925 2645 2984 laborare,
2674 2937 2761 2986 pro
2782 2937 2891 2975 mea
2914 2937 3024 2984 erga
3042 2925 3212 2974 urbem
3240 2925 3326 2973 be·

1771 3013 2057 3064 nevoleutia.
2093 3014 2185 3062 Sed
2212 3013 2327 3076 quia
2350 3017 2667 3076 utrorumque
2684 3015 2917 3077 quosdam
2946 3015 3133 3066 delectu
3168 3016 3331 3064 habito

1771 3105 2255 3156 commemoravimus
2268 3143 2283 3167 ,
2302 3119 2517 3156 seorsum
2536 3120 2619 3156 eos
2636 3107 2721 3168 qui
2738 3107 2801 3156 ob
2822 3106 3105 3156 modestiam
3122 3107 3329 3168 diligun-

1773 3199 1869 3258 tur,
1889 3211 1973 3246 eos
1992 3198 2107 3246 item
2128 3210 2368 3257 seorsum,
2392 3197 2475 3260 qui
2510 3199 2785 3259 semetipsos
2806 3199 2985 3248 violant
3006 3218 3017 3248 =
3044 3212 3130 3248 vos
3146 3199 3247 3259 iam
3269 3199 3329 3247 ad

1771 3285 2083 3348 qnaestionem
2104 3285 2225 3334 tuane
2244 3285 2565 3348 respondeatis
2582 3285 2701 3334 mihi
2734 3285 2877 3334 velim
2892 3322 2906 3344 ‚
2928 3286 2978 3334 in
3000 3289 3110 3335 utro
3138 3287 3328 3334 Timar-

1772 3379 1916 3428 chum
1934 3379 2102 3428 ordine
2119 3378 2392 3428 collocetis?
2411 3391 2643 3428 eorumne
2660 3377 2745 3440 qui
2762 3377 3040 3438 diliguntur,
3055 3390 3115 3427 an
3134 3379 3217 3440 qni
3244 3393 3330 3440 pro

1771 3467 1940 3515 scortis
1950 3467 2263 3527 subiguntur?
2278 3469 2347 3516 Ne
2364 3465 2509 3528 igitur
2520 3479 2578 3516 ea
2592 3478 2737 3528 quam
2754 3465 2967 3527 delegisti
2980 3465 3129 3515 classe
3144 3467 3329 3527 relicta,

1772 3567 1860 3616 pro
1876 3555 2119 3615 transfuga
2140 3555 2189 3602 in
2206 3556 2361 3602 mutus
2383 3554 2696 3615 ingenuorum
2716 3552 2985 3614 irrumpito.

1837 3653 1942 3697 160.
1976 3647 2153 3706 Quodsi
2190 3646 2347 3696 dicere
2374 3646 2693 3705 instituerint,
2714 3657 2813 3694 non
2852 3645 2901 3692 in
2936 3645 3203 3694 scortorum
3234 3658 3327 3694 nu·-

1771 3758 1904 3793 mero
1924 3743 2195 3793 habendum
2214 3755 2313 3791 esse
2326 3779 2340 3803 ,
2364 3743 2449 3803 qui
2474 3754 2568 3790 non
2586 3753 2647 3790 ex
2666 3740 2929 3802 syngrapha
2950 3739 3092 3788 fuerit
3112 3740 3331 3790 mercede

1773 3844 2010 3903 docatus,
2051 3855 2108 3891 ac
2139 3842 2449 3904 postularint,
2476 3843 2529 3890 ut
2563 3841 2751 3890 tabulas
2782 3841 2831 3889 et
2868 3841 3009 3890 testes
3039 3840 3327 3890 exhibeam:

1774 3953 1858 3988 vos
1875 3939 2081 4002 primum
2110 3937 2417 3987 memineritis
2442 3937 2599 4000 legum
2626 3936 2687 3986 de
2716 3935 3037 3999 impudicitia,
3072 3936 3119 3984 in
3154 3937 3332 4000 quibus

1772 4039 1955 4086 nullam
1974 4039 2247 4100 pactionum
2270 4039 2563 4088 mentionem
2585 4039 2695 4088 fecit
2728 4040 2980 4101 legislator.
3014 4041 3177 4100 Neque
3202 4039 3329 4087 enim

1771 4151 1832 4186 an
1855 4137 2027 4200 aliquis
2057 4151 2117 4186 ex
2140 4136 2407 4200 syngrapha
2436 4151 2487 4186 se
2518 4137 2866 4199 coinquinarit,
2890 4136 2939 4184 id
2966 4135 3200 4198 spectavit
3209 4152 3225 4195 ;
3244 4136 3327 4183 sed

1771 4237 1993 4294 omnino,
2012 4247 2299 4297 quocunque
2322 4233 2465 4282 modo
2492 4247 2565 4282 res
2583 4237 2689 4282 acta
2708 4233 2877 4294 fuerit,
2899 4247 3009 4282 eum
3028 4233 3111 4295 qui
3136 4234 3299 4282 fecerit
3312 4270 3327 4293 ,

1771 4331 2181 4382 administratione
2210 4330 2485 4393 reipublicae
2516 4330 2753 4380 abstinere
2771 4329 2927 4390 jussit.
2958 4329 3109 4392 idque
3136 4330 3323 4378 merito.

1773 4430 1892 4476 Nam
1913 4426 1999 4488 qui
2026 4425 2297 4475 adolescens
2316 4425 2379 4474 oh
2406 4429 2571 4488 turpes
2588 4426 2859 4486 voluptates
2876 4424 3073 4486 gloriam
3106 4425 3327 4472 honesta-

1773 4521 1834 4569 tis
1850 4521 2155 4582 neglexisset,
2178 4533 2290 4568 eum
2314 4533 2409 4568 non
2442 4519 2627 4568 censuit
2645 4521 2759 4580 legis
2777 4520 2963 4577 auctor,
2989 4519 3133 4566 oetate
3156 4531 3327 4580 prove·

1771 4622 1921 4670 ctiore
1934 4619 2085 4668 ullum
2101 4623 2319 4680 oportere
2334 4619 2564 4666 honorem
2582 4619 2825 4679 consequi.
2850 4617 2979 4680 (161)
3000 4615 3177 4664 Deinde
3192 4617 3328 4664 ratio·

1773 4719 1844 4768 nis
1860 4718 1994 4767 istius
2011 4718 2209 4779 ineptias
2229 4717 2365 4765 tacite
2379 4719 2451 4765 est
2470 4715 2736 4764 ostendere.
2764 4717 2945 4762 Omnes
2962 4713 3088 4762 enim
3106 4713 3327 4774 fatemur,

1771 4835 1858 4870 nos
1878 4821 2119 4882 pactiones
2134 4821 2255 4869 inter
2272 4833 2361 4868 nos
2378 4832 2441 4866 ex
2459 4816 2721 4866 diffidentia
2746 4817 2899 4864 tacere
2920 4829 2935 4862 .-
2961 4817 3015 4864 ut
3037 4816 3119 4878 qui
3138 4829 3217 4866 eas
3234 4827 3326 4864 ser·

1771 4924 1892 4971 varit
1904 4958 1919 4982 ,
1936 4921 2116 4982 judicio
2134 4933 2297 4982 menas
2311 4919 2372 4968 de
2390 4932 2449 4968 eo
2466 4919 2655 4978 sumat,
2679 4917 2763 4979 qui
2784 4915 2925 4964 tidem
2950 4916 3155 4977 fregerit.
3180 4915 3327 4978 Igitur

1770 5017 1810 5066 si
1825 5017 2171 5079 impudicorum
2186 5017 2313 5066 actio
2324 5016 2559 5079 judicium
2570 5028 2631 5064 ex
2642 5011 2905 5076 syngrapha
2916 5012 3141 5074 postulat,
3153 5011 3192 5060 si
3208 5011 3325 5071 inju-

1773 5117 1852 5165 riis
1869 5117 2137 5166 afficiantur
2153 5135 2166 5165 ι
2186 5128 2353 5165 earum
2368 5115 2525 5176 legum
2542 5125 2665 5175 quas
2684 5113 2759 5162 isti
2774 5111 3038 5174 proterunt,
3054 5109 3327 5173 proesidium

1771 5213 1840 5264 eis
1855 5216 1925 5264 est
1951 5213 2203 5275 reliquum.
2230 5217 2405 5274 Ecquae
2418 5212 2581 5260 autem
2602 5210 2849 5274 utriusque
2868 5209 3011 5273 possit
3029 5219 3128 5256 esse
3146 5205 3326 5254 oratio?
