3825 5834
448 474 557 526 122

443 592 560 670 (130)
578 588 703 650 Ἐὰν
728 586 779 646 δὲ
799 582 1115 666 περιελόντες
1133 584 1223 640 τοῦ
1248 584 1463 650 ποιητοῦ
1478 579 1537 636 τὸ
1555 576 1739 657 μέτρον
1754 574 1842 642 τὰς
1858 572 1992 651 γνώ-

371 699 424 740 11)
451 702 552 754 pne.
575 675 874 748 ἐξετάζητε,
895 663 1042 748 οἶμαι
1060 673 1180 746 ὑμῖν
1196 666 1353 734 δόξειν
1376 668 1434 723 οὗ
1458 665 1728 742 ποιήματα
1752 661 1997 722 Ἡσιόδου

444 755 604 835 εἶναι,
650 761 787 819 ἀλλὰ
817 756 1056 839 χρησμὸν
1102 757 1172 820 ε’ίς
1198 751 1292 824 τὴν
1322 751 1679 829 Δημοσθένους
1715 747 1996 807 πολιτείαν·

444 849 537 909 καὶ
573 847 674 928 γὰρ
716 845 931 914 ναυτικθΙ
973 841 1063 900 καὶ
1092 841 1219 909 πεζὴ
1260 837 1478 918 στρατιὰ
1518 836 1609 895 καὶ
1634 835 1807 901 πόλεις
1835 833 1997 916 ἄρδην

447 937 575 996 εἰσὶν
602 931 999 1011 ἀνηρπασμέναι
1028 931 1087 986 ἐκ
1112 932 1202 997 τῆς
1230 923 1411 984 τούτου
1438 922 1717 988 πολιτείας.

531 1043 630 1083 137.
676 1019 813 1081 Ἀλλ’
842 1010 1020 1093 οἶμαι,
1048 1014 1164 1074 οὔτε
1192 1010 1511 1092 Φρυνώνδας
1551 1009 1667 1069 οὕτε
1704 1007 2002 1088 Εὖρῦὅατος

448 1109 555 1170 οὔτ’
582 1109 739 1174 ἄλλος
764 1106 929 1171 οὐδεὶς
951 1103 1163 1161 πώποτε
1188 1104 1294 1158 τῶν
1320 1101 1488 1157 πάλαι
1512 1099 1750 1175 πονηρῶν
1777 1099 2003 1160 τοιοῦτος

448 1197 615 1276 μάγος
641 1195 732 1254 καὶ
759 1193 883 1271 γόης
905 1191 1109 1270 ἐγένετο
1124 1235 1139 1260 ,
1162 1187 1241 1258 ὅς,
1268 1177 1311 1245 ὦ
1334 1191 1403 1264 γῆ
1426 1186 1517 1244 καὶ
1534 1183 1638 1272 θεοὶ
1658 1182 1748 1241 καὶ
1766 1181 2004 1258 δαίμονες

449 1285 545 1343 καὶ
573 1283 834 1360 ἅνθρωποι
867 1278 979 1338 ὅσοι
1024 1276 1266 1356 βούλεσθε
1308 1273 1510 1332 ἀκούειν
1548 1274 1751 1342 τάληθῆ
1766 1313 1785 1341 ,
1832 1271 2005 1348 τολμᾷ

370 1390 425 1430 ts
449 1371 619 1449 λέγειν
650 1368 853 1448 βλέπων
882 1369 954 1432 εἰς
980 1364 1049 1422 τὰ
1082 1361 1341 1442 πρόσωπα
1386 1358 1453 1416 τὰ
1492 1357 1744 1437 ὑμέτερα,
1788 1359 1860 1422 ὣς
1902 1355 2006 1434 ἄρα

452 1456 686 1529 Θηὸαἷοι
728 1454 822 1524 τὴν
864 1450 1172 1528 συμμαχίαν
1214 1447 1337 1524 ἡμῖν
1368 1445 1679 1516 ἐποιήσαντο
1714 1445 1773 1502 οὖ
1801 1443 1887 1501 διὰ
1919 1443 2006 1502 τὸν

450 1541 651 1622 καιρόν,
692 1543 748 1600 αὖ
791 1537 877 1597 διὰ
918 1537 1006 1595 τὸν
1047 1534 1205 1615 φόὸον
1233 1533 1321 1592 τὸν
1362 1533 1678 1610 περιστάντα
1708 1530 1922 1602 αὐτούς,
1948 1530 2006 1587 οὗ

410 1649 429 1668 ·
452 1628 540 1689 διὰ
579 1625 675 1698 τὴν
716 1622 972 1704 ὑμετέραν
1018 1619 1188 1693 δόξαν,
1230 1617 1366 1678 ἀλλὰ
1403 1617 1490 1676 διὰ
1528 1617 1620 1684 τὰς
1649 1616 2009 1695 Δημοσθένους

454 1711 793 1794 δημηγορίας.
879 1711 994 1792 (138)
1026 1707 1217 1768 Καίτοι
1255 1704 1454 1773 πολλὰς
1481 1705 1575 1784 μὲν
1604 1705 1851 1786 πρότερον
1879 1726 2008 1782 πρε-

457 1803 633 1868 σὸείας
681 1797 1035 1879 ἐπρέσὸευσαν
1084 1797 1153 1861 εἷς
1198 1792 1387 1866 Θήὸας
1435 1796 1483 1852 οἱ
1534 1793 1764 1871 μάλιστα
1813 1790 2012 1857 οἰκείως

370 1919 379 1926 ·
458 1889 671 1955 ἐκείνοις
697 1884 1039 1961 διακείμενοι,
1072 1885 1271 1961 πρῶτος
1297 1879 1787 1960 μὲνὈρασύΒουλος
1814 1882 1842 1936 ὁ
1867 1879 2012 1938 Κολ-

458 1976 639 2042 λυτεύς
658 2020 675 2050 ,
708 1972 838 2052 ἀνὴρ
868 1973 919 2029 ἐν
948 1968 1156 2039 Θήὸαις
1188 1964 1473 2032 πιστευθεὶς
1498 1970 1569 2032 ὥς
1610 1965 1772 2031 οὐδεὶς
1816 1963 2013 2042 ἕτερος,

381 2085 437 2124 20
460 2064 619 2122 πάλιν
640 2060 869 2140 Θράσων
888 2062 917 2116 ὁ
935 2053 1200 2136 Ἐρχιεύς,
1216 2052 1453 2132 πρόξενος
1475 2049 1547 2110 ὧν
1570 2051 1851 2124 enemim,
1876 2056 2017 2110 Λεω-

462 2151 633 2226 δάμας
654 2154 683 2209 ὁ
705 2145 980 2226 Ἀχαρνεύς
998 2188 1015 2219 ,
1044 2144 1145 2221 οὐχ
1170 2135 1327 2213 ἧττον
1350 2139 1707 2216 Δημοσθένους
1732 2138 1901 2217 λέγειν
1929 2139 2016 2196 δυ·

461 2237 677 2313 νάμενος
702 2233 817 2293 ἀλλ’
841 2233 1017 2310 ἔμοιγε
1038 2229 1130 2288 καὶ
1152 2229 1332 2301 ἡδίων,
1360 2230 1479 2305 (m)
1511 2227 1826 2308 Ἀρχέδημος
1850 2229 1879 2284 ὁ
1906 2225 2020 2296 Πή-

460 2324 559 2394 ληξ
573 2367 590 2396 ,
638 2322 731 2382 καὶ
768 2319 977 2386 δυνατὸς
1005 2318 1167 2377 εἰπεῖν
1195 2315 1288 2375 καὶ
1330 2314 1503 2374 πολλὰ
1528 2311 1926 2380 κεκινδυνευκὼς
1963 2314 2016 2370 ἐν

461 2417 527 2490 τ’ζ·
575 2408 809 2490 πολιτεία
856 2408 943 2466 διὰ
984 2403 1287 2480 Θηὸαίους,
1325 2403 1641 2484 Ἀριστοφῶν
1680 2406 1709 2460 ὁ
1738 2398 2020 2473 Ἀζηνιεύς,

460 2501 705 2560 πλεῖστον
733 2493 917 2575 χρόνον
944 2493 1037 2564 τὴν
1066 2497 1153 2549 τοῦ
1184 2490 1502 2568 βοιωτιάζειν
1524 2488 1805 2568 ὑπομείνας
1826 2487 2017 2559 αἰτίαν,

468 2585 802 2664 Πύρρανδρος
830 2585 857 2638 δ
880 2577 1274 2656 Ἀναφλύστιος,
1300 2575 1353 2642 ὃς
1380 2575 1456 2633 ἔτι
1478 2573 1569 2633 καὶ
1592 2581 1681 2633 νῦν
1710 2579 1796 2652 ζῇ.
1882 2573 2020 2633 Ἀλλ’

391 2691 444 2730 21»
473 2671 609 2747 Sum<
632 2668 792 2733 οὐδεὶς
815 2665 1026 2724 πώποτε
1056 2662 1238 2729 αὐτοὺς
1270 2662 1487 2733 ἐδυνήθη
1525 2684 1566 2718 π
1600 2660 1915 2741 οτρόψασθαι
1955 2661 2023 2726 εἰς

470 2758 567 2826 τὴν
596 2753 849 2832 ὑμετέραν
886 2752 1079 2832 φιλίαν.
1160 2749 1241 2809 Τὸ
1268 2749 1315 2806 δ’
1346 2747 1509 2806 αἴτιον
1551 2771 1580 2806 ο
1602 2749 1665 2806 δα
1708 2747 1824 2823 με’ν,
1856 2747 2025 2825 λέγειν

469 2845 513 2903 δ’
543 2843 689 2901 νῦδέν
734 2841 917 2916 δέομαι
957 2837 1043 2896 διὰ
1072 2835 1161 2902 τὰς
1200 2835 1417 2914 ἀτυχίας
1458 2837 1649 2892 αὐτῶν.
1739 2835 1856 2912 (1411)
1888 2833 2028 2894 Ἀλλ’

470 2922 617 3006 οἶμαι
667 2927 847 2996 ἰπειδὴ
901 2924 1169 2990 Φίλιππος
1216 2925 1389 2980 αὐτῶν
1443 2919 1755 3003 ἀφελόμενος
1800 2921 2026 2981 Νίκαιαν

473 3017 759 3080 Θετταλοῖς
802 3011 1075 3092 παρέδωκε
1088 3055 1105 3080 ,
1152 3007 1245 3068 καὶ
1282 3009 1371 3067 τὸν
1419 3009 1649 3084 πόλεμον
1687 3007 1743 3066 ὃν
1780 3007 2027 3088 πρότερον

474 3104 723 3174 ἐξήλασεν
771 3104 829 3160 ἐκ
872 3104 963 3171 τ’ῆς
997 3097 1174 3178 χώρας
1213 3099 1307 3167 τῆς
1356 3097 1623 3170 Βοιωτῶν,
1663 3099 1841 3153 τοῦτον
1869 3096 2028 3153 πάλιν

470 3191 561 3248 τὸν
590 3188 743 3247 αὐτὸν
765 3185 993 3262 πόλεμον
1022 3183 1255 3260 ἐπήγαγε
1279 3181 1366 3239 διὰ
1381 3187 1473 3252 τῆς
1494 3181 1736 3248 Φωκίδος
1763 3182 1845 3239 ἐπ’
1868 3183 2032 3249 αὐτὰς

473 3277 568 3344 τὰς
610 3274 831 3351 Θήὸας,
868 3272 961 3332 καὶ
996 3271 1057 3329 τὸ
1082 3271 1375 3328 τελευταῖον
1412 3267 1688 3328 Ἐλάτειαν
1716 3265 2032 3327 καταλαὸὼν

401 3390 456 3430 ao
476 3363 782 3444 ἐχαράκωσε
809 3361 899 3420 καὶ
926 3356 1151 3440 φρουρὰν
1183 3357 1483 3435 εἰσήγαγεν,
1516 3357 1717 3414 ἐνταῦθ’
1752 3355 1853 3427 ἤδη
1870 3398 1886 3426 ,
1914 3356 2030 3415 ἐπεὶ

475 3451 535 3510 τὸ
579 3451 741 3510 δεινὸν
787 3451 956 3506 αὐτῶν
1002 3445 1227 3518 ἥπτετο,
1274 3442 1675 3523 μετεπέμψαντο
1706 3441 2028 3515 Ἀθηναίους,

475 3538 566 3599 καὶ
596 3541 741 3614 ι’·ιμεῖς
764 3535 1004 3607 ἐξήλθετε
1045 3533 1137 3593 καὶ
1172 3531 1393 3610 εἰσῄειτε
1421 3532 1492 3598 εἰς
1520 3529 1613 3596 τὰς
1638 3529 1825 3601 Θήὸας
1848 3531 1901 3588 ἐν
1929 3533 2034 3596 τοῖς

476 3626 654 3695 ὅπλοις
680 3620 1127 3700 διεσκευασμένοι,
1148 3619 1239 3678 καὶ
1260 3622 1307 3679 οἱ
1330 3622 1504 3685 ἱππεῖς
1531 3619 1621 3676 καὶ
1648 3620 1697 3676 οἱ
1721 3615 1890 3689 πεζοί,
1912 3617 2033 3697 πρὶν

478 3713 599 3793 περὶ
632 3711 938 3791 συμμαχίας
966 3709 1089 3787 μίαν
1121 3708 1283 3784 μόνην
1320 3704 1585 3776 συλλαὸὴν
1612 3705 1810 3784 γράψαι
1851 3709 2034 3780 Δημο-

480 3801 681 3873 σθένην.
765 3801 879 3882 (111)
907 3797 974 3858 Ὁ
1002 3796 1052 3855 δ’
1091 3795 1311 3872 εἰσάγων
1360 3785 1424 3865 ἦν
1456 3798 1590 3870 ὑμᾶς
1631 3794 1700 3860 εἷς
1731 3790 1823 3859 τὰς
1851 3792 2037 3878 Θήὸεξς

480 3887 657 3968 καιρὸς
684 3886 773 3945 καὶ
803 3885 958 3966 φόὸος
985 3881 1074 3942 καὶ
1099 3881 1249 3963 χρεία
1276 3879 1581 3960 συμμαχίας
1599 3925 1617 3958 ,
1657 3879 1773 3938 ἀλλ’
1818 3881 1877 3938 οὗ
1923 3884 2039 3949 Δη-

402 3995 457 4036 85
484 3973 763 4054 μοσθένης,
790 3971 904 4032 ἐπεὶ
944 3969 1062 4050 περί
1100 3993 1159 4048 γε
1204 3966 1395 4035 ταύτας
1422 3967 1513 4033 τὰς
1556 3965 1766 4045 πράξεις
1809 3966 1929 4046 τρία
1972 3964 2041 4025 τὰ

482 4061 695 4122 πάντων
741 4059 962 4137 μέγιστα
1006 4055 1341 4132 Δημοσθένης
1386 4057 1456 4121 εἰς
1498 4057 1632 4130 ὑμᾶς
1680 4053 2039 4134 ἐξημάρτηκε,

482 4151 691 4230 πρῶτον
718 4146 813 4225 μὲν
842 4143 921 4204 ὅτι
950 4145 1223 4205 Φιλίππου
1246 4146 1321 4220 τῷ
1346 4141 1440 4219 μὲν
1458 4141 1674 4219 ὀνόματι
1697 4143 2042 4216 πολεμοῦντος

484 4240 631 4316 ὑμῖν,
661 4239 737 4315 τῷ
774 4237 819 4293 δ’
855 4234 989 4314 ἔργῳ
1016 4230 1149 4289 πολὺ
1193 4233 1391 4307 μᾶλλον
1440 4235 1711 4307 μισοῦντος
1743 4227 2041 4299 Θηὸαίους,

486 4329 559 4392 ὡς
598 4322 733 4382 αὐτὰ
767 4321 835 4381 τὰ
870 4319 1157 4402 πράγματα
1186 4319 1471 4391 δεδήλωκε,
1494 4317 1585 4376 καὶ
1608 4316 1659 4373 τί
1686 4317 1766 4374 δεῖ
1784 4314 1851 4372 τὰ
1876 4315 2042 4372 πλείω

487 4411 688 4491 λέγεινς
712 4415 879 4468 ταῦτα
910 4405 1005 4484 μὲν
1036 4405 1103 4464 τὰ
1141 4408 1429 4478 τηλικαῦτα
1456 4404 1519 4463 τὸ
1558 4401 1769 4480 μέγεθος
1810 4399 2040 4479 ἀπεκρύ·

488 4503 656 4582 ψατο,
681 4499 797 4575 (119)
820 4493 1301 4574 προσποιησάμενος
1322 4494 1375 4551 δὲ
1398 4491 1606 4570 μέλλειν
1619 4489 1713 4560 τὴν
1735 4488 2044 4567 συμμαχίαν

489 4585 795 4667 γενήσεσθαι
834 4584 891 4641 οὗ
935 4581 1021 4639 διὰ
1054 4579 1171 4649 τοὺς
1210 4580 1416 4659 καιροὺς
1454 4577 1589 4636 ἀλλὰ
1628 4575 1716 4634 διὰ
1753 4573 1847 4642 τὰς
1885 4579 2046 4635 αὑτοῦ

410 4700 465 4740 εο
489 4672 795 4754 πρεσὸείας,
826 4672 1031 4750 πρῶτον
1063 4668 1157 4745 μὲν
1199 4667 1466 4725 συνέπεισε
1508 4665 1596 4722 τὸν
1646 4665 1811 4740 δῆμον
1858 4663 2048 4740 μηκέτι

497 4757 942 4841 βουλεύεσθαι-ἐπὶ
962 4757 1068 4816 τίσι
1086 4757 1162 4813 δεῖ
1180 4754 1435 4812 ποιεῖσθαι
1457 4751 1553 4822 τὴν
1572 4749 1905 4828 συμμαχίαν,
1929 4751 2044 4808 ἀλλ’

494 4851 705 4926 ἀγαπᾶν
736 4845 889 4923 μόνον
923 4847 971 4904 εἰ
1000 4842 1227 4920 γίνεται,
1254 4844 1409 4899 τοῦτο
1444 4837 1499 4897 δὲ
1524 4834 1807 4916 προλαόὼν
1840 4835 2048 4894 ἔκδοτον

496 4931 593 5012 μὲν
632 4931 729 5004 τὴν
776 4931 1028 4993 Βοιωτίαν
1064 4937 1241 4987 πᾶσαν
1277 4925 1489 4996 ἐποίησε
1518 4922 1808 4998 Θηὸαίοις,
1846 4923 2051 5004 γράψας

498 5025 552 5080 ἐν
572 5024 647 5102 τῷ
668 5019 984 5101 ψηφίσματι,
994 5017 1081 5078 ἐάν
1098 5040 1171 5084 τις
1189 5018 1472 5094 ἀφιστῆται
1486 5011 1635 5078 πόλις
1650 5011 1755 5070 ἀπὸ
1768 5011 2047 5085 Θηὸαίων,

382 5183 409 5204 ⁶
502 5113 704 5188 βοηθεῖν
726 5103 1017 5178 Ἀθηναίους
1040 5107 1283 5168 Βοιωτοῖς
1303 5109 1408 5168 τοῖς
1432 5101 1483 5160 ἐν
1520 5097 1759 5176 Θήὸαις,
1788 5105 1894 5166 τοῖς
1933 5099 2050 5158 ὀνό-

504 5217 635 5274 μασι
660 5191 897 5254 κλέπτων
936 5191 1029 5252 καὶ
1068 5187 1371 5270 μεταφέρων
1407 5186 1475 5246 τὰ
1506 5184 1827 5268 πράγματα,
1871 5182 2049 5266 ὥσπερ

1369 449 1739 512 ΑΙΣΧΙΝΟΥ
1779 447 1831 507 0
1874 446 2080 505 ΚΑΤΑ
2123 439 2694 502 ΚΤΗΣΙΦΩΝΤΟΣ.

2084 579 2212 642 (136)
2259 577 2440 636 Quodsi
2479 575 2706 626 detractis
2747 576 2903 637 posim
2947 577 3184 634 numeris,
3227 577 3488 626 sententias
3527 589 3640 638 per·

2087 665 2304 728 pendatis
2319 699 2336 726 ,
2363 667 2484 726 puto
2506 663 2644 712 vobis
2667 674 2764 711 non
2802 663 2996 712 Hesiodi
3032 675 3225 712 carmen
3241 699 3256 721 ,
3281 663 3364 711 sed
3386 664 3646 713 oraculum

2085 752 2148 802 de
2181 752 2372 815 publica
2399 749 2732 801 Demosthenis
2759 749 3166 800 administratione
3203 753 3360 801 risum
3387 753 3464 803 iri.
3501 753 3650 802 istius

2088 841 2215 890 enim
2250 840 2301 889 in
2344 838 2590 902 republica
2623 837 2830 900 gerenda
2864 838 3098 888 institutis
3143 841 3318 890 classes
3332 877 3348 902 ,
3383 841 3650 902 exereitus,

2089 927 2232 976 urbes
2253 927 2440 989 penitus
2455 925 2694 988 dissipatae
2711 928 2840 974 sunt.

3333 445 3436 512 (εεο
3449 471 3520 479 -
3543 441 3642 516 sat)

2159 1018 2262 1064 137.
2283 1012 2376 1064 Sed
2401 1026 2560 1076 neque
2585 1013 2952 1076 Phrynondam,
2989 1013 3210 1074 arbitror,
3237 1027 3396 1077 neque
3427 1015 3654 1078 Euryba-

2089 1105 2196 1153 tum
2227 1117 2384 1166 neque
2407 1103 2554 1153 alium
2577 1115 2852 1166 quenquam
2881 1115 3050 1152 eorum
3077 1104 3160 1166 qui
3181 1104 3298 1152 olim
3335 1105 3656 1166 improbitate

2093 1192 2452 1252 excelluerunt,
2469 1191 2616 1240 talem
2643 1203 2838 1252 magum
2859 1193 2947 1240 aut
2965 1190 3356 1253 praestigiatoreru
3379 1191 3626 1241 exstitisse
3639 1229 3655 1250 ,

2093 1278 2248 1340 qualis
2269 1279 2348 1328 hic
2369 1279 2530 1328 noster
2559 1281 2658 1339 est,
2689 1277 2791 1340 qui,
2815 1289 2848 1326 o
2867 1278 3038 1338 tellus,
3057 1290 3090 1326 o
3114 1277 3182 1327 dii
3210 1278 3534 1339 immortales,
3561 1278 3659 1328 dre-

2095 1379 2262 1416 mones
2277 1367 2424 1428 atque
2431 1365 2683 1426 homines,
2703 1365 3000 1427 quicumque
3017 1377 3127 1414 vera
3149 1365 3316 1414 audire
3329 1366 3538 1415 curatis!
3561 1379 3660 1415 au·

2096 1453 2206 1514 det,
2227 1467 2284 1502 os
2307 1456 2522 1502 vestrum
2545 1453 2726 1502 directo
2749 1455 3010 1512 contuens,
3039 1452 3184 1502 audet
3216 1453 3484 1514 affirmare,
3521 1457 3662 1504 The-

2097 1540 2249 1590 banos
2263 1540 2544 1590 societatem
2561 1539 2812 1590 vobiscum
2830 1540 3015 1603 iniisse,
3039 1552 3136 1589 non
3150 1543 3422 1603 temporum
3443 1543 3658 1602 ratione,

2099 1641 2196 1677 non
2237 1631 2368 1677 metu
2395 1627 2590 1678 instanti
2603 1663 2620 1690 ,
2645 1639 2743 1676 non
2767 1629 2930 1677 vestra
2967 1627 3320 1677 existimatione
3353 1631 3628 1678 commotos
3643 1666 3660 1690 ,

2099 1716 2183 1766 sed
2209 1715 2540 1765 Demosthenis
2559 1715 2870 1765 concionibus
2890 1713 3140 1766 adductos.
3205 1715 3336 1776 (188)
3371 1717 3516 1778 Atqui
3537 1717 3666 1766 mul·

2101 1805 2176 1852 tas
2199 1803 2314 1852 ante
2337 1803 2482 1851 istum
2509 1802 2775 1864 legationes
2797 1802 2988 1852 Thebas
3007 1802 3231 1852 obierunt
3265 1802 3510 1865 homines,
3547 1803 3666 1866 qui-

2102 1889 2192 1940 bus
2203 1901 2396 1938 summa
2413 1888 2638 1938 cumillis
2659 1887 2954 1938 familiaritas
2975 1888 3266 1950 intercessit,
3281 1889 3439 1951 primo
3461 1891 3668 1952 quidem

2105 1977 2361 2039 imperator
2385 1975 2466 2026 ille
2483 1976 2812 2038 Thrasybulus
2833 1975 3142 2039 collytemils,
3161 1977 3238 2026 vir
3255 1975 3382 2040 apud
3405 1977 3670 2027 Thebanos

2105 2063 2200 2114 tide
2224 2065 2274 2114 et
2303 2064 2590 2114 auctoritate
2610 2065 2774 2112 valens
2807 2065 2864 2112 ut
2887 2075 3030 2113 nemo
3051 2063 3176 2114 alius
3197 2083 3210 2114 ε
3235 2062 3406 2114 deinde
3445 2065 3670 2114 'thrason

2107 2151 2390 2212 Erchiensis,
2408 2150 2579 2212 hospes
2599 2150 2820 2213 publicus
2841 2150 3184 2200 Thebanorum
3205 2168 3218 2196 ι
3241 2149 3504 2202 Leodamas
3519 2165 3672 2214 porro

2107 2239 2447 2299 Achai-nensis,
2473 2238 2660 2288 dicendi
2685 2236 2866 2287 viribus
2889 2237 3202 2288 Demostheni
3231 2251 3330 2288 non
3369 2239 3585 2296 interior,
3608 2251 3674 2288 ac

2107 2325 2225 2374 mihi
2263 2325 2458 2388 quidem
2497 2324 2654 2374 multo
2687 2324 2884 2374 suavior
2925 2323 3057 2375 visus
3097 2328 3262 2375 orator
3289 2339 3304 2374 τ
3337 2327 3465 2386 (139)
3489 2327 3674 2375 Arche-

2108 2411 2280 2462 demus
2313 2413 2486 2472 Pelex,
2519 2413 2619 2474 ipse
2649 2424 2846 2474 quoque
2877 2411 3280 2474 facundusetqui
3305 2413 3462 2462 multa
3481 2412 3533 2461 in
3561 2425 3669 2475 rep.

2109 2499 2316 2562 gerenda
2365 2503 2558 2562 propter
2605 2499 2861 2549 Thebanos
2905 2499 3119 2561 pericula
3157 2499 3278 2548 adiit
3316 2514 3331 2548 ε
3379 2501 3676 2563 ‚aristophon

2112 2587 2412 2646 Azeniensis,
2433 2586 2518 2649 qui
2539 2585 2704 2648 perdiu
2730 2588 3003 2636 Boeotorum
3035 2586 3250 2649 partibus
3283 2585 3522 2636 studuisse
3559 2587 3674 2636 inn-

2112 2673 2326 2722 mulatus
2358 2673 2432 2720 est
2468 2684 2481 2719 :
2525 2670 2829 2732 Pyrrhander
2875 2670 3082 2732 denique
3116 2671 3454 2733 Anaphlystius
3487 2677 3676 2731 orator,

2113 2759 2197 2820 qui
2219 2758 2364 2807 etiam
2397 2768 2528 2806 nunc
2563 2756 2704 2806 vivit.
2767 2755 2862 2806 sed
2891 2759 3056 2807 tamen
3093 2769 3236 2806 neruo
3271 2770 3488 2820 unquam
3513 2771 3572 2808 ex
3611 2760 3677 2809 iis

2116 2845 2373 2896 Thebanos
2391 2845 2548 2906 potuit
2563 2843 2626 2892 ad
2650 2846 2855 2894 vestram
2877 2844 3139 2894 amicitiam
3163 2845 3451 2908 perducere3
3471 2859 3674 2896 cauum

2116 2933 2338 2995 equidem
2352 2931 2472 2992 scio,
2504 2930 2588 2981 sed
2611 2933 2805 2993 propter
2839 2943 3008 2980 eorum
3025 2931 3320 2982 mlamitates
3353 2945 3451 2982 non
3479 2946 3678 2984 necme

2119 3023 2192 3070 est
2216 3031 2471 3081 exponere.
2539 3019 2670 3080 (110)
2691 3021 2752 3068 At
2773 3018 2924 3079 enim,
2943 3018 3130 3081 opinor,
3149 3023 3402 3082 postquam
3425 3021 3680 3084 Philippus

2118 3106 2394 3170 ademptam
2430 3107 2487 3156 iis
2513 3106 2720 3156 Nieaeam
2763 3106 3000 3156 Thessalis
3037 3105 3327 3169 tradiderat,
3365 3107 3678 3171 bellumque,

2119 3193 2250 3257 quod
2283 3193 2400 3242 olim
2434 3207 2494 3243 ex
2525 3195 2800 3242 Boeotorum
2827 3193 3006 3242 finibus
3045 3193 3324 3256 depulerat,
3359 3207 3492 3244 nunc
3511 3195 3684 3246 deriuo

2121 3295 2204 3344 per
2235 3281 2490 3330 Phocidem
2509 3280 2558 3328 in
2579 3280 2702 3342 ipsas
2729 3279 2916 3329 Thebas
2937 3284 3212 3342 revexerat,
3245 3283 3502 3344 pcaquam
3533 3281 3686 3332 deni-

2123 3381 2224 3432 qne
2246 3368 2460 3418 Elateam
2485 3369 2770 3428 occupatam
2795 3366 2922 3414 vallo
2953 3367 3218 3430 munierat,
3241 3369 3292 3418 ln
3325 3381 3529 3432 eamque
3549 3383 3681 3432 prae-

2123 3456 2298 3506 sidium
2337 3456 2654 3519 imposuerat,
2685 3454 2749 3502 ibi
2787 3452 2984 3503 demum
3005 3454 3094 3516 ilii,
3119 3456 3400 3506 instantium
3433 3458 3680 3508 malorum

2123 3547 2257 3593 metu
2309 3541 2643 3602 incumbente,
2703 3540 3013 3592 Athenienses
3062 3543 3446 3604 accersiverunt,
3499 3547 3550 3594 et
3591 3559 3684 3596 vos

2124 3631 2286 3695 copias
2305 3629 2536 3680 eduxistis
2558 3632 2608 3679 et
2637 3629 2824 3678 Thebas
2859 3628 3106 3679 introiistis
3123 3632 3295 3679 armati
3329 3631 3515 3694 equites
3549 3632 3688 3694 pedi·

2126 3722 2292 3781 tesque
2308 3752 2323 3777 ,
2345 3717 2626 3782 priusquam
2658 3715 2737 3766 vel
2763 3714 2956 3765 unicam
2987 3715 3216 3778 syllabam
3239 3716 3302 3767 de
3317 3717 3546 3768 societate
3573 3721 3672 3768 scri

2127 3807 2294 3869 psisset
2325 3804 2684 3854 Demosthenes.
2757 3803 2888 3864 (141)
2935 3803 3124 3853 Thebas
3156 3805 3320 3853 autern
3363 3804 3496 3866 quod
3524 3807 3684 3856 intro-

2127 3897 2349 3947 mittebat
2377 3909 2491 3958 vos,
2535 3898 2726 3958 tempus
2761 3895 2879 3955 tuit,
2919 3897 3104 3956 metus,
3127 3895 3368 3944 societatis
3395 3899 3686 3958 necessitas,

2128 4004 2224 4040 non
2257 3989 2624 4048 Demosthenes,
2647 3986 2879 4050 siquidem
2907 3987 2982 4037 his
3011 3987 3062 4036 111
3103 3986 3244 4036 rebus
3269 3987 3365 4037 tria
3401 3987 3478 4037 vel
3503 3991 3688 4051 gravis·

2131 4085 2252 4133 sima
2274 4082 2616 4133 Demosthenes
2637 4081 2688 4130 in
2713 4094 2797 4130 vos
2815 4079 3045 4142 peccavit.
3113 4079 3354 4142 Primum,
3372 4080 3506 4143 quod
3527 4095 3690 4144 quum

2131 4175 2377 4238 Philippus
2407 4174 2556 4224 verbo
2585 4171 2780 4235 quidem
2803 4172 3054 4221 vobiscum
3081 4172 3262 4222 bellum
3285 4173 3496 4236 gereret,
3517 4187 3694 4224 revera

2131 4268 2285 4317 multo
2312 4267 2485 4316 acriori
2517 4265 2629 4314 odio
2679 4265 2728 4314 in
2767 4264 3019 4314 Thebanos
3047 4265 3403 4328 incenderetur,
3439 4267 3694 4330 quomodo

2133 4373 2208 4410 res
2245 4360 2363 4423 ipsoe
2409 4357 2744 4418 declararunt,
2781 4359 2830 4406 et
2868 4355 2986 4419 quid
3032 4357 3252 4419 pluribus
3289 4371 3410 4420 opus
3443 4359 3547 4408 est?
3579 4359 3694 4408 haec

2133 4455 2266 4502 tanta
2293 4451 2508 4514 tantique
2536 4448 2762 4512 ponderis
2785 4447 2975 4509 celavit,
3007 4449 3137 4510 (142)
3165 4451 3215 4497 et
3238 4450 3518 4498 societatem
3547 4450 3694 4500 nobis

2133 4557 2244 4595 cum
2262 4542 2500 4595 Thebanis
2529 4543 2740 4591 suturam
2765 4539 3020 4601 simulans,
3053 4551 3166 4602 qum
3197 4551 3296 4590 nou
3321 4553 3385 4589 ex
3413 4541 3694 4602 temporum

2135 4637 2412 4688 necessitate
2425 4671 2440 4698 ,
2459 4633 2542 4686 sed
2565 4635 2665 4684 suis
2691 4632 3006 4696 legationibus
3027 4632 3254 4693 oriretur,
3281 4631 3490 4694 primum
3511 4633 3697 4696 populo

2137 4729 2374 4794 persuasit
2411 4741 2474 4778 ne
2523 4739 2808 4790 magnopere
2849 4727 3087 4787 spectaret
3120 4725 3300 4787 quibus
3336 4723 3700 4775 conditionibus

2137 4821 2418 4872 societatem
2431 4819 2534 4869 lieri
2548 4817 2844 4878 conveniret,
2857 4815 2942 4866 sed
2959 4816 3072 4866 satis
3091 4815 3290 4866 haberet
3305 4817 3344 4866 si
3365 4815 3502 4866 tieret
3513 4816 3660 4866 modo
3681 4837 3696 4866 :

2138 4915 2233 4965 hoc
2259 4913 2416 4977 primo
2437 4913 2602 4961 autem
2634 4911 2870 4972 occupato
2893 4910 3166 4960 universam
3199 4909 3432 4959 Boeotiam
3453 4909 3702 4959 Thebanis

2139 5007 2336 5069 dedidit,
2352 5017 2503 5069 quum
2521 5005 2569 5053 in
2584 5003 2778 5053 decreto
2794 5002 3060 5064 scripserit,
3077 4993 3152 5062 ιῖῐ,
3171 5000 3211 5050 si
3231 5014 3330 5063 qua
3343 5001 3514 5051 civitas
3531 5015 3561 5050 a
3576 5001 3700 5052 The-

2141 5100 2275 5151 banis
2305 5099 2611 5152 descisceret.
2657 5095 2963 5146 Athenienses
3001 5094 3175 5144 Boeotis
3207 5093 3292 5156 qui
3323 5093 3505 5144 Thebis
3541 5098 3704 5144 essent

2139 5192 2512 5255 opitularentur,
2529 5189 2686 5240 verbis
2699 5225 2714 5250 ,
2739 5191 2792 5238 ut
2815 5188 2956 5248 solet,
2975 5199 3050 5238 res
3071 5185 3314 5236 suffurans
3329 5185 3526 5248 alioque
3541 5187 3700 5236 trans-

3755 1 3780 110 W
