3825 5834
1261 424 1331 486 X.
1379 426 1584 488 ΚΑΤΑ
1628 423 2015 488 ΦΙΛΙΠΠΟΥ
2056 430 2127 489 Δ.

142 560 349 631 φέροντος,
381 556 457 609 καὶ
480 561 547 628 τῷ
572 554 761 628 αἰσχρῷ
782 555 989 610 ἐνταῦθα
1014 560 1393 629 προσχρώμενος
1408 599 1425 624 ,
1455 560 1643 622 δεικνὺς

142 641 236 705 ὅσην
256 636 471 705 αἰσχύνην
490 634 756 705 ὀφλήσουσι
782 636 863 687 καὶ
888 636 1086 706 γέλωτα
1112 637 1473 711 ῥᾳθυμήσαντες
1492 660 1502 671 ·
1534 639 1643 693 εἶτα

142 716 217 770 ἀπὸ
242 720 314 782 τῆς
328 716 511 785 κρίσεως
534 720 621 769 τοῦ
646 714 883 785 πολεμίου
910 715 1191 779 Φιλίππου,
1214 718 1291 769 ὅτι
1310 717 1494 779 ἐκεῖνος
1506 718 1643 773 οὐδὲν

140 796 241 846 ἄλλο
266 815 304 847 τι
329 796 383 845 ἂν
406 792 584 855 εὔξαιτο
610 794 769 847 ποιεῖν
806 790 893 857 τὴν
922 793 1087 847 πόλιν.
1164 794 1435 865 Πληρώσας
1464 796 1517 849 δὲ
1558 796 1642 850 τὸν

140 873 329 943 ἐπίλογον
378 872 573 943 ἄρχεται
605 875 693 925 τοῦ
736 872 943 926 δυνατοῦ
964 912 979 935 ,
1029 871 1305 943 ἀνενεγκὼν
1359 872 1439 927 ἐπὶ
1484 874 1642 945 ἀρχὴν

136 952 405 1023 ἀρχαιοτέραν
432 953 513 1005 τὸν
538 952 717 1023 λόγον,
740 950 837 1005 ἀπὸ
859 955 945 1017 τῆς
970 950 1145 1013 λέξεως
1173 952 1350 1020 ταύτης
1374 952 1462 1018 τὴν
1484 952 1641 1023 ἀρχὴν

138 1035 411 1103 ποιησάμενος
447 1035 539 1103 (p.
596 1032 716 1100 137,
752 1048 773 1083 1
800 1031 819 1101 )
842 1050 853 1061 ·
916 1054 937 1079 ιι
968 1029 1105 1083 οὐδὲν
1148 1032 1369 1097 substate,
1400 1028 1445 1085 ὦ
1479 1034 1647 1103 ἄνδρες

140 1136 157 1159 ι
189 1111 429 1178 Ἀθηναῖοι,
464 1117 561 1163 τῶν
587 1111 890 1181 πραγμάτων
917 1108 965 1171 ἐξ
1001 1109 1157 1180 ἀρχῆς
1182 1110 1502 1177 ἐνεστήσασθε
1534 1112 1643 1166 οὐδὲ

139 1212 155 1236 ι
182 1189 555 1242 κατεσκευάσασθε
580 1188 753 1258 ὀρθῶς.
790 1209 813 1233 ι
846 1186 907 1238 Εἰ
936 1186 989 1241 δὲ
1033 1187 1117 1239 καὶ
1146 1190 1554 1259 συμπαρομαρτεῖ
1582 1192 1644 1260 τῇ·

136 1266 301 1336 ἐργασίᾳ
344 1270 425 1319 τοῦ
463 1265 729 1335 κεφαλαίου
766 1264 971 1329 τούτου,
1002 1264 1135 1333 λέγω
1167 1268 1253 1317 τοῦ
1306 1265 1513 1318 δυνατοῦ
1529 1304 1545 1331 ,
1586 1267 1644 1319 τὸ

134 1351 359 1417 συμφέρον,
395 1348 475 1400 καὶ
501 1348 778 1399 συννοεῖται
808 1348 914 1406 τοῖς
940 1345 1251 1416 λεγομένοις,
1290 1344 1427 1398 ούδὲν
1456 1347 1641 1417 θαυμα-

134 1430 248 1481 στόν·
278 1428 461 1495 σύνηθες
486 1426 583 1497 γὰρ
622 1425 753 1497 αύτῷ
794 1424 858 1479 τὰ
883 1426 1122 1496 κεφάλαια
1160 1426 1374 1479 πλέκειν.
1452 1426 1567 1481 ’Ότι
1594 1428 1645 1481 δὲ

133 1514 187 1577 τῷ
204 1510 367 1578 δυνατῷ
390 1506 579 1576 μᾶλλον
608 1506 985 1575 προσκεχώρηκε
1006 1506 1159 1571 δῆλον
1182 1504 1235 1559 ἐκ
1253 1512 1349 1559 τῶν
1370 1506 1639 1577 ἐχομένων·

135 1585 239 1645 εὔθὶκς
260 1586 345 1655 γὰρ
372 1586 509 1639 ἔλυσε
547 1584 631 1637 καὶ
674 1582 1011 1653 ἀνθυποφορὰν
1029 1623 1046 1648 ,
1079 1584 1136 1637 ού
1163 1585 1259 1645 θεὶς
1288 1584 1373 1655 μὲν
1408 1584 1557 1651 αὐτὴν
1592 1584 1645 1638 ἐκ

134 1669 300 1733 φανεροῦ
316 1703 331 1729 ,
354 1664 575 1731 δηλώσας
597 1662 648 1715 δέ
682 1661 761 1714 διὰ
788 1667 885 1715 τῶν
918 1662 1105 1715 λύσεων
1123 1682 1135 1694 ·
1162 1662 1311 1716 Ἀλλὰ
1338 1663 1645 1735 δυνησόμεθα

135 1744 333 1809 βοηθείαις
367 1744 613 1813 χρώμενοι
660 1742 867 1795 κωλύειν
896 1741 1107 1796 ἐκεῖνον.
1188 1740 1385 1807 Ἐπειδὴ
1422 1742 1519 1813 γὰρ
1552 1742 1645 1814 πρὸ

135 1824 301 1891 βραχέος
320 1823 555 1893 ἐχρήσατο
579 1822 629 1875 ἐν
660 1827 730 1893 τῷ
754 1821 883 1875 τέλει
906 1826 990 1887 τῆς
1011 1821 1197 1883 λύσεως
1218 1826 1304 1887 τῆς
1331 1825 1415 1874 τοῦ
1436 1824 1647 1892 νομίμου

134 1900 397 1967 ἀντιθέσεως,
434 1904 517 1967 τῆς
546 1901 789 1971 λεγούσης
814 1902 919 1952 δεῖν
948 1900 1095 1953 αὐτὸν
1124 1902 1325 1971 γράφειν
1356 1902 1464 1972 περὶ
1499 1901 1645 1955 πολέ-

135 2000 205 2049 μου
227 1982 453 2050 ψήφισμα,
479 1984 732 2051 προτροπῇ
758 1980 853 2032 τινὶ
876 1978 1165 2049 ἐπιλογικῇ,
1204 1980 1365 2049 λέγων
1393 1986 1408 2045 ξ
1432 1998 1485 2051 p.
1522 1981 1643 2049 137,

135 2063 186 2116 6)
205 2060 291 2111 δεῖν
310 2060 737 2120 κατασκευάζεσθαι
757 2060 1031 2129 στράτευμα
1050 2059 1133 2110 καὶ
1154 2058 1355 2121 ὁπλίτας
1378 2060 1461 2113 καὶ
1480 2060 1647 2121 ἱππέας

132 2139 197 2265 ἰαὶ
216 2140 422 2269 τριήριείιςὶ,
447 2138 528 2235 διὰ
546 2142 703 2270 ὁτοῦῖο
726 2139 810 2190 καὶ
836 2138 1101 2239 προέλαὸεν
1128 2137 1293 2269 ἐκὸτῆς
1312 2138 1557 2270 εἰσδολῆςὰ
1558 2138 1645 2204 τὴν

160 2237 259 2269 νσιν.
364 2238 391 2268 α
433 2238 517 2269 νυν
580 2238 645 2288 μο
664 2239 730 2279 ως
753 2236 1085 2288 φανερώτερον
1105 2237 1167 2287 πρ
1200 2237 1327 2284 ςτην
1355 2238 1503 2283 αυτην
1558 2238 1647 2272 πο-

136 2297 309 2364 μάχεται
349 2296 539 2367 λέγων,
585 2318 607 2345 κ
653 2296 741 2348 ούκ
787 2296 946 2349 ἔνεστι
994 2297 1236 2365 βοηθείαις
1275 2300 1557 2368 χρωμένους
1590 2298 1648 2350 οὖ

138 2398 153 2421 ε
180 2378 268 2429 δέον
294 2397 337 2429 τι
364 2376 553 2447 πρᾶξαι.
590 2398 613 2425 ιο
666 2376 760 2427 Καὶ
796 2375 953 2437 ἄλλας
980 2376 1031 2429 δὲ
1080 2377 1309 2439 ὑπονοίας
1364 2377 1536 2441 ἔλυσε,
1579 2376 1645 2447 μὴ

132 2456 410 2526 ὃισφθείρηται
453 2456 515 2508 τὰ
541 2454 811 2525 χρήματα,
854 2453 921 2525 μὴ
975 2456 1133 2525 μάτην
1170 2455 1437 2527 ἀναλωθῇ,
1478 2457 1539 2508 δι’
1576 2453 1647 2509 ὧν

132 2531 217 2587 εἶπε
240 2537 330 2587 δεῖν
350 2535 519 2605 ταμίας
551 2534 838 2587 καθιστάναι
866 2534 949 2585 καὶ
992 2534 1171 2605 λόγους
1210 2535 1478 2605 λαμόάνειν
1520 2534 1648 2605 παρὰ

132 2618 207 2661 τῶν
246 2619 536 2683 στρατηγῶν.
616 2612 755 2665 Μετὰ
804 2617 957 2665 ταῦτα
993 2613 1141 2665 πάλιν
1180 2612 1277 2667 ἀπὸ
1320 2618 1409 2667 τοῦ
1440 2616 1647 2667 δυνατοῦ

132 2688 343 2743 ἀντέπεσεν
370 2691 609 2753 ἀντίθεσις
628 2707 641 2719 ·
689 2689 837 2743 Ἀλλὰ
872 2690 1070 2760 χαλεπὰ
1118 2691 1199 2743 καὶ
1235 2692 1425 2763 ἐργώδη
1457 2692 1641 2762 λέγεις·

132 2768 415 2836 Δημόσθενες·
458 2769 593 2823 εἶναι
629 2769 681 2822 δὲ
714 2768 865 2836 αύτὴν
914 2774 1003 2822 τοῦ
1037 2772 1245 2823 δυνατοῦ
1281 2770 1437 2842 φαμὲν
1468 2771 1549 2823 διὰ
1592 2773 1649 2826 τὸ

132 2851 413 2919 πραγματείας
430 2848 587 2904 εἰπεῖν
605 2850 688 2901 καὶ
716 2850 910 2911 πόνους.
984 2849 1173 2919 Σχεδὸν
1194 2849 1289 2920 γὰρ
1316 2850 1373 2903 τὸ
1400 2848 1466 2921 μὴ
1485 2850 1648 2921 ῥᾴδιον

135 2924 311 2981 εἶναιτὸ
338 2932 539 2999 πρᾶγμα
577 2929 835 2998 σημαίνει,
880 2926 937 2979 ού
976 2926 1073 2998 μὴν
1102 2927 1415 2994 ἀπήλλακται
1442 2934 1529 2982 τοῦ
1570 2951 1649 3000 με·

133 3006 259 3073 τέχειν
284 3010 359 3060 καὶ
390 3012 475 3061 τοῦ
508 3009 835 3077 συμφέροντος
852 3027 863 3037 ·
900 3008 985 3059 καὶ
1023 3012 1171 3062 τοῦτο
1212 3009 1455 3061 δείκνυται
1490 3016 1651 3080 σαφῶς

132 3080 171 3134 ἐκ
206 3092 289 3137 τῶν
322 3088 525 3142 λύσεων.
604 3086 699 3138 Καὶ
730 3086 859 3139 ἔστιν
904 3085 935 3153 ἢ
974 3085 1211 3149 ἀντίθεσις
1240 3088 1325 3159 (p.
1359 3089 1477 3156 137,
1506 3106 1576 3142 αα
1605 3092 1645 3156 )·

138 3184 152 3207 ι
186 3162 233 3213 Εἰ
258 3166 302 3217 δέ
328 3185 394 3237 τῳ
424 3168 569 3219 δοκεῖ
600 3168 755 3217 ταῦτα
784 3166 869 3218 καὶ
890 3166 1107 3233 δαπάνης
1146 3166 1337 3233 πολλῆς
1370 3168 1453 3219 καὶ
1486 3170 1649 3221 πόνων

136 3262 152 3285 α
178 3243 349 3296 πολλῶν
372 3246 453 3297 καὶ
486 3244 825 3315 πραγματείας
842 3242 1002 3309 εἶναι,
1032 3246 1115 3298 καὶ
1134 3246 1251 3315 μάλ’
1268 3246 1421 3317 ὀρθῶς
1442 3248 1593 3303 δοκεῖ.
1624 3270 1645 3297 n

132 3320 285 3387 Ταὸτην
311 3322 447 3376 ἔλυσε
474 3330 547 3395 τῷ
568 3325 891 3393 συμφέροντι,
922 3324 1075 3385 δείξας
1102 3322 1434 3395 ἐργωδέστερα
1462 3326 1545 3377 καὶ
1562 3346 1599 3395 χ
1602 3344 1653 3377 α·

132 3395 338 3471 λεπώτερα
362 3401 422 3454 τὰ
460 3402 845 3471 συμὸησόμενα,
880 3400 922 3455 εἰ
970 3401 1036 3473 μὴ
1068 3403 1180 3463 τοὺς
1217 3402 1413 3473 μικροὺς
1454 3404 1653 3466 τούτους

132 3476 193 3525 καὶ
214 3480 310 3539 τοὺς
331 3479 527 3551 ὀλίγους
554 3479 839 3545 ἐθελήσαιεν
862 3480 1125 3551 ὑπομεῖναι
1148 3483 1341 3543 πόνους.
1416 3482 1510 3534 Καὶ
1524 3482 1653 3535 ἄλλο

134 3552 171 3603 δέ
192 3574 228 3606 τι
246 3560 370 3627 μέρος
390 3559 495 3611 λύει
518 3562 609 3624 τῆς
636 3558 782 3624 αὐτῆς
806 3557 1085 3621 ἀντιθέσεως
1103 3600 1119 3624 ,
1154 3561 1273 3630 ὅπερ
1298 3560 1355 3613 οὗ
1376 3562 1583 3614 τέθεικεν
1600 3560 1652 3614 ἐκ

132 3638 197 3684 τοῦ
222 3642 473 3707 προφανοῦς
492 3678 509 3703 ,
540 3640 705 3706 ὥσπερ
726 3637 775 3689 ἐν
800 3643 871 3709 τῷ
896 3639 1203 3703 Διοπείθους,
1236 3639 1404 3711 ἔκρυψε
1432 3640 1502 3704 δὲ,
1529 3642 1654 3692 διότι

134 3710 199 3763 οὔκ
220 3710 269 3779 ἦν
288 3715 591 3786 εύπρόσωπος
613 3714 723 3768 om
750 3716 950 3778 πιθανὸς
976 3716 1087 3770 οὐδὲ
1114 3718 1314 3779 δυνατὸς
1336 3718 1365 3770 ὁ
1400 3719 1509 3787 περὶ
1543 3718 1651 3770 τού-

135 3808 197 3841 του
224 3792 371 3864 λόγος.
445 3795 529 3856 Τίς
570 3793 669 3865 γὰρ
712 3794 829 3865 ὑπὲρ
874 3793 1147 3865 ἀλλοτρίων
1175 3796 1337 3849 εἵλετο
1364 3797 1652 3849 κινδυνεύειν

133 3868 195 3918 καὶ
216 3870 445 3937 ead-„avim
478 3872 535 3925 αἱ
558 3874 725 3943 μέντοι
748 3890 807 3941 γε
837 3871 997 3933 λύσεις
1021 3872 1223 3941 ἔχουσαι
1248 3873 1353 3943 μεθ’
1388 3872 1568 3927 ἑαυτῶν
1598 3876 1654 3929 τὸ

135 3944 359 4017 ἀναγκαῖον
386 3957 483 4005 τῶν
511 3951 673 4023 ἔργων
698 3950 783 4003 καὶ
807 3956 1091 4020 κεραννῦσαι
1118 3949 1205 4016 τὴν
1228 3953 1461 4022 πρότασιν
1478 3993 1493 4016 ,
1526 3952 1653 4005 εἰκό-

134 4042 203 4085 ῒως
222 4025 296 4092 τὴν
318 4030 587 4100 παρρησίαν
606 4035 677 4101 τῷ
698 4029 959 4101 συμὸούλῳ
979 4032 1289 4100 παρέχουσιν.
1373 4031 1656 4102 Ἐχρήσατο

135 4108 227 4171 γοῦν
250 4108 565 4180 θουκυδιδείῳ
600 4109 771 4171 λύσει,
801 4104 919 4180 ᾗπερ
950 4108 977 4161 ὁ
1002 4110 1195 4172 Λέσὸιος
1211 4112 1467 4181 χρώμενος
1490 4113 1654 4182 φαίνε-

136 4200 217 4247 ται,
240 4186 304 4237 ὅτι
330 4192 397 4259 τῷ
430 4188 519 4259 μὲν
548 4189 713 4241 δοκεῖν
760 4188 874 4259 ὑπὲρ
902 4188 1102 4253 ἄλλων,
1131 4192 1194 4260 τῇ
1221 4190 1273 4242 δὲ
1301 4190 1509 4259 ἀληθείᾳ
1540 4192 1654 4261 ύπὲρ

134 4258 243 4327 ὴμῶν
266 4264 321 4315 τὲ
346 4266 607 4338 γινόμενα.
679 4266 833 4333 Kana
874 4267 1010 4329 λύσις
1046 4266 1281 4338 ἐναργής·
1317 4290 1339 4317 ιι

141 4360 157 4384 =
184 4339 267 4394 ἔστί
289 4364 353 4407 τις
382 4344 626 4417 ἐγγυητὴς
642 4345 763 4418 ἡμῖν
794 4348 913 4399 θεῶν
933 4386 947 4411 ,
970 4346 1027 4399 οὗ
1054 4347 1149 4418 γὰρ
1180 4346 1445 4418 ἀνθρώπων
1484 4368 1545 4420 γε
1579 4351 1657 4403 οὗ·

140 4442 157 4463 ·
182 4422 277 4484 δείς.
306 4448 325 4473 ι
358 4426 447 4477 Καὶ
470 4427 623 4481 πάλιν
651 4427 837 4496 προϊὼν
858 4426 885 4478 ὁ
911 4427 1063 4496 λόγος
1088 4427 1234 4497 φησίν
1255 4447 1265 4459 ·
1298 4448 1321 4477 ιι
1355 4426 1399 4480 εἰ
1434 4428 1485 4481 δὲ
1522 4431 1659 4499 πρόϊ·

143 4519 158 4543 υ
186 4518 286 4568 σμεν
323 4504 529 4565 ἅπαντες
568 4506 644 4557 ὅτι
686 4505 793 4573 ὅσῳ
824 4506 881 4557 ἂν
922 4506 1162 4559 πλειόνων
1197 4504 1415 4577 ἐάσωμεν
1470 4506 1656 4561 ἐκεῖνον

140 4598 157 4621 ¹
182 4582 379 4643 γενέσθαι
416 4584 611 4654 κύριον,
642 4584 859 4654 τοσούτῳ
892 4584 1223 4657 χαλεπωτέρῳ
1249 4586 1333 4638 καὶ
1369 4586 1659 4659 ἰσχυροτέρῳ

142 4678 158 4701 ι
186 4662 467 4730 χρησόμεθα,
487 4660 669 4733 ἐχθρῷ.
724 4684 745 4711 ι»
796 4660 913 4716 Ἐπὶ
938 4664 1124 4726 τούτοις
1160 4662 1413 4719 ἀντέπεσεν
1452 4666 1548 4720 ἀπὸ
1574 4672 1660 4733 τῆς

140 4733 326 4805 ἐργασίας
368 4744 453 4793 τοῦ
491 4742 819 4811 συμφέροντος
848 4743 1053 4795 ύπόνοιά
1098 4762 1169 4804 τις
1208 4744 1362 4813 [τοῦ]
1394 4744 1659 4816 ἀναγκαίου

141 4816 281 4867 πάλιν·
326 4818 456 4871 Ἀλλ’
502 4822 621 4873 ὅταν
658 4820 847 4892 ἀνάγκη
888 4823 1089 4891 γένηται
1119 4822 1201 4874 καὶ
1240 4820 1311 4893 ἐφ’
1355 4822 1485 4895 ἡμᾶς
1538 4824 1659 4898 ἔλθῃ

140 4892 345 4959 ‘mamm
362 4938 375 4962 ,
406 4900 465 4950 σὶ»
482 4900 606 4968 φής;
626 4904 771 4953 τοῦτο
800 4900 896 4970 γὰρ
926 4903 1329 4968 κατεσκευάζετο,
1361 4905 1437 4957 ὅτι
1454 4904 1537 4957 καὶ
1566 4906 1661 4976 γὰρ

145 4968 208 5022 ἔᾶν
230 4976 395 5039 πάντας
417 4976 553 5049 λάθῃ
574 5018 587 5041 ,
614 4977 683 5048 ἐφ’
710 4978 839 5049 ἣμᾶς
861 4978 988 5044 ἥξει,
1012 4981 1124 5033 τότε
1154 4980 1299 5033 oab-:bv
1328 4980 1657 5053 ἀμυνούμεθα.

142 5050 193 5099 (ἢ
218 5052 301 5119 μὴν
326 5055 475 5117 οὕτως
497 5055 647 5120 αύτὴν
672 5056 813 5123 ἔθηκε
850 5064 1102 5129 προφανῶς
1118 5098 1133 5121 ,
1163 5059 1278 5111 ἀλλ’
1313 5060 1421 5114 ἀντὶ
1446 5067 1531 5127 τῆς
1555 5062 1661 5133 ἀφί·

144 5126 232 5191 Εεως
246 5134 319 5183 καὶ
336 5140 419 5185 τοῦ
446 5133 613 5187 ἐλθεῖν
633 5132 766 5188 εἶπεν
782 5176 795 5199 ,
818 5137 935 5188 ὅταν
956 5136 1227 5208 ἀναγκαῖον
1246 5135 1298 5210 ᾖ·
1321 5140 1377 5193 τὸ
1397 5140 1493 5211 γὰρ
1509 5140 1659 5213 ἀναγ-

144 5210 257 5259 καῖον
281 5211 475 5265 δύναται
500 5212 675 5283 ,κοινὸν
702 5211 831 5265 εἶναι
867 5214 949 5266 καὶ
987 5218 1072 5281 τῆς
1100 5214 1271 5286 ἐφόδου
1309 5218 1391 5270 καὶ
1422 5224 1517 5271 τῶν
1560 5221 1664 5273 νυνὶ

1373 4267 1416 4321 εἰ
1448 4270 1533 4339 μὲν
1562 4265 1673 4341 γάρ’

3181 441 3295 493 560

1730 564 2122 629 καθεστηκότων.
2223 560 2318 615 'lv’
2353 558 2441 615 οὖν
2478 561 2670 635 ἀφορμὴ
2700 565 2901 636 γένηται
2935 565 3067 639 αύτῷ
3103 567 3298 638 μᾶλλον

1730 641 2112 711 προτρέψασθαι,
2148 640 2278 693 οὕτω
2307 638 2396 707 τὴν
2426 640 2668 695 ἀντίθεσιν
2699 646 3083 715 μετεχειρίσατο.
3159 644 3299 713 Πλη-

1734 719 1889 786 ρώσας
1914 718 1968 771 δὲ
1987 718 2044 770 τὸ
2072 720 2310 789 συμφέρον
2336 723 2483 772 τοῦτο
2503 721 2532 771 ὃ
2564 719 2904 793 ἀντεπήγαγεν
2938 722 3002 783 εἰς
3036 722 3174 774 λύσιν
3213 726 3298 789 τῆς

1735 795 2048 861 ἀντιθέσεως,
2089 800 2457 868 προοιμιάζεται
2495 800 2670 853 λοιπὸν
2697 801 2815 871 ὑπὲρ
2844 806 2930 854 τοῦ
2951 802 3107 855 ἄλλου
3132 804 3299 873 μέρους

1732 880 1820 929 τοῦ
1856 877 2082 930 δυνατοῦ.
2159 877 2344 939 Σκοπὸς
2375 878 2472 949 γὰρ
2513 877 2646 951 αύτῷ
2673 879 2845 933 λοιπὸν
2881 881 3099 935 ἐντεῦθεν
3133 881 3298 933 διαλε-

1732 955 1915 1023 χθῆναι
1936 955 2046 1025 περὶ
2075 958 2160 1021 τῆς
2181 954 2300 1025 πρὸς
2327 956 2532 1026 βασιλέα
2553 958 2820 1027 πρεσόείας.
2897 959 3059 1011 Πάλαι
3095 959 3146 1012 δὲ
3178 979 3296 1030 προ·-

1734 1033 2012 1103 διῳκήσατο
2050 1032 2204 1104 ἐαυτῷ
2245 1033 2336 1099 τὴν
2377 1034 2488 1105 περὶ
2525 1036 2701 1088 τούτου
2741 1038 2910 1091 πειθώ.
2995 1036 3092 1108 Ἀφ’
3121 1034 3178 1090 οὗ
3205 1038 3300 1107 γὰρ

1732 1110 1909 1181 ἤρξατο
1936 1112 2280 1184 συμβουλεύειν
2315 1112 2480 1177 αύτοῖς
2513 1115 2596 1167 καὶ
2621 1115 2931 1187 διαλέγεσθαι
2954 1118 3064 1188 περὶ
3085 1122 3172 1169 τοῦ
3195 1119 3300 1171 δεῖν

1734 1190 1964 1261 εἰσφέρειν
2006 1192 2090 1244 καὶ
2131 1194 2570 1255 κατασκευάζεσθαι
2633 1196 2908 1266 στράτευμα
2961 1197 3045 1249 καὶ
3095 1198 3302 1267 τριήρεις

1734 1270 1816 1321 καὶ
1828 1270 2004 1332 ἵππους
2030 1272 2112 1323 καὶ
2137 1272 2231 1323 ὅσα
2256 1276 2486 1336 τοιαῦτα,
2517 1273 2666 1339 δῆλος
2690 1270 2750 1332 ἧν
2778 1273 2952 1328 λοιπὸν
2983 1274 3064 1326 διὰ
3093 1274 3182 1341 τὴν
3203 1282 3300 1329 τῶν

1732 1348 2004 1415 χρημάτων
2047 1346 2272 1417 εἰσφορὰν
2291 1387 2306 1412 ,
2353 1348 2436 1401 καὶ
2491 1350 2656 1419 ἕτερον
2700 1351 2762 1401 δι’
2810 1351 2974 1421 ἐτέρου
3019 1354 3296 1422 προανύων.

1740 1425 1868 1480 Ἀλλ’
1922 1428 2028 1483 ἐκεῖ
2083 1429 2168 1499 μὲν
2235 1435 2306 1501 τῷ
2355 1430 2518 1484 δοκεῖν
2567 1431 2896 1503 ἁπλούστερον
2956 1433 3298 1486 συνεὸούλευεν

1734 1506 1901 1569 αὐτοῖς
1939 1508 2399 1578 παρασκευάζεσθαι·
2459 1511 2896 1578 προκατασκευάζει
2949 1510 3002 1563 δὲ
3042 1509 3178 1563 οὐδὲν
3209 1505 3298 1575 ἤτ·

1736 1606 1821 1641 τον
1849 1588 2007 1658 ἐαυτῷ
2047 1586 2136 1653 τὴν
2185 1588 2404 1655 ἀνάγκην
2447 1594 2533 1641 τοῦ
2573 1588 2826 1653 πεισθῆναι
2867 1589 3040 1651 αὐτοὺς
3078 1592 3186 1661 περὶ
3216 1596 3302 1658 τῆς

1734 1665 1851 1735 πρὸς
1878 1666 2083 1735 βασιλέα
2108 1666 2378 1735 πρεσὸείας.
2421 1668 2480 1719 Τί
2507 1666 2602 1737 γὰρ
2620 1663 2681 1733 ἦν
2707 1665 2974 1722 ὑπόλοιπον
3003 1671 3304 1731 ποιεῖν·τοῦς

1736 1742 2158 1815 ἀναγκαζομένους
2201 1745 2288 1815 μὲν
2331 1747 2560 1815 παρέχειν
2580 1784 2596 1809 ,
2641 1744 2706 1815 μὴ
2756 1744 2961 1815 ἔχοντας
3008 1748 3087 1813 δὲ,
3130 1748 3161 1814 ἢ
3197 1768 3301 1802 πει·

1738 1822 1901 1878 θέσθαι
1935 1831 2005 1896 τῷ
2033 1825 2366 1879 ύποδεικνύντι
2401 1828 2552 1897 πόρον
2600 1826 2779 1878 ἄλυτον
2825 1826 2906 1877 καὶ
2949 1826 3158 1897 ἀζήμιον
3199 1834 3303 1889 τοῖς

1734 1902 1982 1968 πολίταιςς
2033 1904 2250 1957 ἐντεῦθεν
2299 1904 2482 1975 ὁμοίως
2530 1904 2868 1975 ἐρρητόρευσεν
2912 1904 2964 1957 ἐκ
3001 1910 3087 1972 τῆς
3135 1904 3306 1967 λέξεως

1736 1983 1911 2049 ταύτης
1951 1982 2038 2048 τὴν
2073 1982 2306 2048 ἐπιὸολὴν
2349 1986 2674 2054 ποιησάμενος
2703 1990 2788 2054 (p.
2836 1984 2952 2048 138,
2985 1985 3126 2053 23)·
3178 2007 3200 2034 ιι
3233 1984 3304 2037 Τὸ

1742 2082 1765 2109 α
1798 2061 1885 2131 μὲν
1908 2063 2070 2115 τοίνυν
2089 2102 2104 2125 ,
2141 2059 2183 2115 ὦ
2207 2062 2375 2132 ἄνδρες
2400 2061 2644 2129 Ἀθηναῖοι
2657 2102 2672 2127 ,
2701 2062 2819 2131 πρὸς
2837 2062 2898 2115 τὰ
2933 2069 3131 2117 τοιαῦτα
3154 2064 3302 2132 ὀκνη-

1742 2162 1765 2188 ιι
1800 2146 1891 2210 ρῶς
1914 2142 2202 2193 διακεῖσθαι.
2243 2164 2264 2190 n
2299 2141 2426 2207 Αὕτη
2464 2144 2550 2211 μέν
2589 2141 2771 2207 ἐστινὴ
2807 2141 3003 2207 εἰσὸολὴ
3034 2149 3120 2197 τοῦ
3147 2146 3304 2217 λόγου

1737 2222 1823 2270 τοῦ
1849 2221 1959 2289 περὶ
1985 2224 2070 2287 τῆς
2092 2220 2360 2290 πρεσὸείας.
2444 2218 2718 2291 Ῥητορεύει
2745 2220 2797 2273 δὲ
2823 2220 2902 2272 διὰ
2931 2226 3018 2274 τοῦ
3045 2225 3302 2295 προοιμίου

1737 2296 2024 2368 αἰτιιῖιμενος
2055 2300 2130 2351 ὅτι
2165 2297 2230 2370 μὴ
2275 2299 2536 2368 βούλονται
2576 2298 2766 2352 ἀκούειν
2809 2300 2917 2369 περὶ
2954 2296 3024 2353 ὧν
3061 2303 3117 2353 ἂν
3142 2301 3264 2374 λέγῃ
3283 2342 3300 2366 ,

1738 2376 2226 2447 προκαταλαμόάνων
2269 2376 2424 2449 ἑαυτῷ
2467 2378 2552 2431 τὀν
2599 2377 2840 2449 ἀκροατὴν
2888 2380 2970 2431 καὶ
3009 2378 3302 2450 ἀναγκάζων

1738 2456 2021 2523 πειθαρχεῖν
2057 2452 2130 2516 οἷς
2161 2457 2218 2507 ἂν
2249 2456 2390 2517 αύτδς
2433 2457 2774 2526 συμὸουλεύοι.
2853 2455 2980 2510 Εἶτα
3015 2458 3098 2511 καὶ
3129 2460 3302 2528 προσέ-

1740 2532 1881 2595 πλεξε
1904 2534 2062 2607 τούτῳ
2087 2536 2162 2587 ὅτι
2185 2536 2268 2587 δεῖ
2291 2538 2736 2605 παρασκευάζεσθαι
2772 2536 2968 2602 αὗτοῦς,
2995 2537 3080 2588 ἵνα
3112 2536 3304 2591 ἀντιπε·

1739 2612 1909 2673 σόντος
1933 2613 2010 2665 ὅτι
2031 2614 2113 2665 καὶ
2135 2620 2234 2675 πῶς
2251 2615 2456 2668 δυνατὸν
2477 2617 2940 2686 παρασκευάζεσθαι,
2967 2615 3032 2687 μὴ
3057 2616 3302 2687 ὑπαρχόν-

1740 2708 1839 2743 των
1866 2694 2138 2762 χρημάτων
2153 2732 2168 2757 ,
2191 2692 2398 2763 εύχερῶς
2423 2694 2450 2747 ὁ
2473 2695 2582 2765 περὶ
2608 2700 2694 2749 τοῦ
2725 2696 2960 2766 βασιλέως
2996 2695 3188 2767 εἰσέλθῃ
3213 2696 3302 2747 λό-

1740 2788 1847 2840 γος.
1927 2771 2019 2822 Καὶ
2049 2777 2120 2843 τῷ
2150 2772 2434 2843 βουλομένῳ
2477 2774 2529 2827 δὲ
2567 2778 2826 2827 κατανοεῖν
2865 2775 3070 2829 πλείονα
3110 2774 3299 2828 τούτων

1740 2846 1958 2917 ἔγκειται
1981 2854 2043 2921 τῇ
2063 2850 2290 2921 ῥητορεία
2313 2855 2400 2904 τοῦ
2424 2854 2684 2923 προοιμίου
2710 2854 2882 2906 τούτου
2910 2858 2998 2907 τοῦ
3019 2854 3302 2924 κεφαλαίου·

1738 2925 2095 2999 ὓποδείγματος
2114 2930 2158 2980 δ’
2192 2931 2347 2982 ἕνεκεν
2377 2930 2572 3001 ἀπόχρη
2609 2951 2694 3002 μοι
2721 2933 2804 2985 καὶ
2831 2937 3000 2988 ταῦτα.
3077 2932 3221 2999 Λῆξιν
3253 2934 3307 2987 δὲ

1742 3004 1889 3058 ἔλα6ε
1912 3007 2052 3059 τουτὶ
2089 3008 2146 3060 τὸ
2185 3010 2442 3079 προοίμιον
2487 3008 2552 3071 εἰς
2586 3011 2766 3077 ταύτην
2795 3008 2882 3076 τὴν
2926 3010 3071 3072 λέξιν·
3109 3034 3130 3060 ιι
3172 3012 3306 3065 τοῦτ’

1746 3106 1769 3133 ιι
1801 3083 1895 3153 ἤδη
1921 3090 2080 3139 πᾶσαν
2103 3087 2376 3158 ἐπιδέχεται
2399 3091 2714 3161 κατηγορίαν·
2751 3114 2772 3140 ιι
2803 3089 2912 3144 εἶτα
2939 3097 3307 3165 προκατασκευῇ

1744 3162 1867 3233 μετὰ
1888 3169 2036 3219 τοῦτο
2061 3169 2262 3235 χρῆται·
2301 3188 2322 3215 ιι
2358 3166 2496 3236 ὑμεῖς
2531 3169 2694 3220 τοίνυν
2723 3168 2824 3221 οὔτ’
2863 3169 3053 3222 ἀκούειν
3081 3172 3192 3241 πρὶν
3220 3173 3302 3235 ἂν,

1746 3264 1769 3290 ι
1796 3244 1958 3314 ὥσπερ
1991 3248 2107 3308 νῦν,
2138 3244 2260 3297 αὐτὰ
2283 3249 2413 3317 παρῇ
2439 3245 2501 3299 τὰ
2534 3248 2827 3317 πράγματα,
2854 3248 2963 3301 οὔτε
2995 3249 3308 3319 βουλεύεσθαι

1748 3342 1769 3369 α
1802 3322 1913 3392 περὶ
1947 3322 2140 3384 ούδενδς
2177 3322 2378 3376 εἰώθατε
2412 3322 2482 3394 ἐφ’
2520 3323 2742 3396 ἡσυχίας.
2791 3348 2813 3375 ιι
2859 3327 3024 3381 Ταῦτα
3065 3330 3160 3399 γάρ
3204 3329 3308 3382 ἐστι

1742 3402 2168 3472 προδιοικουμένου
2195 3402 2280 3454 καὶ
2315 3406 2876 3472 προκατασκευάζοντος,
2903 3408 3008 3461 δεῖν
3046 3406 3306 3478 ἀνέχεσθαι

1740 3480 1973 3551 λέγοντος
1997 3482 2082 3533 καὶ
2109 3482 2523 3551 συμὸουλεύοντος
2553 3484 2662 3553 περὶ
2684 3487 2770 3550 τῆς
2793 3486 3042 3555 πρεσδείας
3069 3490 3154 3551 τῆς
3191 3487 3310 3556 πρὸς

1741 3560 1827 3613 τδν
1859 3561 2052 3627 Μῆδον.
2148 3561 2218 3613 Tb
2256 3562 2610 3627 καταπλήττειν
2656 3563 2710 3616 δὲ
2745 3563 2943 3630 αὖτοὺς,
2985 3564 3308 3636 ἀπροαιρέτως

1746 3636 1952 3705 ἔχοντας
1991 3639 2435 3707 παρασκευάζεσθαι
2453 3679 2468 3705 ,
2499 3644 2585 3706 τῆς
2629 3640 2778 3709 αύτῆς
2819 3641 2986 3712 ἔχεται
3035 3643 3305 3713 ῥητορείας.

1743 3718 1884 3789 Ὅσῳ
1906 3717 2004 3789 γὰρ
2027 3720 2086 3769 ἂν
2115 3716 2378 3783 ἐνδείξηται
2419 3718 2614 3789 μᾶλλον
2641 3720 2764 3788 μήτε
2800 3722 3311 3791 παρασκευαζομένους

1747 3798 1869 3867 μήτε
1896 3798 2122 3866 πράττειν
2149 3794 2403 3857 ἐθέλοντας
2421 3836 2436 3860 ,
2463 3798 2684 3869 τοσούτῳ
2711 3796 2798 3863 τὴν
2833 3798 2990 3851 αἰτίαν
3017 3800 3202 3853 τούτων
3215 3819 3305 3871 φα·

1744 3877 2008 3946 νερωτέραν
2024 3876 2388 3938 κατασκευάζει,
2413 3875 2547 3947 λέγω
2566 3876 2654 3943 τὴν
2680 3884 2776 3931 τῶν
2797 3879 3068 3949 χρημάτων
3094 3878 3304 3945 ἔνδειαν,

1742 3954 1809 4007 ἵν’
1846 3954 1875 4006 ὁ
1902 3955 2012 4024 περὶ
2047 3954 2280 4023 βασιλέως
2312 3953 2578 4017 ἀκόλουθος
2604 3956 2756 4027 λόγος
2781 3956 2871 4023 τὴν
2895 3956 3054 4029 ἀρχὴν
3089 3958 3308 4013 ἐντεῦθεν

1745 4032 1897 4105 λάὸῃ.
1978 4030 2039 4084 Ἦ
2068 4032 2120 4084 δὲ
2165 4031 2368 4098 ἐπιὸολὴ
2411 4033 2556 4101 αὐτῆς
2595 4039 2680 4101 τῆς
2720 4035 3016 4107 εἰσηγήσεως
3063 4037 3184 4109 μετὰ
3220 4038 3308 4105 τὴν

1744 4110 2140 4180 προκατασκευήν
2180 4112 2266 4182 (p.
2304 4112 2423 4181 139,
2457 4117 2574 4182 16)·
2617 4137 2638 4163 α
2680 4116 2710 4167 ’ὸ
2737 4114 2796 4181 δὴ
2835 4116 3009 4170 λοιπόν
3049 4115 3183 4183 ἐστι,
3228 4120 3310 4170 καὶ

1752 4210 1773 4237 α
1806 4189 1959 4242 πάλαι
1984 4190 2070 4260 μὲν
2092 4190 2188 4242 ἔδει
2210 4191 2456 4261 διαφεύγει
2475 4190 2526 4244 δὲ
2543 4192 2654 4247 ούδὲ
2674 4198 2780 4259 νῦν,
2808 4198 2952 4247 τοῦτο
2987 4196 3098 4265 ἐρῶ.
3129 4218 3150 4245 ν
3181 4195 3308 4250 Εἶτα

1745 4267 1887 4329 αὐτὸς
1927 4268 2082 4341 ἐαυτῷ
2105 4267 2193 4334 τὴν
2233 4267 2471 4337 ἀντίθεσιν
2511 4277 2725 4343 φανερῶς
2763 4273 3127 4343 συνομολογεῖ,
3171 4273 3256 4325 ἵνα
3283 4274 3312 4327 ὁ

1744 4350 1893 4420 λόγος
1921 4348 2231 4419 εύπρόσωπον
2260 4348 2417 4419 ἀρχὴν
2447 4351 2529 4403 καὶ
2548 4350 2777 4418 εἷσὸολὴν
2798 4351 3134 4420 προσήκουσαν
3154 4348 3307 4424 λάὸῃ.

1748 4429 1830 4490 Τίς
1868 4424 2016 4495 οὖνὴ
2056 4427 2420 4498 συνομολογία;
2469 4452 2490 4479 ιι
2533 4430 2728 4492 ούδενὸς
2775 4436 2871 4481 τῶν
2919 4430 3114 4482 πάντων
3155 4430 3308 4491 οὕτως

1752 4529 1775 4556 α
1803 4508 1870 4568 ὥς
1901 4507 2173 4577 χρημάτων
2207 4506 2286 4557 δεῖ
2311 4510 2372 4577 τῇ
2395 4508 2536 4561 πόλει
2564 4508 2682 4578 πρὸς
2717 4509 2780 4561 τὰ
2809 4512 2892 4559 νῦν
2929 4506 3126 4560 ἐπιόντα
3155 4510 3310 4578 πράγ·

1752 4608 1775 4635 α
1811 4604 1958 4656 ματα.
1995 4607 2016 4635 ιι
2097 4585 2162 4637 Ὃ
2196 4585 2292 4657 γὰρ
2325 4585 2585 4653 ἀντέθηκεν
2625 4588 2756 4659 αὐτῷ
2788 4588 2816 4639 ὁ
2848 4585 3085 4657 ἀκροατὴς
3103 4626 3118 4651 ,
3165 4592 3311 4640 τοῦτο

1746 4665 2010 4736 προλαὸὼν
2035 4664 2364 4735 ὡμολόγησεν
2388 4666 2548 4727 αύτός.
2632 4667 2960 4720 Ἐνδείκνυται
2991 4666 3086 4735 γὰρ
3113 4668 3196 4719 καὶ
3222 4665 3311 4733 τὴν

1749 4745 1972 4816 ἀνάγκην
1995 4747 2078 4798 καὶ
2108 4745 2198 4811 τὴν
2231 4746 2402 4815 χρείαν
2420 4786 2435 4812 ,
2471 4748 2554 4800 καὶ
2595 4750 2703 4819 περὶ
2731 4754 2826 4801 τῶν
2857 4747 3140 4818 μελλόντων
3172 4747 3310 4819 ἐκφο·

1749 4826 1853 4889 δεῖ,
1881 4824 1968 4877 ἵνα
2003 4824 2193 4896 ἀνάγκη
2239 4828 2418 4893 μείζων
2461 4829 2694 4897 γένηται,
2733 4829 2816 4880 καὶ
2848 4827 3106 4897 ἐκπλαγεὶς
3150 4834 3222 4898 τῷ
3259 4846 3311 4881 τε

1752 4906 1946 4975 μεγέθει
1966 4910 2062 4957 τῶν
2088 4908 2200 4960 τότε
2219 4910 2374 4962 ὄντων
2400 4908 2482 4959 καὶ
2509 4912 2570 4979 τῇ
2598 4909 2864 4979 προσδοκίᾳ
2891 4913 2986 4960 τῶν
3026 4908 3314 4979 μελλόντων

1750 4985 1779 5037 ὁ
1802 4982 2042 5054 ἀκροατὴς
2060 4987 2238 5054 ταύτην
2267 4982 2417 5039 οὖσαν
2447 4989 2601 5057 μόνην
2627 4988 2941 5056 καταδέξηται
2967 4986 3056 5056 τὴν
3092 5008 3312 5061 παραμυ-

1752 5062 1877 5115 θίαν·
1933 5064 2059 5133 φημὶ
2093 5063 2145 5116 δὲ
2187 5064 2276 5130 τὴν
2331 5064 2448 5134 πρὸς
2490 5064 2690 5134 βασιλέα
2728 5066 3004 5136 πρεσὸείαν.
3081 5064 3209 5119 Εἶτα
3233 5067 3316 5119 καὶ

1752 5140 2008 5213 ἐπειδήπερ
2027 5140 2236 5213 ἔμελλεν
2261 5143 2556 5198 ἀντιπίπτειν
2581 5143 2714 5216 αύτῷ
2740 5145 2856 5215 πρὸς
2881 5151 3054 5200 τοῦτον
3079 5146 3136 5199 τὸ
3159 5146 3314 5215 λόγον

1754 5221 1990 5284 ἀντίθεσις
2015 5220 2110 5275 ἀπὸ
2133 5228 2218 5275 τοῦ
2245 5224 2452 5277 δυνατοῦ
2477 5245 2484 5254 ·
2528 5222 2656 5277 Ἀλλ’
2684 5223 2922 5279 ἀδύνατόν
2943 5226 3072 5281 ἐστιν
3093 5226 3316 5291 ύπόπτως
