3825 5834
484 516 561 568 ⁹0
1393 501 1763 560 ΑΙΣΧῙΝΟΥ
1805 499 1857 560 Ο
1900 501 2080 561 ΠΕΡΙ
2127 500 2792 562 ΠΑΡΑΠΡΕΣΒΕΙΑΣ.

407 651 455 690 15
484 627 550 686 δι’
573 625 627 686 ὃν
659 629 729 692 εἷς
755 623 872 690 τοὺς
904 621 1139 700 δημότας
1174 619 1489 702 ἐνεγράφης,
1516 625 1583 688 ὥς
1609 623 1784 680 ἴσασιν
1814 625 1861 680 οἱ
1896 646 2036 700 πρε-

485 711 735 772 σὸύτατοι
759 709 1077 772 Παιανιέων.
1109 709 1521 786 Ἐκπέπληγμαι
1555 709 1609 767 δὲ
1634 712 1677 766 εἰ
1709 708 1770 768 σὺ
1795 711 2043 788 λοιδορεῖν

484 801 707 862 Φίλωνα
762 801 988 880 τολμᾷς,
1030 797 1121 856 καὶ
1166 803 1332 856 ταῦτα
1376 799 1429 854 ἐν
1486 801 1591 863 τοῖς
1641 798 2044 863 ἐπιεικεστάτοις

483 887 787 959 Ἀθηναίων,
819 885 869 944 οἳ
893 889 1041 966 δεῦρο
1073 883 1437 956 εἰσεληλύθασι
1470 885 1766 951 δικάσοντες
1784 884 1934 943 ἕνεκα
1954 891 2045 944 τοῦ

486 974 753 1054 βελτίστου
801 979 894 1044 τῆς
935 975 1134 1039 πόλεως
1188 971 1279 1030 καὶ
1324 975 1525 1044 μᾶλλον
1579 971 1897 1052 προσέχουσι
1942 975 2046 1038 τοῖς

486 1063 613 1144 βίοις
640 1067 791 1139 ἡμῶν
818 1061 855 1131 ἢ
879 1069 982 1127 τοῖς
1004 1060 1187 1137 λόγοις.
1275 1061 1393 1141 (1⁵1)
1428 1059 1639 1138 Πότερα
1671 1058 1768 1138 γὰρ
1792 1058 1855 1116 ἂν
1883 1081 2047 1138 προσ-

485 1152 637 1230 δοκᾷς
682 1148 865 1215 αὐτοὺς
900 1147 1170 1219 εὔξασθαι,
1216 1146 1425 1226 μυρίους
1453 1147 1669 1214 ὁπλίτας
1704 1146 1907 1223 ὁμοίους
1938 1147 2046 1207 ‹bt-

483 1237 607 1295 λωνι
635 1236 906 1313 γενέσθαι,
938 1237 1027 1294 καὶ
1055 1233 1123 1292 τὰ
1152 1235 1375 1310 σώματα
1408 1231 1543 1292 οὕτω
1574 1233 1928 1310 διακειμένους
1954 1233 2045 1293 καὶ

405 1345 458 1384 20
484 1321 577 1395 τὴν
624 1325 797 1404 ψυχὴν
840 1321 974 1381 οὕτω
1016 1321 1316 1430 σώφρονας,
1354 1320 1389 1392 ἢ
1418 1319 1749 1402 τρισμυρίους
1792 1322 2049 1390 κιναίδους

484 1411 619 1480 οἵους
663 1437 761 1491 περ
812 1412 908 1484 σύ,
944 1410 1051 1470 Καὶ
1091 1409 1186 1478 τὴν
1230 1409 1579 1490 Ἐπικράτους
1618 1408 1909 1488 εὐαγωγίαν
1957 1435 2046 1469 του

486 1501 727 1566 Φίὶωνος
760 1501 981 1579 οἶδελφου
1016 1496 1292 1574 ἐπανάγεις
1320 1497 1390 1563 εἷς
1413 1496 1605 1568 ὀνείδη.
1655 1497 1764 1556 Καὶ
1790 1499 1864 1563 τίς
1894 1495 2048 1556 αύτον

485 1577 588 1645 εἶδε
607 1586 818 1645 πώποτε
839 1583 1286 1663 ἀσχημονησαντα
1307 1581 1341 1653 ἢ
1370 1583 1481 1660 μεθ’
1509 1583 1733 1662 ἡμέραν,
1758 1589 1827 1649 ὡς
1847 1609 1907 1642 συ
1931 1583 2048 1666 φῄς,

487 1679 543 1733 ἐν
581 1679 647 1754 τῇ
692 1678 879 1753 πομπῇ
917 1678 1021 1731 τῶν
1072 1672 1375 1741 Διονυσίων,
1408 1669 1441 1742 ἢ
1484 1670 1713 1750 νύκτωρ,
1751 1675 1807 1731 οὗ
1853 1669 2012 1751 γὰρ*
1987 1695 2049 1728 αν

485 1761 683 1868 τουτόγ
689 1759 903 1830 εἴποις,
928 1763 997 1826 ὡς
1021 1758 1301 1817 ἔλαθεν·οὖ
1331 1758 1433 1838 γαρ
1460 1760 1715 1837 ἠγνοεῖτο.
1750 1758 1865 1838 (152)
1892 1757 2050 1834 Ἐμοὶ

493 1837 633 1920 δὲ,
594 1873 637 1905 ω
664 1847 938 1918 Ἀθηναῖοι,
964 1850 1024 1904 ἐκ
1044 1851 1137 1917 τῆς
1162 1846 1471 1922 Φιλοδήμου
1486 1846 1737 1924 θυγατρὸς
1752 1869 1842 1904 και
1860 1847 2043 1906 Φίλω·

486 1958 569 2002 νος
593 1937 817 2015 ἀδελφῆς
840 1935 927 1992 και
949 1933 1296 2012 Ἐπικράτους
1318 1937 1453 2013 τρεῖς
1474 1935 1627 1992 παιδε
1615 1932 1654 1999 ’ς
1678 1936 1807 2004 εἶσι,
1832 1934 1964 2010 μία
1957 1933 2050 1990 μὲν

407 2045 461 2084 25
490 2022 755 2102 θυγάτηρ,
787 2022 877 2080 δύο
906 2021 961 2079 δὲ
1001 2024 1151 2086 υἱεῖς·
1177 2019 1261 2084 οὓς
1290 2018 1393 2096 ἐγὼ
1420 2019 1535 2090 ἥκω
1568 2019 1702 2095 μετὰ
1744 2024 1845 2078 τῶν
1876 1990 2049 2078 ἄλλων

488 2109 714 2218 κομίζων
758 2109 863 2173 ἑνὸς
902 2106 1233 2196 ἐρωτήματος
1274 2105 1425 2164 ἕνεκα
1468 2107 1557 2164 καὶ
1602 2107 1885 2187 τεκμηρίου
1922 2107 2050 2218 πρὸς

490 2194 607 2260 τους
652 2194 927 2267 δικαστάς,
967 2197 1011 2274 ᾧ
1045 2218 1132 2252 νυν
1178 2193 1279 2265 ἤδη
1291 2193 1612 2301 ..y-priuatim.
1652 2194 1867 2274 Ἐρωτῶ
1921 2195 2052 2276 γάρ,

487 2307 531 2340 ω
557 2281 841 2354 Ἀθηναῖοι,
874 2285 919 2340 εἰ
958 2280 1143 2340 Sexto*
1117 2305 1181 2339 αν
1219 2284 1341 2358 ὑμῖν
1378 2282 1501 2390 πρὸς
1530 2288 1593 2362 τῇ
1628 2283 1835 2362 πατρίδι
1869 2283 1961 2342 και
1985 2289 2050 2362 τῇ

486 2373 589 2427 τῶν
614 2369 789 2478 φίλων
796 2369 1037 2448 συνηθεία
1068 2392 1158 2426 και
1185 2373 1335 2447 ἱερῶν
1359 2371 1448 2427 καὶ
1470 2369 1649 2450 τάφων
1678 2369 1938 2450 πατριόων
1960 2393 2050 2447 με·

486 2457 669 2536 τουσίᾳ
706 2458 911 2523 τούτους
939 2455 1055 2524 τους
1081 2457 1291 2514 πάντων
1318 2457 1601 2537 ἀνθρώπιον
1639 2460 1755 2533 ἐμοὶ
1776 2459 2052 2539 φιλτάτους

488 2543 767 2622 προδοῦναι
800 2543 1087 2622 Φιλίππῳ,
1134 2543 1225 2601 καὶ
1271 2542 1390 2622 περὶ
1436 2543 1669 2611 πλείονος
1718 2545 1814 2614 τὴν
1855 2544 2050 2602 ἐκείνου

489 2631 661 2712 φιλίαν
684 2635 773 2700 τῆς
792 2630 985 2688 τούτων
1005 2631 1265 2710 σωτηρίας
1297 2628 1634 2701 ποιήσασθαι.
1685 2631 1829 2710 Ποία
1856 2654 2053 2711 κρατη-

408 2737 461 2776 30
490 2717 591 2783 θεὶς
633 2717 830 2796 ἡδονῇ;
862 2715 895 2786 ἢ
932 2717 981 2774 τί
1022 2715 1237 2774 πώποτε
1282 2717 1523 2794 ἄσχημον
1571 2716 1721 2775 ἕνεκα
1762 2719 2050 2796 χρημάτων

486 2803 715 2883 πράξας;
740 2807 797 2861 οὗ
826 2803 927 2884 γὰρ
952 2808 985 2874 ἡ
1016 2803 1317 2864 Μακεδονία
1339 2802 1579 2874 κακοὺςῆ
1602 2803 1860 2884 χρηστοὺς
1887 2807 2046 2878 ποιεῖ,

490 2894 608 2951 ἄλλ’
632 2899 665 2964 ἡ
693 2890 869 2972 φύσις·
898 2892 1003 2951 οὐδ’
1040 2891 1197 2966 ἐσμὲν
1239 2889 1403 2968 ἕτεροί
1433 2914 1563 2958 τινες
1586 2893 1797 2964 ἥκοντες
1832 2893 1937 2950 ἀπὸ
1961 2896 2053 2964 τῆς

490 2981 801 3060 πρεσὸείας,
838 2981 955 3037 ἀλλ’
986 2977 1119 3046 οἵους
1146 2977 1489 3058 ἐξεπέμψατε.

574 3087 667 3128 163.
704 3067 1127 3144 Συμπέπλεγμαι
1148 3067 1191 3124 δ’
1211 3068 1264 3124 ἐν
1282 3071 1347 3145 τῇ
1366 3066 1603 3147 πολιτεία
1623 3071 1738 3126 καθ’
1759 3067 2053 3148 ὖπερόολὴν

490 3156 747 3236 ἀνθρώπῳ
778 3155 929 3235 γόητι
958 3153 1049 3213 καὶ
1082 3159 1325 3235 πονηρῷ,
1368 3153 1420 3220 ὃς
1454 3157 1562 3213 οὐδ’
1586 3153 1647 3213 ἂν
1684 3154 1825 3213 ἄκων
1868 3158 2056 3226 ἀληθὲς

490 3243 637 3302 οὐδὲν
668 3243 823 3302 εἴποι.
870 3241 1113 3320 Ἡγεῖται
1138 3243 1183 3300 δ’
1226 3243 1350 3300 ὅταν
1384 3266 1435 3300 τι
1472 3243 1727 3322 ψεύδηται
1752 3247 1856 3302 τῶν
1886 3244 2056 3320 λόγων

490 3333 639 3413 ὅρκος
660 3331 795 3390 κατὰ
834 3335 939 3389 τῶν
970 3330 1329 3410 ἀναισχύντων
1370 3333 1669 3411 ὀφθαλμῶν,
1704 3322 1839 3413 κᾷτα
1873 3335 1930 3390 οὗ
1961 3355 2054 3410 γε-

414 3441 468 3480 εε
494 3419 751 3499 γενημένα
774 3421 833 3477 οὗ
858 3418 1011 3494 μόνον
1033 3422 1103 3486 ὡς
1122 3419 1230 3476 ἔστι
1258 3418 1431 3494 λέγει,
1459 3416 1595 3476 ἀλλὰ
1614 3416 1707 3476 καὶ
1728 3418 1823 3489 τὴν
1852 3417 2056 3500 ἡμέραν

494 3511 549 3566 ἐν
580 3500 617 3587 ᾖ
640 3506 767 3588 φησὶ
794 3506 1060 3584 γενέσθαι·
1092 3506 1181 3564 καὶ
1214 3505 1553 3585 προστίθησιν
1588 3503 1700 3579 ἅμα
1729 3504 1863 3572 τινὸς
1888 3505 2053 3582 ὄνομα

492 3597 828 3674 πλασάμενος
844 3642 861 3672 ,
890 3595 945 3662 ὃς
970 3594 1121 3674 ἔτυχε
1152 3593 1353 3674 παρών,
1377 3594 1693 3670 μιμούμενος
1714 3594 1831 3662 τοὺς
1853 3598 2054 3666 τάληθῆ

493 3683 755 3762 λέγοντας.
784 3684 889 3744 εἘν
909 3684 961 3742 δὲ
988 3686 1303 3762 εὐτυχοῦμεν
1332 3685 1379 3740 οἱ
1423 3680 1583 3757 μηδὲν
1616 3686 1938 3752 ἀδικοῦντες,
1977 3681 2057 3740 ὅτι

492 3772 620 3852 πρὸς
648 3778 711 3850 τῇ
756 3773 995 3852 τερατεία
1034 3777 1120 3831 τοῦ
1170 3769 1363 3850 τρόπου
1408 3771 1497 3829 καὶ
1538 3774 1604 3850 τῇ
1651 3773 1755 3828 τῶν
1789 3769 2057 3844 ὀνομάτων

495 3859 729 3918 συνθέσει
774 3865 889 3917 νοῦν
933 3861 1027 3918 οὐκ
1075 3857 1205 3936 ἔχει.
1276 3856 1556 3938 Σκέψασθε
1602 3856 1704 3937 γὰρ
1763 3855 2055 3937 ἀφροσύνην

496 3945 609 4021 ἅμα
638 3945 728 4004 και
750 3946 1088 4004 ἀπαιδευσίαν
1113 3944 1415 4024 ἀνθρώπου,
1437 3945 1489 4011 ὃς
1516 3951 1744 4003 τοιοῦτον
1770 3946 1972 4004 ἔπλασε
2001 3945 2060 4004 τὸ

496 4057 618 4146 περι
662 4033 755 4104 τὴν
804 4033 1082 4093 Ὀλυνθίαν
1132 4036 1355 4108 γυναῖκα
1397 4033 1579 4111 ψεῦδος
1614 4033 1731 4089 κατ’
1775 4035 1936 4109 ἐμοῦ,
1978 4034 2058 4112 ἐφ’

416 4139 471 4178 ⁴0
502 4111 545 4200 ῳ
593 4119 784 4195 μεταξυ
832 4118 926 4196 μὲν
968 4119 1133 4196 λέγων
1182 4119 1265 4198 ὑφ’
1313 4122 1457 4190 ὑμων
1502 4117 1769 4220 ἐξερρίφη·
1820 4119 1905 4177 τὸν
1956 4117 2058 4200 γὰρ

496 4207 740 4262 πλεῖστον
777 4209 1013 4286 ἀφεστηκ
980 4205 1107 4262 κότα
1130 4208 1232 4262 τῶν
1273 4202 1516 4262 τοιούτων
1553 4227 1679 4281 προς
1720 4228 1836 4271 τους
1862 4205 2061 4274 εἰδότας

498 4291 763 4352 διέὅαλλε.
850 4291 1041 4371 (151)
1006 4296 1111 4352 Ᾱεκ
1098 4291 1281 4371 ψασθε
1324 4291 1377 4350 δὲ
1420 4295 1490 4358 ὡς
1532 4291 1795 4372 πόρρωθεν
1837 4295 1923 4352 ἐπὶ
1964 4294 2058 4365 τὴν

500 4379 671 4438 αἰτίαν
689 4379 886 4449 ταύτην
915 4379 1349 4458 παρεσκευάζετο.
1390 4376 1463 4440 'E
1468 4402 1551 4437 στι
1573 4379 1673 4458 γάρ
1694 4403 1769 4446 τις
1792 4383 2062 4457 ἐπιδημῶν

498 4467 868 4548 Ἀριστοφάνης
914 4467 1212 4532 Ὀλύνθιος·
1258 4466 1425 4544 τούτῳ
1460 4467 1730 4534 συσταθεις
1770 4468 1871 4526 ὑπό
1907 4491 2060 4526 τινων

500 4555 592 4613 καὶ
630 4554 917 4630 πυθόμενος
952 4558 1021 4621 ὡς
1058 4553 1219 4613 εἰπεῖν
1268 4553 1513 4630 δύναται,
1544 4553 2062 4632 ὑπερεκθεραπεύσας

502 4641 655 4701 αὐτὸν
679 4643 768 4700 καὶ
794 4641 1253 4721 προσαγαγόμενος
1298 4641 1493 4700 ἔπειθεν
1531 4644 1659 4718 ἐμοῦ
1683 4642 1747 4700 τὰ
1773 4644 1938 4721 ψευδῆ
1967 4665 2058 4700 κα·

398 4738 467 4788 49
502 4738 849 4811 ταμαρτυρεῖν
874 4729 1001 4808 πρὸς
1041 4735 1203 4807 ὑμᾶς,
1252 4729 1349 4788 κᾶν
1376 4727 1645 4810 παρελθὼν
1682 4729 1905 4808 ἐθελήσῃ
1937 4752 2059 4808 σχε·

503 4819 714 4876 τλιάσαι
752 4818 843 4876 καὶ
894 4817 1065 4894 λέγειν
1090 4822 1159 4884 ὡς
1210 4820 1280 4884 εἷς
1302 4817 1495 4878 οἰκείαν
1545 4821 1701 4875 αὑτοῦ
1726 4817 1944 4892 γυναῖκα
1973 4816 2062 4874 καὶ

506 4906 845 4982 αἰχμάλωτον
892 4906 1242 4984 γεγενημένην
1283 4902 1675 4985 πεπαρῴνηκα,
1717 4904 2061 4970 πεντακοσίας

509 4991 603 5067 μὲν
630 4991 732 5063 ἤδη
764 4991 1003 5069 δραχμὰς
1042 4993 1340 5072 ὑπισχνεῖτο
1387 4993 1531 5072 αὐτῷ
1564 4989 1767 5062 δώσειν,
1810 5014 2062 5051 πεντακο-

508 5080 622 5145 σίας
645 5081 692 5136 δ’
706 5077 899 5157 ἑτέρας,
912 5079 1119 5138 ἐπειδὰν
1132 5078 1602 5160 καταμαρτυρήσῃ.
1630 5077 1746 5157 (155)
1764 5077 1834 5140 ‘O
1862 5079 1907 5138 δ’
1922 5082 2061 5159 αὐτῷ

510 5166 851 5247 ἁπεκρίνατο,
878 5170 947 5234 ὡς
973 5166 1124 5232 αὐτὸς
1153 5169 1377 5245 διηγεῖτο
1394 5213 1409 5240 ,
1442 5167 1520 5226 ὅτι
1543 5173 1633 5239 τ’ῆς
1662 5166 1754 5242 μὲν
1785 5171 1949 5246 φυγῆς
1972 5169 2062 5226 καὶ

452 5275 481 5315 ⁵
507 5261 597 5328 τῆς
623 5255 888 5336 παρούσης
926 5255 1141 5334 ἀπορίας
1170 5260 1311 5334 αὑτῷ
1338 5257 1395 5315 οὗ
1440 5258 1615 5322 κακῶς
1643 5255 1757 5315 ἀλλ’
1777 5257 1855 5322 ’ὣς
1899 5247 2064 5316 οἷόντε

3413 503 3728 583 (nemaeo)

2135 632 2399 695 municipes
2431 646 2483 683 es
2513 633 2799 696 inscriptus,
2823 636 2882 683 ut
2912 647 2941 683 e
2973 633 3327 686 Paenniensibus
3357 638 3478 686 natu
3509 639 3730 687 maximi

2134 727 2474 778 meminerunt.
2521 731 2690 792 ltaque
2705 733 2904 792 stupore
2925 729 3136 792 quodam
3153 729 3355 792 afficior,
3373 732 3415 781 εἰ
3431 735 3490 782 tu
3517 733 3728 782 Philoni

2137 821 2398 872 conviciari
2414 822 2590 884 audes,
2609 822 2756 886 idque
2777 823 2905 886 apud
2927 823 3300 874 modestissimos
3323 826 3729 886 Atheniensium,

2135 918 2220 980 qni
2247 918 2347 967 hnc
2373 917 2569 980 ingressi
2599 920 2741 980 sunt,
2766 918 2946 982 publici
2969 919 3082 969 boni
3115 933 3259 970 causa
3291 921 3373 983 jus
3395 921 3578 970 dicturi
3595 959 3614 983 ,
3653 923 3732 972 vi-

2136 1015 2306 1076 tasque
2323 1016 2512 1064 nostrae
2527 1017 2742 1077 spectant
2758 1015 2910 1078 magis
2929 1029 3074 1080 quam
3093 1019 3346 1066 orationes.
3371 1017 3504 1078 (151)
3533 1019 3730 1066 Utrum

2137 1107 2264 1158 enim
2284 1121 2366 1158 εοε
2382 1121 2546 1160 censes
2567 1111 2734 1172 optare
2748 1147 2762 1171 ‚
2781 1113 2840 1160 ut
2860 1109 3028 1160 decem
3051 1109 3199 1159 millia
3220 1111 3430 1160 militum
3447 1111 3726 1172 exsistant,

2137 1203 2220 1264 qui
2239 1202 2336 1252 sint
2353 1203 2531 1252 similes
2561 1203 2797 1266 Philonis,
2833 1205 2884 1254 et
2907 1203 3190 1268 corporibus
3208 1205 3278 1254 sic
3299 1205 3492 1268 affecti,
3527 1208 3578 1256 et
3617 1208 3736 1256 ani-

2139 1297 2232 1346 mis
2249 1297 2316 1346 ita
2335 1295 2540 1346 modesti
2557 1314 2573 1360 3
2594 1311 2658 1348 an
2680 1311 2794 1348 vero
2815 1299 2974 1348 tricies
2989 1299 3122 1350 mille
3141 1300 3312 1350 cinaedi
3325 1338 3340 1362 ,
3359 1301 3524 1364 qualis
3543 1305 3606 1351 tu
3633 1306 3728 1353 σεῖ’

2141 1396 2296 1456 Atque
2335 1392 2483 1442 etiam
2520 1394 2754 1456 Epicratis
2797 1394 3219 1460 tractabilitatem‚
3259 1399 3418 1448 fratris
3463 1400 3700 1450 Philonis
3713 1439 3729 1462 ,
3803 1457 3806 1466 ⁴

2142 1489 2246 1536 loco
2265 1487 2426 1551 probri
2450 1501 2814 1538 commemoras.
2880 1492 2942 1540 Et
2959 1490 3072 1552 quis
3095 1504 3208 1540 eum
3231 1504 3445 1556 unquam
3481 1493 3612 1544 vidit
3644 1495 3728 1544 in·

2139 1582 2312 1632 decore
2343 1596 2395 1633 se
2411 1586 2654 1646 gerentem
2685 1585 2764 1634 vel
2787 1585 3024 1646 interdiu,
3051 1587 3110 1635 ut
3143 1587 3198 1635 tu
3235 1586 3332 1648 ais,
3355 1587 3406 1636 in
3429 1589 3732 1638 celebritate

2141 1680 2508 1730 Bacclianallum
2522 1718 2539 1743 ,
2561 1683 2638 1731 vel
2661 1683 2842 1730 noctu?
2909 1695 3068 1744 neque
3084 1683 3214 1732 enim
3231 1683 3390 1734 dicere
3407 1686 3575 1747 potes,
3597 1699 3728 1736 eum

2141 1775 2350 1824 latuisse.
2415 1779 2581 1838 Neque
2625 1775 2756 1825 enim
2797 1775 2990 1838 ignotus
3023 1777 3133 1827 suit.
3199 1779 3333 1839 (1:22)
3389 1779 3508 1828 Mihi
3563 1795 3730 1842 vero,

2142 1868 2470 1930 Athenienses,
2491 1883 2552 1919 ex
2570 1869 2838 1920 Philodemi
2851 1869 2967 1932 iilia,
2983 1870 3196 1920 Philonis
3209 1873 3260 1921 et
3275 1871 3514 1934 Epicratis
3525 1887 3732 1937 sor-ore,

2140 1965 2238 2012 tres
2255 1963 2356 2013 nati
2379 1965 2492 2014 sunt
2515 1963 2677 2024 liheri,
2709 1977 2805 2012 una
2835 1963 2964 2025 fllia,
2989 1965 3038 2013 et
3061 1963 3148 2013 iiiii
3171 1963 3284 2013 duo.
3315 1968 3450 2023 Quos
3485 1980 3574 2029 ego
3605 1983 3732 2018 cum

2141 2066 2312 2114 ceteris
2327 2066 2500 2126 affero,
2523 2065 2666 2115 unius
2683 2065 3064 2128 interrogationis
3076 2079 3206 2128 ergo,
3227 2069 3275 2116 et
3290 2071 3562 2130 argumenti
3584 2071 3732 2133 apud
3803 2125 3806 2142 ε

2138 2167 2349 2229 jndices,
2378 2179 2476 2229 quo
2515 2179 2646 2216 nunc
2691 2169 2817 2216 utar.
2886 2168 3018 2228 Rogo
3057 2165 3186 2216 enim
3221 2179 3339 2229 vos,
3381 2169 3732 2232 AthenienseS‚
3803 2145 3806 2170 ἶ

2142 2281 2258 2318 num
2278 2269 2443 2318 videar
2466 2268 2605 2318 vobis
2635 2282 2731 2317 una
2753 2281 2866 2317 cum
2900 2267 3054 2330 patria
3079 2271 3130 2316 et
3157 2268 3422 2317 amicorum
3448 2279 3734 2322 consuetu-

2142 2368 2252 2420 dine
2279 2373 2328 2421 et
2349 2372 2522 2432 sacris,
2539 2373 2588 2420 et
2607 2371 2870 2434 patriorum
2893 2373 3321 2420 monumentorum
3347 2375 3730 2438 communione,

2143 2472 2230 2521 hos
2247 2472 2465 2521 omnium
2483 2471 2760 2522 mortalium
2782 2471 2898 2522 mibi
2913 2471 3183 2521 carissimos
3195 2471 3457 2534 prodidisse
3474 2473 3730 2538 Philippo,

2143 2575 2191 2622 et
2209 2573 2358 2635 pluris
2377 2573 2540 2623 secisse
2559 2572 2686 2622 illius
2701 2573 2963 2622 amicitiam
2986 2585 3132 2635 quam
3145 2573 3348 2622 salutern
3372 2573 3570 2623 horum.
3611 2579 3732 2632 Qun

2145 2675 2300 2724 victus
2338 2675 2615 2737 voluptate?
2680 2677 2778 2724 Aut
2816 2673 2948 2737 quod
2998 2685 3213 2736 unquam
3251 2672 3457 2724 dedecus
3493 2678 3730 2737 pet-unite
3804 2739 3806 2750 Ι

2143 2788 2288 2824 causa
2307 2774 2356 2824 in
2383 2789 2462 2825 me
2495 2776 2713 2839 suscepi?
2775 2779 2942 2838 Neque
2979 2777 3105 2825 enim
3136 2777 3412 2827 Macedonia
3437 2778 3596 2829 bonos
3639 2785 3732 2832 aut
3803 2753 3806 2770 Ι

2146 2874 2298 2923 malos
2337 2875 2475 2936 facit,
2521 2874 2605 2924 sed
2633 2888 2779 2924 suum
2813 2888 3058 2938 quemque
3095 2875 3358 2938 ingenium.
3424 2879 3598 2939 Neque
3643 2881 3730 2929 alii

2143 2987 2311 3025 sumus
2327 2989 2356 3023 a
2383 2975 2618 3037 legatione
2648 2977 2824 3026 reversi
2838 3011 2853 3037 ‚
2873 2976 2958 3026 sed
2975 2977 3092 3026 tales
3105 3012 3120 3038 ‚
3141 2977 3308 3039 quales
3325 2989 3414 3026 nos
3435 2977 3728 3041 ablegastis.

2214 3081 2316 3126 153.
2337 3075 2430 3126 Sed
2455 3075 2729 3138 implicatus
2757 3089 2866 3126 sum
2895 3077 2946 3126 in
2969 3076 3212 3139 republica
3229 3091 3342 3129 cnm
3361 3079 3570 3128 mir-iiico
3595 3093 3732 3141 prse-

2144 3160 2400 3224 stigiatore,
2412 3165 2462 3212 et
2474 3159 2642 3224 insigni
2662 3159 3196 3223 praeditoimprobitate,
3211 3163 3298 3223 qui
3319 3175 3380 3211 ne
3399 3163 3582 3212 invitus
3603 3165 3732 3229 qui·

2143 3246 2252 3296 dem
2279 3247 2382 3296 veri
2405 3247 2664 3310 quicquam
2679 3246 2824 3296 dicat.
2849 3251 3012 3305 Quum
3037 3251 3200 3297 autem
3217 3247 3468 3309 mentitur,
3495 3251 3728 3311 primurn

2143 3333 2373 3382 orationis
2415 3334 2574 3382 locum
2593 3334 2725 3382 tenet
2759 3333 3096 3394 iusiurandum
3131 3333 3262 3396 quod
3301 3347 3386 3396 per
3409 3335 3732 3398 impudenter

2145 3427 2260 3464 suos
2275 3417 2444 3466 oculos
2462 3416 2658 3478 peierat.
2691 3415 2874 3466 Deinde
2897 3428 3012 3464 vero
3033 3429 3146 3478 quae
3173 3417 3298 3466 sacta
3315 3430 3412 3466 non
3430 3422 3550 3468 sunt
3567 3456 3582 3481 ,
3621 3435 3730 3471 non
3804 3453 3806 3472 ;

2146 3497 2291 3547 modo
2320 3499 2446 3548 facta
2465 3511 2568 3548 esse
2589 3497 2723 3558 dicit,
2743 3497 2884 3548 sedet
2894 3497 3020 3547 diem
3030 3511 3128 3560 quo
3140 3497 3263 3548 facta
3289 3512 3392 3550 esse
3409 3501 3496 3561 ait,
3518 3501 3730 3565 adjicit,

2147 3590 2196 3637 et
2211 3587 2432 3638 fictitium
2441 3587 2646 3649 alicuius
2659 3601 2833 3637 nomen
2847 3586 3063 3648 adjungit
3073 3587 3158 3650 qul
3171 3588 3458 3652 interfuerit,
3473 3593 3530 3639 ut
3540 3605 3628 3641 eos
3639 3595 3732 3656 qui

2148 3683 2262 3720 vera
2279 3672 2541 3733 loquuntur
2563 3671 2796 3720 imitetur.
2829 3669 2924 3720 Sed
2957 3683 3052 3720 una
3077 3685 3152 3721 ree
3187 3672 3326 3722 nobis
3355 3673 3734 3727 insontibus&

2148 3751 2366 3814 przesidio
2379 3750 2533 3814 ‚quod
2553 3748 2718 3799 inistis
2735 3762 2926 3798 morum
2941 3749 3189 3812 praestigiis
3199 3753 3249 3800 et
3275 3753 3632 3814 compositione
3653 3757 3733 3804 fa-

2149 3836 2370 3885 bularum
2389 3840 2598 3886 mentem
2619 3848 2715 3884 non
2735 3834 2896 3883 habet.
2913 3835 3034 3882 Nam
3050 3838 3230 3896 quanta
3251 3837 3536 3888 sithominis
3549 3853 3732 3892 vecor-

2147 3917 2226 3968 dia
2251 3919 2391 3968 siunul
2423 3923 2472 3968 et
2498 3919 2702 3979 inscitia,
2726 3931 2788 3966 ex
2805 3929 2862 3966 eo
2881 3918 3144 3978 aestimate,
3177 3917 3306 3980 quod
3323 3919 3558 3980 eiusmodi
3583 3936 3732 3974 men-

2149 4000 2342 4049 dacium
2383 4003 2550 4049 contra
2581 4013 2660 4050 me
2695 4000 2755 4050 de
2787 4000 3016 4062 Olynthia
3046 4000 3249 4050 muliere
3271 4008 3580 4054 commentus
3617 4011 3732 4066 eet,

2151 4087 2204 4132 ut
2223 4085 2345 4133 inter
2361 4083 2620 4133 dicendum
2638 4097 2666 4132 a
2691 4083 2827 4132 vobis
2854 4083 3119 4144 ejiceretur.
3207 4087 3331 4132 Eum
3359 4085 3516 4144 enim,
3541 4089 3634 4149 qui
3665 4091 3733 4140 ab

2149 4167 2382 4229 ejusmodi
2405 4166 2602 4216 crimine
2627 4165 2968 4216 remotissimus
2999 4168 3154 4227 esset,
3179 4166 3308 4228 apud
3339 4181 3422 4218 eos
3449 4171 3536 4230 qui
3566 4171 3731 4222 vitam

2151 4252 2278 4302 illius
2309 4255 2604 4314 perspectam
2641 4251 2900 4313 haherent,
2926 4251 3288 4302 criminabatur.
3373 4256 3502 4316 (154)
3545 4257 3736 4308 Videte

2149 4341 2309 4387 autem
2329 4350 2472 4400 quam
2495 4336 2633 4396 longe
2673 4337 2784 4383 ante
2807 4335 2868 4383 ad
2893 4336 3074 4384 crimen
3109 4335 3234 4386 istud
3258 4350 3310 4386 se
3341 4339 3537 4400 pararit.
3639 4343 3734 4391 Est

2149 4430 2346 4494 quidam
2401 4430 2699 4492 frequentare
2742 4433 2953 4478 nostram
3006 4429 3173 4479 urbem
3217 4429 3385 4480 solitus
3433 4431 3732 4495 ArIstopha-

2150 4530 2234 4565 nes
2264 4515 2540 4577 Olynthius.
2605 4517 2652 4563 ls
2690 4527 2842 4575 quum
2895 4512 2968 4563 isti
3013 4526 3042 4560 a
3087 4513 3375 4576 quibusdam
3414 4516 3540 4563 esset
3589 4529 3732 4566 com·

2153 4603 2428 4662 mendatus,
2479 4603 2626 4663 atque
2667 4599 2782 4649 illud
2825 4599 2969 4649 etiam
3019 4599 3262 4662 adjectum
3311 4604 3465 4663 esset,
3521 4601 3727 4655 dicendi

2151 4701 2252 4738 esse
2296 4687 2528 4749 peritum,
2571 4685 2815 4734 hominem
2859 4686 2990 4734 omni
3028 4684 3366 4748 obsequiorum
3415 4698 3590 4747 genere
3643 4687 3734 4738 de-

2152 4775 2321 4824 mereri
2341 4773 2553 4834 studuit,
2573 4776 2718 4834 atque
2737 4771 2975 4820 adducere
2989 4808 3004 4834 ,
3029 4773 3083 4820 ut
3105 4772 3220 4820 falso
3237 4785 3313 4820 me
3331 4768 3459 4832 apud
3475 4783 3564 4820 vos
3587 4773 3738 4822 testi-

2151 4856 2313 4906 monio
2349 4855 2654 4918 opprimeret.
2725 4851 2906 4912 Quodsi
2943 4865 3214 4916 progressus
3255 4849 3510 4900 miserabili
3549 4857 3699 4912 gestu
3718 4891 3733 4916 ,

2152 4934 2310 4983 dicere
2341 4933 2512 4994 vellet,
2537 4945 2614 4981 me
2641 4931 2830 4980 mulieri
2869 4943 2969 4980 suae
3005 4930 3208 4992 captivae
3239 4927 3518 4985 insultasse,
3555 4930 3736 4980 statim

2152 5013 2196 5063 ei
2228 5027 2280 5062 se
2324 5013 2606 5074 quingentas
2649 5009 2904 5059 drachmas
2935 5009 3164 5058 daturum
3202 5005 3534 5069 pollicebatur,
3570 5011 3735 5070 atque

2153 5098 2269 5147 alias
2285 5095 2566 5159 quingentas
2583 5095 2690 5157 post
2707 5093 2892 5144 dictum
2912 5093 3083 5142 salsum
3101 5089 3445 5141 testimoninm.
3476 5091 3614 5150 (155)
3639 5093 3734 5141 Ille

2153 5181 2316 5230 autem
2341 5179 2382 5228 ei
2407 5177 2676 5240 respondit,
2701 5178 2760 5225 ut
2781 5176 2882 5238 ipse
2905 5175 3160 5236 narrabat,
3191 5170 3575 5311 Qud
3613 5173 3729 5223 exi-

2153 5263 2272 5313 lium
2303 5261 2526 5313 attineret
2566 5264 2712 5322 atque
2745 5259 2956 5322 inopiam
2989 5271 3084 5322 qna
3119 5261 3391 5320 urgeretur,
3495 5265 3528 5303 n
3563 5257 3730 5316 mala,
