3825 5834
535 389 646 441 328

2040 377 2203 440 lsAEl

529 513 838 586 Dionysius
878 520 1122 566 tutorem
1153 529 1186 566 a
1207 507 1334 566 filiis
1371 509 1554 566 fratris
1579 529 1623 568 s.
1661 511 2085 586 sororis'pluii-
2181 531 2239 587 γε
2281 533 2309 568 ο

2310 500 2368 567 ὗν
2411 513 2583 568 ceteri
2614 510 2933 585 (Bekkerus
2966 514 3084 572 ἀλλ’
3120 505 3208 572 οὖν
3238 513 3415 573 τοῦτόν
3452 537 3508 592 γε
3548 516 3633 574 ὄντ’
3647 515 3687 594 );

531 602 640 656 bus
671 601 730 654 in
755 598 1032 670 judicium
1075 609 1342 653 vocatum
1381 615 1495 652 esse
1545 598 1722 668 dicat,
1746 599 1804 654 id
1833 601 1979 656 hene
2009 603 2087 655 ita
2182 600 2305 676 ἐμὸν
2335 601 2459 661 ὄντα
2484 605 2765 679 Sauppius
2795 625 2807 658 :
2840 617 2961 660 erat
2992 605 3115 679 ἐμὸν
3142 605 3253 664 καὶ.

529 699 714 761 potest
741 685 1027 759 explicari,
1055 697 1122 740 ut
1152 683 1356 759 pupilli
1387 684 1618 756 quidem
1645 687 1834 758 plures
1855 687 2085 757 fuerint,

529 774 630 828 sed
672 773 997 845 Diophanes
1023 792 1168 828 unus
1202 773 1356 826 litem
1386 773 1562 826 tutori
1604 773 1909 829 intenderit
1956 795 1972 832 z
2006 773 2081 832 cf.

527 862 890 917 Schoemanus
914 859 989 915 ad
1018 859 1210 916 Isaeum
1239 877 1298 932 p.
1340 858 1472 924 488.
1501 885 1525 908 ι·
1557 859 1844 918 Saturnus,

1255 961 1350 1017 28.

608 1068 911 1141 Dionysius
950 1067 1076 1124 Hal.
1117 1076 1158 1123 t.
1199 1067 1271 1137 V,
1301 1084 1363 1138 p.
1403 1063 1518 1120 600
1541 1067 1614 1121 R.
1669 1085 1680 1119 :
1711 1061 1803 1123 Ἐν
1835 1064 1999 1144 ἑτέρῳ
2030 1061 2083 1122 δὲ

530 1156 693 1229 ἀγῶνι
738 1152 895 1210 πάλιν
937 1153 966 1208 ὁ
1009 1149 1102 1225 μὲν
1147 1150 1334 1216 Ἰσαῖος
1380 1149 1644 1228 ἐπιτρόπῳ
1686 1149 1790 1207 τινὶ
1831 1150 2083 1230 συντάξας

531 1239 847 1318 ἀπολογίαν,
883 1241 984 1298 ὑπὸ
1027 1242 1132 1296 τῶν
1187 1237 1405 1313 (ἰδίων)
1441 1239 1730 1316 ἀδελφιδῶν
1760 1237 2079 1317 κρινομένῳ,

528 1326 744 1406 τοιαύτῃ
780 1327 1035 1404 κέχρηται
1064 1327 1202 1402 ἀρχῇ
1221 1347 1234 1360 ·
1257 1351 1279 1377 ιι
1310 1323 1644 1398 Ἠὅουλόμην
1680 1325 1795 1401 με’ν,
1827 1314 1872 1382 ὦ
1907 1325 2084 1403 ἄνδρες

532 1443 554 1466 ι
586 1413 862 1484 δικασταί,
898 1410 1095 1489 μηδένα
1126 1411 1287 1478 οὕτως
1311 1411 1662 1480 ἀπονοηθέντα
1689 1413 1816 1491 πρὸς
1843 1412 2081 1492 χρήματ’

531 1528 556 1554 ιι
589 1499 728 1580 ἔχειν
773 1503 1033 1578 αἰσχρῶς,
1069 1496 1205 1557 ὥστε
1251 1505 1354 1564 τοῖς
1393 1497 1684 1577 ἀλλοτρίοις
1733 1497 2081 1558 ἐπιδουλεύειν

532 1619 555 1640 a
584 1587 674 1648 καὶ
704 1586 851 1655 δίκας
875 1585 1116 1650 τοιαύτας
1141 1585 1456 1664 λαγχάνειν·
1483 1587 1528 1642 εἰ
1552 1585 1615 1657 δ’,
1641 1587 1759 1643 ἀλλ’
1790 1578 1880 1644 οῧν
1910 1587 1998 1646 τόν
2022 1611 2082 1664 γε

527 1704 552 1730 ι
585 1675 886 1752 ἀδελφιδοῦν
928 1673 1051 1751 ἐμὸν
1082 1674 1206 1732 ὄντα
1226 1717 1242 1748 ,
1273 1673 1444 1751 κύριον
1469 1676 1561 1743 τῆς
1600 1672 1847 1754 πατρῴας
1875 1673 2082 1746 οὐσίας,

529 1793 552 1818 ιι
583 1767 642 1822 οὐ
683 1773 902 1842 μικρᾶς,
929 1762 1046 1821 ἀλλ’
1076 1763 1256 1832 ἱκανῆς
1275 1806 1291 1834 ,
1339 1759 1474 1820 ὥστε
1507 1760 1596 1819 καὶ
1629 1762 1961 1839 λειτουργεῖν,
1998 1762 2082 1844 ὑφ’

527 1876 550 1901 ι
590 1853 742 1927 ἡμῶν
797 1851 940 1928 αὐτῷ
985 1847 1394 1926 παραδοθείσης,
1442 1847 1637 1920 ταύτης
1683 1850 2078 1926 ἐπιμελεῖσθαι,

528 1965 550 1988 ι
583 1943 687 1997 τῶν
732 1939 776 1996 δ’
826 1938 964 2013 ἐμῶν
1008 1935 1082 2014 μὴ
1127 1937 1412 2011 ἐπιθυμεῖν,
1453 1933 1541 1993 ἵνα
1585 1936 1802 2014 βελτίων
1832 1935 1881 1992 τ’
1918 1935 2082 1996 ἐδόκει

526 2053 550 2076 ⁴·
580 2034 740 2084 πᾶσιν
765 2014 927 2095 εἶναι,
961 2022 1139 2090 σώζων
1177 2024 1368 2096 αὐτήν,
1397 2021 1486 2081 καὶ
1526 2023 1720 2080 πλείων
1761 2025 1921 2081 ποιῶν
1946 2045 2080 2101 χρη-

525 2141 549 2164 ·
580 2113 866 2191 σιμώτερον
893 2113 1016 2188 ὑμῖν
1044 2109 1263 2180 πολίτην
1284 2118 1532 2190 παρεῖχεν
1559 2107 1758 2169 ἑαυτόν.
1843 2109 1997 2170 Ἐπεὶ
2027 2109 2079 2168 δὲ

527 2230 551 2252 ι
580 2203 674 2274 τὴν
700 2203 794 2279 μὲν
815 2201 1040 2282 ἀνῄρηκε
1065 2199 1154 2259 καὶ
1174 2197 1410 2278 πέπρακε
1431 2199 1521 2258 καὶ
1545 2199 1773 2276 αἰσχρῶς
1796 2198 1886 2256 καὶ
1911 2202 2083 2265 κακῶς

526 2318 549 2341 ι
584 2290 915 2362 διολώλεκεν,
968 2293 1038 2353 ὥς
1085 2290 1181 2347 οὐκ
1230 2286 1294 2344 ἂν
1342 2287 1645 2360 ἠὸουλόμην
1665 2329 1682 2358 ,
1729 2285 1983 2343 πιστεύων
2039 2285 2082 2342 δ’

525 2410 548 2431 ιι
587 2378 858 2458 ἑταιρείαις
882 2377 974 2436 καὶ
992 2375 1160 2455 λόγων
1187 2381 1543 2454 παρασκευαῖς
1567 2373 1652 2432 ἐπὶ
1680 2373 1772 2443 τὴν
1800 2371 1931 2448 ἐμὴν
1961 2373 2080 2444 ἐλή-

529 2495 552 2520 ·
583 2469 752 2539 λυθεν,
782 2465 1011 2542 ἀνάγκη,
1039 2468 1107 2532 ὥς
1147 2463 1308 2536 ἔοικε,
1346 2462 1616 2542 συμφορὰν
1645 2463 1738 2534 μὲν
1770 2453 1900 2520 εἶναι
1935 2461 2081 2538 νομί·

527 2585 548 2607 ιι
579 2559 701 2627 ζειν,
730 2555 808 2612 ὅτι
845 2551 1073 2617 τοιοῦτός
1099 2554 1257 2621 ἐστιν,
1281 2553 1462 2616 οἰκεῖος
1490 2549 1586 2624 ὧν,
1627 2549 1997 2626 ἀπολογεῖσθαι
2028 2549 2081 2607 δὲ

525 2671 547 2694 ι
581 2642 700 2719 περὶ
719 2631 791 2699 ὧν
817 2640 1098 2719 ἐγκέκληκε
1116 2639 1207 2697 καὶ
1232 2637 1328 2706 ἔξω
1355 2644 1445 2696 τοῦ
1469 2637 1772 2718 πράγματος
1797 2634 2079 2707 διαόέὸλη·

525 2758 547 2782 ι
585 2753 671 2790 κεν
704 2733 773 2795 ὣς
802 2726 863 2786 ἂν
892 2721 978 2788 οὗν
1018 2724 1288 2803 δυνώμεθα
1327 2726 1694 2804 προθυμότατα
1722 2723 1846 2802 πρὸς
1874 2727 2029 2800 ὑμᾶς.
2056 2749 2080 2778 ι

524 2819 597 2874 Cf
643 2840 700 2895 p.
749 2817 880 2874 600.
925 2815 1123 2891 μηδένα
1157 2814 1628 2887 Bekkerus(add.
1655 2825 1695 2870 t.
1729 2813 1760 2868 5
1785 2833 1846 2888 p.
1877 2812 2026 2889 697)
2064 2831 2077 2870 :

527 2917 649 2959 erat
674 2900 747 2978 μὴ
771 2901 908 2962 λίαν.
949 2903 1019 2958 33
1044 2924 1060 2972 ;
1102 2899 1450 2969 ἄπονον-,θέντα
1479 2901 1882 2956 Schoemannus
1913 2916 1928 2956 ε
1963 2911 2083 2955 erat

525 2988 870 3066 ἀγνοηθέντα,
915 2987 1040 3067 πρὸς
1073 2986 1305 3066 χρήματ’
1330 2987 1614 3043 Bekkerus
1647 3007 1660 3042 :
1693 2999 1812 3042 erat
1838 2984 2080 3063 προσχή-

525 3076 682 3152 ματ’;
713 3075 1024 3154 λαγχάνειν,
1074 3076 1117 3132 εἷ
1159 3073 1203 3128 δ’
1247 3073 1530 3148 Sauppius
1564 3094 1576 3128 :
1623 3085 1745 3130 erat
1791 3071 2075 3150 λαγχάνειν

521 3166 846 3243 (Bekkerus
873 3163 1156 3242 λαγχάνειν
1176 3183 1190 3196 ·
1225 3163 1270 3220 εἰ
1299 3159 1354 3220 δὲ
1385 3159 1517 3236 μή).
1555 3162 1628 3221 cs.
1679 3163 1797 3216 Isaei
1822 3162 1927 3235 frg.
1951 3163 2076 3219 vll.

529 3273 552 3309 1
599 3255 720 3310 init.
751 3283 831 3296 —
875 3249 992 3308 ἀλλ’
1025 3241 1112 3309 οὖν
1142 3249 1229 3307 τόν
1267 3271 1327 3327 γε
1356 3251 1632 3324 Sauppius
1665 3268 1678 3304 ε
1713 3249 1830 3306 ἀλλ’
1857 3249 1915 3308 οὐ
1936 3247 1995 3304 τό
2018 3269 2074 3324 γε

501 3341 778 3396 -Schaeferi
817 3339 975 3408 cod.,
1014 3335 1130 3394 ἀλλ’
1158 3335 1297 3393 οὕτω
1337 3357 1394 3411 γε
1425 3326 1511 3392 οὖν
1537 3335 1728 3405 hod1.,
1774 3332 1893 3390 ἀλλ’
1930 3323 1988 3390 εὗ
2014 3331 2075 3389 τό

567 3509 628 3556 Χ.
663 3507 986 3556 ADVERSUS
1018 3505 1384 3555 DiopuANEM
1415 3503 1675 3552 TUTELAE.
1711 3503 2031 3551 DEFENSIO.

1259 3607 1335 3655 28.

583 3697 638 3742 ln
683 3695 777 3742 alio
812 3693 994 3755 judicio
1036 3695 1192 3742 isaeus
1214 3727 1229 3751 ,
1253 3691 1521 3750 composita
1567 3689 1838 3741 defensione
1865 3691 2009 3740 tutori
2048 3705 2077 3740 a

523 3764 742 3825 pupillis,
775 3764 932 3811 fratris
975 3763 1050 3811 vel
1083 3762 1262 3811 sororis
1307 3761 1415 3810 filiis
1437 3796 1450 3817 ,
1488 3766 1715 3809 accusato
1737 3795 1752 3820 ‚
1799 3761 2077 3820 tali,utitur

519 3833 721 3881 exordio
753 3852 764 3880 ι
804 3851 827 3874 ιι
868 3833 1052 3880 Vellem
1093 3832 1286 3893 utique,
1324 3829 1546 3890 judices,
1587 3833 1672 3878 aut
1696 3831 1892 3880 omnino
1924 3832 2073 3880 nemi·

519 3916 629 3954 nem
656 3906 754 3950 tam
783 3903 948 3949 insana
989 3907 1148 3948 mente
1190 3901 1316 3962 turpi
1357 3901 1488 3948 lucro
1517 3899 1697 3948 inhiare
1729 3903 1785 3949 ut
1808 3901 1973 3949 alienis
2002 3901 2073 3950 sa-

521 3972 781 4020 eiulatibus
820 3971 1124 4019 insidiaretur
1162 3970 1374 4029 talesque
1399 3969 1608 4017 actiones
1658 3967 1959 4029 institueret,
1991 3973 2075 4019 aut

520 4046 652 4089 certe
691 4053 785 4088 non
830 4041 984 4088 fratris
1015 4039 1109 4086 mei
1149 4039 1334 4100 illium,
1379 4039 1514 4087 lionis
1559 4039 1796 4100 paternis,
1841 4053 1952 4101 quae
1990 4054 2076 4090 nos

519 4115 707 4162 tutores
749 4113 791 4159 ei
841 4109 1159 4168 tradidimus,
1201 4110 1404 4170 potitum
1449 4109 1576 4156 haud
1618 4109 1798 4169 exiguis
1836 4109 1919 4158 sed
1960 4113 2075 4160 satis

519 4182 692 4242 amplis
725 4185 780 4230 ut
814 4181 956 4229 etiam
997 4180 1156 4228 munia
1193 4179 1380 4240 publica
1411 4184 1637 4240 praestare
1679 4181 1853 4242 possit,
1895 4181 2071 4230 horum

519 4251 756 4300 bonorum
779 4263 940 4310 gerere
967 4262 1156 4308 curam,
1183 4262 1274 4297 non
1295 4251 1456 4297 autem
1479 4261 1582 4296 mea
1606 4253 1858 4310 appetere,
1885 4253 1941 4300 ut
1959 4265 2069 4300 con-

519 4321 754 4372 servando
770 4333 862 4376 ,sna
882 4319 1047 4368 melior
1063 4333 1163 4368 esse
1187 4319 1426 4367 videretur
1446 4319 1494 4366 et
1517 4319 1733 4380 augendo
1758 4333 1814 4369 en
1833 4321 2072 4372 utiliorem

518 4405 571 4438 se
597 4391 732 4439 vobis
749 4391 902 4438 civem
928 4389 1173 4450 pra-beret.
1208 4391 1315 4438 ,lam
1349 4401 1463 4435 vero
1491 4400 1641 4448 quum
1672 4401 1745 4436 res
1765 4401 1876 4436 suas
1906 4393 2063 4438 sustu-

517 4461 574 4510 lit
601 4467 647 4510 et
679 4461 892 4510 vendidit
924 4462 973 4508 et
1008 4463 1206 4522 turpiter
1243 4459 1466 4519 maleque
1497 4457 1705 4520 perdidit
1747 4458 1909 4520 (quod
1946 4463 2074 4510 certe

520 4532 700 4579 lactum
725 4545 827 4579 esse
853 4530 1024 4578 nollem
1047 4531 1094 4592 )‚
1135 4531 1284 4591 atque
1312 4528 1460 4576 ticieus
1483 4528 1716 4576 sodalitiis
1737 4531 1784 4576 et
1812 4529 2074 4580 artificiose

439 4593 446 4600 ’
528 4601 773 4650 adornatis
796 4601 1088 4650 orationibus
1111 4603 1158 4648 in
1185 4612 1315 4649 meas
1335 4610 1408 4647 res
1427 4598 1598 4646 invasit
1621 4617 1634 4646 ι
1667 4600 1947 4649 necessitate
1967 4601 2070 4662 cogi

517 4670 737 4719 videmur
769 4673 823 4719 ut
857 4670 984 4731 quod
1023 4671 1131 4718 talis
1163 4668 1299 4717 nobis
1321 4668 1387 4716 sit
1413 4669 1708 4729 propinquus
1740 4669 1858 4718 sorti
1891 4671 2071 4718 tribua-

519 4753 628 4790 mus
647 4741 866 4790 sdversae
886 4774 901 4797 ,
933 4740 1058 4800 apud
1085 4753 1168 4788 vos
1193 4741 1356 4788 autem
1397 4743 1451 4786 ιιι
1475 4739 1769 4788 accusationi
1797 4739 1927 4789 illius
1944 4745 2071 4790 cete·

521 4810 680 4871 risque
697 4823 804 4871 quse
825 4814 994 4870 praeter
1010 4824 1108 4859 rem
1133 4809 1426 4859 calumniose
1441 4807 1634 4868 obiecit,
1651 4820 1796 4870 quam
1818 4811 2071 4872 promptis-

518 4879 638 4927 sime
659 4879 1040 4942 respondeamus.

581 5035 763 5082 Verum
788 5034 919 5084 enim
947 5048 1062 5084 vero
1083 5035 1332 5084 diversitas
1370 5035 1520 5098 Lysiae
1548 5040 1594 5084 et
1625 5035 1732 5084 Isoei
1761 5035 1908 5095 magis
1929 5036 2071 5086 etlam

519 5103 779 5165 conspicua
804 5105 896 5154 erit
921 5119 980 5154 ex
1005 5105 1107 5167 liis,
1131 5119 1240 5169 qusr.
1257 5108 1534 5168 sequentur,
1559 5105 1864 5167 maximeque
1883 5119 1943 5156 ex
1964 5119 2072 5168 apo·

2912 725 3007 781 29.

2257 801 2411 857 Idem
2437 812 2476 858 t.
2508 805 2574 868 V,
2610 819 2670 874 p.
2695 799 2808 855 606
2840 817 2853 858 ε
2880 801 2958 857 Οὖ
2986 800 3091 875 μὴν
3126 800 3263 859 ἀλλὰ
3285 801 3376 860 καὶ
3404 802 3577 860 ἐκτῶν
3596 806 3691 878 μιλ·

2176 886 2372 945 λόντων
2398 887 2639 962 λέγεσθαι
2667 887 2867 961 μᾶλλον
2904 887 3050 946 ἔσται
3071 889 3376 968 καταφανής
3404 891 3510 966 (sc.
3542 893 3691 948 diver-

2175 979 2305 1031 sitas
2330 978 2505 1049 Lysiae
2534 986 2590 1030 et
2620 971 2768 1048 lsaei)
2808 972 2897 1031 καὶ
2922 975 3151 1050 μάλιστα
3188 978 3250 1033 ἐκ
3292 979 3397 1034 τῶν
3439 981 3691 1034 ἀποδεικτι-

2173 1063 2277 1119 κῶν
2305 1061 2393 1119 καὶ
2414 1063 2718 1129 παθητικῶν
2742 1058 2910 1138 λόγων
2927 1080 2941 1093 ·
2966 1065 3019 1118 ἐν
3048 1051 3123 1128 οἷς
3144 1067 3173 1121 ὃ
3202 1062 3295 1138 μὲν
3318 1063 3518 1128 Λυσίας
3538 1064 3691 1122 ἁπλού-

2174 1147 2349 1228 στερός
2377 1148 2451 1214 τίς
2480 1152 2589 1207 ἐστι
2624 1146 2714 1205 καὶ
2754 1147 2891 1205 κατὰ
2916 1148 3011 1216 τὴν
3046 1147 3279 1207 σύνθεσιν
3310 1153 3415 1208 τῶν
3458 1153 3691 1226 ὀνομάτων

2173 1234 2264 1293 καὶ
2315 1233 2449 1292 κατὰ
2489 1232 2582 1304 τὴν
2626 1233 2897 1306 κοινότητα
2946 1237 3046 1292 τῶν
3088 1237 3401 1315 σχημάτων,
3454 1238 3616 1296 οὗτοσὶ
3652 1239 3691 1296 δὲ

2173 1321 2563 1398 ποικιλώτερος·
2585 1321 2756 1379 πολλὰ
2776 1322 2877 1403 γὰρ
2898 1321 2959 1379 ἄν
2988 1346 3062 1388 τις
3090 1323 3211 1380 ἰδὼν
3237 1321 3375 1400 εὕροι
3398 1330 3530 1402 παρ’
3554 1327 3693 1402 αὐτῷ,

2172 1412 2241 1474 ὡς
2276 1411 2328 1467 ἐν
2376 1405 2572 1486 τούτῳ·
2610 1435 2637 1460 α
2670 1408 2838 1466 Πόθεν
2866 1407 2971 1487 χρὴ
3009 1407 3344 1467 πιστεύεσθαι
3378 1411 3449 1468 τὰ
3486 1412 3694 1490 εἰρημένα

2172 1523 2195 1549 ιι
2229 1496 2353 1573 πρὸς
2389 1499 2553 1567 θεῶν;
2584 1498 2675 1554 οὐκ
2704 1499 2762 1554 ἐκ
2784 1500 2887 1554 τῶν
2924 1496 3228 1578 μαρτύρων;
3252 1496 3433 1574 οἴομαί
3456 1523 3535 1575 γε.
3560 1502 3695 1558 Πόθεν

2174 1609 2197 1635 α
2227 1583 2280 1640 δὲ
2319 1579 2436 1648 τοὺς
2482 1583 2782 1664 μάρτυρας;
2823 1585 2916 1642 οὐκ
2942 1587 3001 1642 ἐκ
3023 1587 3126 1643 τῶν
3161 1587 3441 1662 βασάνων;
3486 1588 3609 1652 εἰκός
3631 1609 3693 1661 γε.

2175 1697 2197 1722 ιι
2230 1669 2394 1730 Πόθεν
2416 1669 2472 1728 δέ
2490 1693 2547 1748 γε
2572 1673 2898 1730 ἀπιστεῖσθαι
2917 1669 3031 1736 τοὺς
3050 1671 3232 1748 λόγους
3248 1673 3367 1739 τοὺς
3384 1675 3479 1731 τού
3490 1697 3607 1744 rto-³3
3627 1676 3698 1731 οὐκ

2173 1784 2198 1809 ιι
2224 1758 2281 1814 ἐκ
2308 1763 2399 1815 τοῦ
2418 1756 2619 1838 φεύγειν
2646 1757 2760 1824 τοὺς
2784 1755 3055 1836 ἐλέγχους,
3090 1760 3291 1837 ἀνάγκη
3316 1763 3547 1840 μεγάλη.
3582 1761 3696 1822 Φαί-

2174 1871 2197 1897 ιι
2224 1867 2381 1920 νομαι
2400 1845 2566 1904 τοίνυν
2589 1845 2693 1924 ἐγὼ
2716 1845 2807 1925 μὲν
2833 1845 3031 1905 διώκων
3051 1854 3217 1906 ταῦτα
3240 1849 3327 1907 καὶ
3348 1848 3413 1906 τὰ
3444 1851 3697 1927 πράγματα

2175 1957 2197 1983 α
2227 1937 2296 1998 εἷς
2324 1935 2575 2011 βασάνους
2599 1935 2759 2012 ἄγων,
2788 1925 2930 2001 οὗτος
2958 1934 3013 1994 δὲ
3038 1937 3125 1994 ἐπὶ
3149 1935 3395 2003 διαὸολὰς
3430 1939 3521 1996 καὶ
3550 1940 3698 2014 λόγους

2172 2045 2196 2072 α
2224 2023 2499 2088 καθιστάς·
2528 2023 2655 2102 ὅπερ
2685 2019 2746 2080 ἄν
2776 2046 2851 2086 τις
2874 2025 3197 2082 πλεονεκτεῖν
3236 2013 3549 2102 βουλόμενος
3572 2023 3696 2090 ποιή-

2164 2135 2197 2160 a
2231 2131 2387 2170 σειεν.
2442 2109 2641 2188 Ἐχρῆν
2671 2109 2723 2168 δὲ
2752 2107 2926 2182 αὖτόν,
2948 2109 3092 2188 εἴπερ
3116 2135 3168 2168 τι
3191 2111 3385 2170 δίκαιον
3420 2113 3609 2192 ἐφρόνει
3632 2111 3699 2168 καὶ

2173 2223 2199 2248 α
2225 2196 2303 2272 μὴ
2342 2196 2813 2279 παρακρούσασθαι
2851 2195 2944 2263 τὰς
2990 2199 3243 2278 ὑμετέρας
3282 2199 3497 2277 γνώμας
3528 2201 3699 2270 ἐζήτει,

2174 2311 2197 2336 α
2227 2285 2301 2360 μὴ
2331 2286 2407 2360 μὰ
2436 2285 2537 2345 Δία
2556 2291 2725 2346 ταῦτα
2759 2295 2941 2356 ποιεῖν,
2969 2287 3087 2346 ἀλλ’
3108 2290 3197 2348 ἐπὶ
3215 2288 3301 2346 τὸν
3320 2291 3567 2365 λογισμὸν
3592 2289 3701 2365 μετὰ

2174 2399 2197 2422 ιι
2230 2371 2506 2453 μαρτύρων
2546 2374 2708 2432 ἐλθεῖν
2751 2373 2841 2431 καὶ
2888 2374 3137 2443 ἐξετάζειν
3181 2380 3381 2434 ἕκαστα
3414 2381 3518 2434 τῶν
3557 2381 3604 2435 ἐν
3640 2381 3700 2454 τῷ

2172 2487 2196 2512 α
2226 2462 2395 2541 λόγῳ,
2424 2466 2601 2520 τοῦτον
2648 2460 2737 2519 τὸν
2777 2461 2966 2538 τρόπον
2989 2461 3117 2542 παρ’
3162 2464 3287 2538 ἐμοῦ
3316 2465 3699 2538 πυνθανόμενον·

2172 2575 2195 2599 α
2233 2549 2493 2629 Εἶσφορόις
2516 2550 2693 2628 λογίζῃ
2723 2548 2915 2622 πόσας,
2938 2548 3114 2616 τόσας.
3206 2549 3359 2608 Κατὰ
3388 2551 3551 2610 πόσον
3570 2549 3701 2630 alp-56·

2172 2663 2196 2687 ι
2224 2657 2331 2714 ριον
2381 2633 2835 2713 εἰσενηνεγμένας,
2868 2635 3004 2696 κατὰ
3042 2637 3193 2696 τόσον
3224 2637 3317 2696 καὶ
3360 2639 3530 2698 τόσον.
3575 2635 3703 2698 linei

2171 2750 2196 2774 et
2227 2725 2351 2780 ποῖα
2381 2723 2701 2802 ψηφίσματα
2726 2743 2744 2797 3
2774 2723 2945 2782 ταυτί.
3030 2723 3243 2788 Ταύτας
3284 2725 3531 2802 εἰλήφασι
3558 2727 3701 2792 τίνεςς

2173 2834 2196 2858 σι
2222 2809 2269 2865 οἱ
2298 2808 2386 2865 καὶ
2408 2815 2573 2866 ταῦτα
2594 2809 3029 2888 μαρτυρήσοντες.
3056 2811 3321 2888 [Ἐχρῆν]
3344 2811 3631 2890 σκέψασθαι
3649 2811 3703 2868 τὰ

2173 2921 2194 2945 «ι
2228 2897 2542 2975 ψηφίσματα
2562 2896 2666 2974 ,τὸ
2688 2900 2887 2969 πλῆθος
2906 2901 3007 2955 τῶν
3030 2899 3305 2978 εἰσφορῶν,
3337 2899 3405 2957 τὰ
3433 2903 3703 2976 εἰσενηνεγ-

2173 3008 2196 3034 a
2230 2985 2359 3056 μένα
2383 3031 2398 3054 ,
2418 2983 2535 3050 τοὺς
2570 2985 2853 3056 λαὸόντας,
2890 2983 2981 3042 καὶ
3011 2987 3054 3042 εἷ
3090 2985 3181 3060 μὲν
3221 2977 3277 3044 εὖ
3304 3010 3359 3044 τε
3392 2984 3527 3069 [καὶ
3550 2990 3703 3049 καλῶς

2170 3095 2193 3124 ι
2220 3059 2403 3150 εἷχε,]
2437 3075 2513 3150 τῷ
2534 3071 2673 3152 λόγῳ
2705 3070 2984 3143 πιστεύειν,
3027 3074 3073 3130 εἰ
3101 3071 3155 3130 δὲ
3176 3072 3280 3147 μή,
3310 3077 3402 3131 νῦν
3442 3073 3703 3154 παρασχέ-

2174 3185 2195 3209 n
2228 3163 2348 3216 σθαι
2386 3160 2656 3240 μάρτυρας
2677 3201 2694 3230 ,
2727 3161 2777 3218 εἷ
2808 3183 2858 3216 τι
2882 3161 3063 3237 ψεῦδος
3085 3151 3147 3232 ἧν
3170 3151 3243 3219 ιῖιν
3280 3163 3595 3242 ἐλογισάμην
3620 3165 3705 3218 αὗ-

2172 3272 2195 3298 ιι
2217 3269 2343 3312 τοις.
2378 3273 2405 3299 ¹·

2247 3333 2441 3390 Prima
2458 3337 2633 3394 ,verba
2664 3353 2679 3393 ε
2714 3333 2883 3394 Πόθεν
2906 3333 3082 3414 χρὴ...
3104 3333 3305 3413 ἀνάγκη
3330 3336 3535 3412 μεγάλη
3558 3339 3705 3393 etiam

2164 3499 2350 3550 dicticis
2373 3505 2422 3550 et
2441 3503 2694 3562 patheticis
2716 3501 3031 3563 orationibus,
3066 3503 3150 3552 ubi
3177 3503 3341 3565 Lysias
3366 3505 3625 3566 simplicior
3644 3505 3707 3550 est

2164 3573 2215 3618 et
2254 3571 2595 3632 compositione
2634 3569 2806 3620 vocum
2848 3576 2898 3620 et
2928 3573 3151 3622 facilitate
3194 3575 3499 3622 schematum
3520 3612 3534 3636 ,
3572 3579 3707 3623 lsaeus

2166 3651 2279 3687 vero
2303 3640 2517 3688 ornatior
2542 3642 2594 3688 et
2645 3641 2795 3701 magis
2829 3641 3005 3690 varius.
3038 3643 3221 3690 Passim
3252 3643 3301 3691 id
3334 3643 3499 3693 videre
3540 3650 3637 3703 est,
3663 3646 3710 3689 nt

2163 3710 2213 3759 in
2234 3710 2307 3757 his
2325 3730 2337 3758 z
2358 3729 2382 3752 κ
2398 3709 2549 3768 Unde,
2568 3721 2651 3770 per
2666 3709 2805 3769 deoS,
2828 3710 2899 3759 sas
2916 3715 2989 3760 est
3012 3711 3154 3762 fldem
3174 3713 3316 3762 dictis
3332 3713 3549 3763 adstrui?
3562 3717 3708 3764 Nonne

2162 3791 2223 3827 ex
2258 3778 2575 3828 testimoniis?
2616 3779 2831 3827 Arbitror
2868 3779 3109 3840 equidem.
3146 3779 3285 3829 Unde
3330 3786 3497 3831 autem
3531 3783 3705 3832 testium

2164 3849 2433 3899 testimonio
2456 3849 2573 3898 lides
2592 3849 2860 3900 coiistabitt
2882 3852 3047 3900 Nonne
3064 3863 3095 3898 a
3116 3849 3386 3911 quastione
3412 3864 3497 3912 per
3518 3855 3705 3900 tor-en-

2165 3921 2253 3966 ta?
2283 3921 2371 3967 Par
2401 3918 2448 3966 id
2482 3921 2647 3979 utique
2676 3921 2773 3968 est.
2808 3918 2935 3974 Quid
2968 3931 3083 3968 vero
3116 3931 3201 3968 vos
3238 3920 3454 3968 movebit
3478 3924 3535 3969 nt
3554 3922 3705 3968 horum

2162 3989 2453 4038 orationibus
2481 3988 2743 4038 diffidatis?
2766 3992 2931 4038 Nonne
2952 3989 3043 4037 lioc
3058 4025 3075 4048 ‚
3097 3989 3227 4050 quod
3252 3989 3561 4040 adminiculis
3582 4003 3703 4039 coar·

2165 4058 2377 4118 gutionis
2414 4058 2486 4107 uti
2512 4065 2809 4107 recusarunt.
2844 4060 3165 4108 Necessarium
3200 4071 3333 4108 sane.
3364 4063 3507 4109 Patet
3530 4065 3671 4120 itaque
3690 4095 3703 4113 ‚

2164 4141 2241 4176 mc
2278 4129 2370 4178 ista
2404 4131 2665 4178 consectari
2700 4143 2894 4191 remque
2920 4129 2981 4178 ad
3024 4129 3385 4190 inquisitionem
3435 4133 3703 4191 perducere,

2166 4197 2295 4246 hunc
2322 4211 2435 4246 vero
2472 4197 2521 4246 in
2544 4199 2701 4247 verbis
2736 4201 2786 4248 et
2822 4199 3072 4247 calumniis
3114 4198 3318 4259 versari;
3360 4201 3491 4260 quod
3538 4200 3707 4262 quidem

2164 4267 2324 4327 saciat,
2343 4268 2424 4329 qui
2452 4267 2668 4316 fraudare
2692 4268 2909 4317 voluerit.
2964 4269 3227 4330 Oportebat
3252 4280 3364 4316 vero
3384 4283 3519 4330 eum,
3547 4272 3583 4318 si
3608 4269 3705 4330 quid

2162 4337 2284 4398 aequi
2304 4337 2519 4397 justique
2545 4337 2789 4398 cogitaret,
2816 4351 2971 4399 neque
3004 4339 3248 4399 imponere
3270 4338 3415 4386 nobis
3447 4344 3703 4390 conaretur,

2162 4425 2259 4460 non
2291 4412 2405 4471 ista,
2428 4425 2509 4472 per
2530 4413 2702 4461 Jovem
2723 4446 2738 4471 ‚
2774 4412 2953 4472 facere,
2978 4411 3061 4462 sed
3082 4412 3145 4460 ad
3173 4413 3583 4462 ratiocinationem
3602 4425 3701 4460 cum

2161 4482 2369 4530 testibus
2390 4481 2569 4540 venire,
2596 4483 2644 4530 ct
2666 4481 2939 4530 examinare
2960 4480 3021 4528 de
3044 4481 3219 4543 quibus
3238 4482 3397 4542 agitur
3416 4482 3625 4542 singula,
3650 4481 3705 4527 ad

2162 4550 2291 4598 liunc
2324 4549 2525 4598 modum
2562 4563 2624 4599 ex
2660 4563 2739 4598 me
2778 4555 3073 4611 quaerentem
3105 4563 3117 4597 :
3158 4553 3404 4608 Quotnam
3448 4553 3626 4599 tributa
3664 4552 3707 4597 in

2163 4621 2424 4668 rationibus
2444 4621 2541 4668 tuis
2578 4623 2858 4681 computas?
2890 4622 2999 4670 Tot.
3030 4623 3277 4680 Quantum
3302 4621 3523 4682 pecunioe
3552 4621 3709 4669 horum

2162 4690 2356 4738 nomine
2376 4689 2558 4738 solvisti
2572 4693 2591 4738 Ρ
2605 4692 2811 4738 Tantum
2832 4691 2881 4738 et
2906 4691 3107 4739 rantum.
3128 4690 3431 4748 Quibusnam
3450 4691 3711 4750 jubentibus

2160 4759 2394 4808 decretis?
2422 4761 2576 4808 Hisce.
2603 4761 2804 4810 Tributa
2843 4761 2924 4810 illa
2948 4761 3146 4820 quinam
3174 4764 3498 4820 acceperunt?
3532 4763 3591 4810 ui
3630 4761 3709 4820 qui

2164 4831 2229 4878 rei
2256 4829 2399 4876 etiam
2426 4832 2572 4877 testes
2606 4828 2877 4890 prodibunt.
2907 4828 3170 4888 oportebat
3196 4829 3475 4878 examinare
3496 4829 3676 4876 decreta
3692 4861 3711 4882 ,

2163 4911 2415 4948 numerum
2431 4898 2721 4948 tributorum
2736 4935 2750 4959 ,
2775 4911 3032 4960 expensam
3051 4911 3217 4946 eorum
3234 4898 3433 4948 nomine
3451 4899 3704 4960 pecuniam,
3745 4939 3746 4942 ,

2160 4968 2357 5030 quinam
2398 4980 2503 5016 eam
2545 4969 2844 5030 accensi-inu
2884 4971 2936 5016 et
2966 4967 3006 5015 si
3039 4969 3164 5015 recte
3190 4979 3249 5015 ac
3282 4967 3407 5018 bene
3440 4969 3543 5016 haec
3572 4965 3699 5014 ιιειιιιι-

2162 5039 2285 5098 rent‚
2317 5037 2461 5086 {idere
2489 5037 2658 5098 dictis,
2684 5039 2758 5086 sin
2790 5037 2978 5096 minus,
3025 5040 3143 5084 tunc
3174 5039 3324 5086 testes
3362 5038 3647 5099 producere,
3668 5035 3705 5082 si

2163 5106 2277 5170 quid
2304 5106 2537 5162 mendacii
2552 5108 2725 5158 inesset
2750 5105 3007 5156 rationibus
3020 5118 3141 5169 quas
3156 5105 3354 5169 pupillis
3372 5107 3491 5156 meis
3510 5104 3699 5155 reddidi.
