3825 5834
511 459 579 510 84

1533 444 1894 504 ΑΙΣΧΙΝΟΥ
1930 445 1982 502 Ο
2026 444 2227 504 ΚΑΤΑ
2270 446 2693 508 ΤΙΜΑΡΧΟΥ.
2798 513 2809 524 ,

3478 453 3695 528 (ιο-ω)

507 579 826 650 πεντήκοντα
854 576 944 646 ἔτη
973 573 1276 653 γεγονότων;
1313 600 1336 624 ›-
1363 571 1608 633 Ἐπειδὰν
1635 565 1843 634 δὲοῦτοι
1869 573 2059 637 πάντες
2144 573 2229 635 φῦ
2250 587 2428 624 annum
2446 577 2603 626 oetatis
2618 577 3064 642 quinquagesimum
3084 581 3371 630 excesserint
3390 581 3703 632 verhasacere

509 666 727 736 εἴπωσι,
749 663 856 722 τότ’
885 663 986 734 ἤδη
1011 658 1207 719 κελεύει
1241 658 1408 738 λέγειν
1436 662 1538 716 τῶν
1571 659 1742 716 ἄλλων
1774 658 2055 730 Ἀθηναίων

509 751 597 811 τὸν
645 748 974 832 βουλόμενον,
1024 739 1098 814 οἶς
1137 746 1349 814 ἔξεστιν.
1434 745 1522 824 (ιιι)
1569 745 1842 826 Σκέψασθε
1880 745 1945 814 δὴ
1986 749 2056 810 ὡς

431 855 481 894 lo
509 841 678 905 καλῶς
695 883 713 915 ,
739 827 782 896 ὦ
811 835 1084 908 Ἀθηναῖοι.
1127 835 1244 894 Οὐκ
1271 832 1469 944 ἠιγνόει,
1516 824 1692 910 οἶμαι,
1720 837 1747 891 ὁ
1783 832 2059 908 νομοθέτης

509 921 588 982 ὅτι
614 926 662 982 οἱ
685 922 1021 1001 πρεσὸύτεροι
1048 924 1123 1002 τῷ
1149 919 1242 992 μὲν
1267 945 1322 978 ευ
1349 928 1550 1001 φρονεῖν
1581 919 1919 998 ἀκμάζουσιν,
1948 925 1979 990 ἡ
2003 917 2059 976 δὲ

511 1009 677 1087 τόλμα
703 1009 806 1082 ἤδη
835 1007 1018 1074 αὐτοὺς
1049 1007 1266 1086 ἄρχεται
1305 1005 1587 1064 ἐπιλείπειν
1619 1005 1702 1064 διὰ
1743 1005 1835 1076 τὴν
1865 1008 2057 1082 ἐμπει-

513 1097 628 1175 ρίαν
653 1101 753 1154 τῶν
777 1099 1125 1175 πραγμάτων.
1205 1093 1524 1170 Βουλόμενος
1559 1091 1622 1162 δὴ
1652 1093 1910 1152 συνεθίσαι
1944 1089 2061 1157 τοὺς

511 1184 696 1263 ἄριστα
727 1187 1063 1262 φρονοῦντας,
1095 1179 1301 1246 τούτους
1333 1180 1618 1257 ἐπάναγκες
1641 1179 1759 1258 περὶ
1783 1183 1884 1237 τῶν
1920 1202 2057 1258 πρα-

509 1271 721 1349 γμάτων
736 1269 926 1347 λέγειν,
946 1267 1122 1338 ἐπειδὴ
1147 1267 1362 1346 ὀνόματι
1379 1269 1549 1324 αὐτῶν
1569 1265 1660 1326 ἕνα
1685 1265 1899 1324 ἕκαστον
1930 1269 2059 1326 ἀπο-

513 1363 594 1438 ρεῖ
617 1367 934 1440 προσειπεῖν,
959 1357 1051 1428 τὴν
1077 1355 1370 1432 ἐπωνυμίαν
1391 1359 1482 1426 τῆς
1503 1354 1626 1426 ὅλης
1647 1354 1852 1426 ἡλικίας
1870 1355 2062 1414 ὑπολα-

433 1459 488 1497 20
513 1445 618 1504 ὅὼν
643 1445 938 1525 παρακαλεῖ
958 1444 1043 1501 ἐπὶ
1065 1442 1122 1500 τὸ
1151 1445 1299 1520 βῆμα
1315 1440 1404 1497 καὶ
1423 1439 1704 1520 προτρέπει
1725 1442 2055 1522 δημηγορεῖν.

513 1527 657 1607 Ἅμα
693 1531 747 1587 δὲ
781 1529 896 1595 τοὺς
949 1527 1222 1607 νεωτέρους
1277 1527 1511 1585 διδάσκει
1567 1528 1900 1606 αἰσχύνεσθαι
1946 1527 2061 1595 τοὺς

514 1616 889 1696 πρεσὲυτέρους
917 1615 1005 1674 καὶ
1045 1615 1198 1674 πάνθ’
1231 1613 1472 1694 ὑστέρους
1500 1613 1744 1693 πράττειν
1780 1614 1871 1673 καὶ
1899 1624 2059 1691 τιμᾶν

515 1703 576 1762 τὸ
603 1708 783 1783 γῆρας,
809 1706 882 1769 εἰς
917 1701 948 1760 ὃ
971 1703 1159 1768 πάντες
1195 1701 1507 1781 ἀφιξόμεθα,
1547 1699 1644 1758 ἐὰν
1667 1701 1772 1780 ἄρα
1797 1700 2053 1778 διαγενώκ

515 1797 670 1868 peta.
755 1793 848 1868 (as)
908 1793 1016 1850 Καὶ
1069 1788 1230 1855 οὕτως
1273 1783 1408 1860 ἦσαν
1451 1787 1706 1870 σώφρονες
1753 1792 1802 1848 οἱ
1845 1792 2057 1868 ἀρχαῖοι

514 1882 700 1938 ἐκεῖνοι
745 1877 985 1959 ῥήτορες,
1033 1880 1062 1936 ὁ
1103 1877 1364 1957 Περικλῆς
1412 1875 1502 1935 καὶ
1549 1878 1914 1953 Θεμιστοκλῆς
1968 1877 2059 1934 καὶ

510 1972 539 2026 ὁ
561 1964 874 2046 Ἀριστείδης
897 1968 924 2022 δ
945 1962 1038 2035 τὴν
1067 1962 1308 2041 ἀνόμοιον
1327 1964 1623 2040 ἐπωνυμίαν
1637 1965 1772 2044 ἔχων
1799 1963 2061 2044 Τιμάρχῳ

516 2054 712 2133 τούτῳ,
754 2056 783 2111 ὁ
817 2051 1010 2119 δίκαιος
1039 2051 1476 2128 ἐπικαλούμενος,
1511 2049 1646 2110 ὥστε
1673 2050 1703 2110 δ
1729 2051 1838 2110 νυνὶ
1875 2050 2062 2117 πάντες

433 2169 486 2207 ns
520 2145 574 2204 ἐν
601 2141 706 2202 ἔθει
731 2141 1050 2221 πράττομεν,
1089 2140 1149 2200 τὸ
1175 2137 1268 2210 τὴν
1296 2141 1451 2284 χῖεἷρα
1487 2139 1586 2208 ἔξω
1623 2139 1826 2219 ἔχοντες
1863 2139 2059 2217 λέγειν,

515 2227 632 2288 τότε
655 2233 810 2286 τοῦτο
837 2225 1002 2308 θρασύ
1029 2249 1080 2284 τι
1111 2226 1274 2286 ἐδόκει
1303 2250 1328 2285 ε
1350 2250 1436 2286 ναι
1469 2227 1558 2286 καὶ
1591 2225 1905 2287 εὖλαὸοῦντο
1934 2227 2059 2284 αὐτὸ

509 2339 552 2374 π
589 2317 781 2376 άττειν.
853 2314 1009 2393 Μέγα
1053 2311 1112 2374 δὲ
1147 2315 1284 2374 πάνυ
1311 2314 1492 2375 τούτου
1523 2315 1735 2392 σημεῖον
1765 2313 1900 2395 ἔργῳ
1938 2317 2059 2391 ὑμῖν

509 2426 538 2462 ο
560 2426 657 2480 μαι
693 2401 982 2470 ἐπιδείξειν·
1013 2395 1070 2460 εὖ
1095 2400 1196 2481 γὰρ
1224 2393 1317 2461 οἶδ’
1355 2401 1438 2460 ὅτι
1461 2402 1652 2469 πάντες
1673 2401 2062 2460 ἐκπεπλεύκατε

511 2491 582 2556 εἷς
607 2489 889 2565 Σαλαμῖνα
916 2488 1007 2547 καὶ
1033 2487 1277 2546 τεθέασθε
1316 2488 1412 2559 τὴν
1453 2489 1690 2554 Σόλωνος
1739 2488 1939 2558 εἰκόνα,
1972 2489 2061 2546 καὶ

511 2575 658 2634 αὐτοὶ
683 2573 1059 2655 μαρτυρήσαιτ’
1076 2573 1139 2632 ἂν
1169 2573 1246 2631 ὅτι
1273 2577 1325 2632 ἐν
1353 2579 1417 2654 τῇ
1443 2577 1609 2654 ἀγορᾷ
1634 2579 1698 2652 τῇ
1721 2574 2055 2651 Σαλαμινίων

513 2663 778 2721 ἀνάκειται
815 2665 846 2722 ὁ
893 2661 1074 2724 Σόλων
1123 2659 1260 2727 ἐντὸς
1306 2662 1400 2734 τὴν
1457 2663 1610 2740 χεῖρα
1661 2661 1816 2740 ἔχων.
1887 2663 2048 2721 Τοῦτ’

521 2749 680 2822 ἔστιν,
708 2739 752 2808 ὦ
775 2749 1065 2825 Ἀθηναῖοι,
1094 2749 1376 2826 ὑπόμνημα
1415 2751 1505 2807 καὶ
1530 2749 1748 2826 μίμημα
1770 2754 1858 2808 τοῦ
1883 2749 2059 2810 Σόλω·

435 2863 486 2902 au
517 2861 599 2904 νος
613 2836 903 2918 σχήματος,
927 2835 982 2894 ὃν
1002 2834 1192 2916 τρόπον
1212 2835 1347 2916 ἔχων
1371 2835 1520 2902 αὑτὸς
1543 2834 1795 2912 διελέγετο
1810 2839 1885 2916 τῷ
1910 2836 2062 2914 δήμῳ

515 2929 617 2983 τῶν
646 2923 952 2997 Ἀθηναίων.
1006 2925 1096 3004 (20)
1128 2923 1402 3003 Σκέψασθε
1423 2922 1504 2994 δέ,
1544 2913 1588 2981 ὦ
1613 2922 1868 2994 Ἀθηναῖοι
1887 2967 1904 2999 ,
1942 2923 2060 2982 ὅσον

515 3011 744 3094 διαφέρει
768 3016 797 3069 ὁ
833 3010 1012 3072 Σόλων
1039 3011 1316 3089 Τιμάρχου
1345 3009 1435 3069 καὶ
1467 3013 1514 3068 οἱ
1545 3010 1723 3090 ἄνδρες
1765 3013 1949 3070 ἐκεῖνοι
1988 3001 2061 3069 ὧν

512 3099 672 3179 ὀλίγῳ
697 3098 946 3180 πρότερον
977 3101 1030 3157 ἐν
1057 3101 1134 3179 τῷ
1161 3099 1301 3177 λόγῳ
1329 3097 1681 3174 ἐπεμνήσθην.
1711 3097 1933 3160 Ἐκεῖνοι
1967 3099 2061 3174 μέν

515 3209 576 3263 γε
599 3186 886 3267 ᾐσχύνοντο
909 3185 1006 3254 ἐξω
1029 3184 1123 3256 τὴν
1151 3186 1302 3266 χεῖρα
1344 3183 1546 3264 ἔχοντες
1573 3184 1758 3260 λέγειν,
1788 3186 2063 3265 Τίμαρχος

515 3273 570 3332 δὲ
593 3271 765 3332 οὑτοσὶ
790 3274 848 3330 οὗ
877 3272 1042 3332 πάλαι
1071 3272 1207 3332 ἀλλὰ
1248 3269 1429 3351 πρῴην
1458 3269 1583 3330 ποτὲ
1608 3271 1759 3352 ῥίψας
1795 3273 2062 3349 θοῖμρὶτιον

513 3360 701 3438 γυμνὸς
735 3359 1144 3440 ἐπαγκρατίαζεν
1189 3361 1241 3416 ἐν
1284 3364 1350 3439 τῇ
1391 3357 1670 3438 ἐκκλησία,
1717 3357 1850 3416 οὕτω
1891 3363 2065 3424 κακῶς

513 3451 603 3511 καὶ
648 3453 875 3532 αἰσχρῶς
917 3450 1235 3526 διακείμενος
1291 3448 1347 3508 τὸ
1397 3453 1550 3526 σῶμα
1600 3448 1701 3507 ὑπὸ
1762 3449 1920 3526 μέθης
1974 3453 2062 3510 καὶ

437 3559 488 3600 ιο
518 3537 810 3620 βδελυρίας,
835 3538 972 3596 ὥστε
995 3536 1112 3605 τούς
1136 3563 1197 3615 γε
1223 3532 1279 3595 εὗ
1309 3543 1620 3618 φρονοῦντας
1642 3537 2058 3618 ἐγκαλύψασθαι,

515 3627 883 3706 αἰσχυνθέντας
906 3624 1034 3704 ὗπὶρ
1057 3630 1148 3696 τῆς
1184 3625 1383 3692 πόλεως
1409 3628 1454 3684 εἰ
1478 3622 1722 3691 τοιούτοις
1745 3625 2061 3701 συμὸούλοις

517 3711 786 3792 χρώμεθα.
871 3717 959 3790 (27)
1013 3711 1072 3772 ‘A
1123 3711 1339 3770 συνιδὼν
1380 3717 1410 3771 ὁ
1459 3711 1736 3788 νομοθέτης
1777 3713 2062 3792 διαρρήδην

517 3797 777 3866 ἀπέδειξεν
809 3797 894 3864 οθς
932 3797 1038 3879 χρὴ
1069 3800 1384 3878 δημηγορεῖν
1407 3799 1495 3858 καὶ
1523 3798 1610 3866 οὒς
1631 3801 1689 3857 οὔ
1715 3801 1793 3858 δεῖ
1815 3801 1981 3878 λέγειν
2012 3803 2063 3858 ἐν

515 3887 592 3964 τῷ
623 3881 791 3963 δήμῳ.
837 3885 946 3944 Καὶ
991 3887 1086 3944 οὐκ
1110 3885 1388 3944 ἀπελαύνει
1415 3885 1520 3944 ἀπὸ
1541 3892 1632 3944 τοῦ
1663 3886 1896 3963 βήματος
1924 3887 1973 3946 εί
1994 3912 2067 3954 τις

520 3971 594 4046 μὴ
637 3973 903 4050 προγόνων
944 3973 1054 4030 ἐστὶ
1093 3976 1194 4030 τῶν
1230 3972 1712 4051 ἐστρατηγηκότων,
1757 3973 1872 4032 οὐδέ
1920 3997 1979 4052 γε
2020 3977 2065 4032 εἰ

517 4058 702 4136 τέχνην
743 4056 855 4116 τινὰ
883 4059 1152 4138 ἐργάζεται
1181 4061 1463 4138 ἐπικουρῶν
1488 4064 1551 4130 τῆ
1594 4060 1851 4140 ἀναγκαία
1875 4065 2065 4140 τροφῇ·

519 4142 655 4202 ἀλλὰ
680 4143 888 4210 τούτους
927 4145 1014 4202 καὶ
1052 4147 1282 4220 μάλιστα
1309 4146 1626 4219 ἀσπάζεται,
1667 4147 1756 4206 καὶ
1793 4145 1877 4205 διὰ
1916 4155 2066 4206 τοῦτο

436 4259 493 4296 ω
521 4233 768 4295 πολλάκις
789 4232 1024 4312 ἐπερωτᾷ
1052 4231 1129 4298 τίς
1165 4229 1430 4312 ἀγορεύειν
1464 4233 1727 4312 βούλεται.
1777 4235 1867 4310 (as)
1897 4232 2063 4299 Τίνας

519 4319 566 4376 δ’
601 4319 696 4377 οὗκ
735 4318 866 4398 ᾤετο
909 4319 1012 4376 δεῖν
1051 4317 1250 4396 λέγειν;
1299 4317 1413 4386 τοὺς
1453 4321 1680 4399 αἰσχρῶς
1723 4317 2067 4399 βεὸιωκότας,

517 4403 723 4472 τούτους
761 4405 854 4463 οὗκ
893 4406 954 4484 ἐᾷ
991 4407 1322 4486 δημηγορεῖν.
1410 4405 1516 4466 Καὶ
1541 4411 1640 4465 ποῦ
1682 4412 1834 4466 τοῦτο
1882 4408 2065 4480 δηλοῖς

517 4493 794 4570 δοκιμασία
810 4538 826 4564 ,
851 4493 978 4573 φησί
993 4541 1007 4566 ,
1033 4493 1282 4573 ῥητόρων.
1327 4493 1456 4554 Ἐάν
1482 4519 1558 4561 τις
1584 4494 1710 4574 λέγῃ
1740 4497 1792 4554 ἐν
1816 4499 1889 4573 τῷ
1914 4495 2067 4575 δήμῳ

515 4580 604 4639 τὸν
623 4581 824 4660 πατέρα
845 4580 1052 4640 τύπτων
1075 4581 1111 4652 ἢ
1131 4581 1226 4652 τὴν
1246 4583 1447 4659 μητέρα
1467 4625 1485 4656 ,
1521 4580 1556 4652 ἢ
1585 4582 1658 4657 μὴ
1679 4580 1896 4661 τρέφων,
1926 4581 1961 4652 ἢ
1992 4581 2066 4659 μὴ

519 4667 767 4748 παρέχων
787 4668 1013 4744 οἴκησιν,
1035 4675 1212 4728 τοῦτον
1233 4670 1328 4727 οὗκ
1347 4671 1410 4748 ἐᾷ
1433 4668 1618 4745 λέγειν.
1665 4667 1748 4739 Νὴ
1769 4669 1871 4728 Δία
1894 4671 2068 4736 καλῶς

517 4776 612 4830 γε,
643 4759 712 4820 ὡς
743 4755 850 4833 ε’γὼ
883 4778 1037 4835 φημι.
1105 4754 1208 4816 Διὰ
1235 4755 1319 4829 τίς
1345 4753 1426 4814 ὅτι
1455 4757 1502 4814 εἴ
1526 4780 1627 4827 τις,
1655 4755 1741 4823 οὓς
1767 4756 1818 4824 ἐξ
1849 4756 1964 4814 ἴσου
1992 4757 2067 4816 δεῖ

518 4849 678 4917 τιμᾶν
719 4845 824 4908 τοῖς
863 4847 1019 4914 θεοῖς,
1058 4846 1128 4908 εἷς
1167 4841 1378 4908 τούτους
1417 4842 1528 4901 ἐστὶ
1569 4845 1787 4923 φαῦλος,
1821 4843 1872 4900 τί
1906 4865 2031 4901 ποτε
2048 4885 2064 4918 ,

448 4939 483 4988 5
521 4925 695 5005 φησίν,
721 4928 810 4984 ὑπ’
849 4930 1005 4987 αὐτοῦ
1045 4929 1310 4987 πείσονται
1351 4931 1398 4986 οἱ
1443 4928 1704 5008 ἀλλότριοι
1742 4929 1830 4988 καὶ
1858 4933 1891 5000 ἡ
1922 4927 2068 4995 πόλις

521 5010 648 5090 ὅλης
694 5011 783 5090 (aa)
811 5013 918 5072 Καὶ
945 5013 1048 5072 τίσι
1069 5013 1301 5095 δεύτερον
1330 5015 1519 5074 ἀπεῖπε
1552 5013 1625 5092 μὴ
1657 5013 1859 5093 λέγεινς
1901 5013 1937 5086 ἢ
1967 5014 2059 5082 τὰς

521 5100 808 5177 στρατείας,
835 5101 980 5178 φησί,
997 5100 1070 5176 μὴ
1095 5101 1495 5181 ἐστρατευμένος
1514 5102 1632 5162 ὅσαι
1656 5101 1720 5160 ἂν
1745 5105 1886 5182 αὐτῷ
1908 5125 2068 5181 προσ·

523 5192 780 5268 ταχθῶσιν
795 5233 810 5261 ,
845 5187 878 5257 ἢ
903 5186 996 5259 τὴν
1035 5189 1226 5248 ἀσπίδα
1255 5189 1664 5263 ἀποθεὸληκώς,
1687 5190 1860 5250 δίκαια
1881 5189 2063 5266 λέγων.

2147 661 2287 710 vult?
2350 662 2441 712 Ubi
2471 667 2631 714 autem
2664 665 2715 713 hi
2741 677 2907 715 omnes
2940 665 3177 728 dixerint,
3202 670 3307 717 tum
3336 668 3535 718 demum
3566 669 3704 730 jubet

2147 751 2415 798 ceterorum
2436 750 2795 800 Atheniensium
2813 753 3034 816 quemvis
3060 767 3119 802 ex
3142 753 3200 804 iis
3214 755 3397 816 quibus
3424 756 3593 817 liceat,
3628 757 3701 805 di-

2146 848 2255 884 cere
2336 838 2433 898 (24)
2472 837 2803 900 Considerate,
2843 839 3180 902 Athenienses,
3202 855 3351 904 quam
3386 846 3539 894 recte.
3598 847 3705 894 Non

2148 923 2394 984 ignorabat
2436 924 2665 973 nimirum
2700 925 2956 988 legislator,
2992 927 3043 978 in
3082 931 3201 978 natu
3236 929 3499 991 majoribus
3546 935 3705 994 vigere

2148 1010 2447 1072 prudentiam
2460 1045 2477 1072 ,
2495 1011 2744 1062 audaciam
2762 1017 2925 1063 autem
2944 1015 3151 1078 incipere
3162 1016 3263 1077 jam
3284 1017 3491 1068 deiicere
3532 1020 3581 1068 in
3602 1020 3673 1068 eis
3686 1058 3701 1080 ,

2146 1096 2212 1145 ob
2256 1109 2397 1148 usum
2432 1111 2611 1148 rerum.
2679 1099 2855 1148 volens
2880 1100 3023 1162 igitur
3056 1102 3451 1164 prudentissimos
3482 1118 3705 1167 quosque

2148 1186 2479 1234 consuefacere
2494 1221 2510 1248 ,
2532 1189 2587 1234 ut
2602 1188 2886 1238 sententiam
2902 1190 3167 1238 necessario
3184 1189 3273 1240 sibi
3292 1191 3547 1240 dicendam
3564 1196 3705 1254 puta·

2148 1272 2255 1320 rent
2289 1290 2301 1320 :
2326 1284 2477 1334 quum
2498 1274 2873 1338 uniuscujusque
2888 1277 3173 1326 nominatim
3202 1278 3471 1340 appellandi
3492 1279 3703 1328 faculta-

2148 1359 2295 1408 tatem
2334 1372 2433 1408 non
2470 1360 2696 1422 haberet,
2738 1363 2984 1412 communi
3033 1364 3185 1414 totius
3222 1365 3381 1416 oetatis
3420 1368 3707 1428 cognomine

2148 1449 2403 1508 usurpato,
2426 1446 2489 1495 ad
2504 1452 2779 1510 suggestum
2800 1463 2884 1499 eos
2904 1453 3077 1512 vocat,
3096 1453 3145 1500 et
3167 1451 3231 1500 ad
3252 1452 3493 1502 habendas
3516 1455 3707 1504 condo·

2148 1543 2233 1580 nes
2254 1531 2537 1582 adhortatur
2559 1555 2569 1582 :
2597 1535 2861 1598 eademque
2876 1550 3021 1598 opera
3042 1538 3187 1586 etiam
3208 1537 3535 1588 adolescentes
3562 1553 3704 1590 reve-

2149 1617 2351 1668 rentiam
2392 1633 2502 1682 erga
2552 1623 2763 1672 seniores
2804 1623 3123 1674 adhibendam
3174 1637 3277 1674 esse
3324 1625 3465 1676 docet
3478 1661 3494 1686 ,
3540 1628 3707 1690 eisque

2148 1705 2353 1767 priorem
2372 1707 2424 1756 in
2442 1707 2585 1758 rebus
2597 1711 2819 1760 omnibus
2836 1711 2993 1760 locum
3010 1711 3388 1773 concedendum,
3406 1716 3458 1763 et
3470 1714 3707 1764 honorem

2147 1794 2380 1842 senectuti
2406 1795 2679 1846 habendum
2692 1833 2707 1859 ,
2732 1801 2789 1848 ut
2810 1797 2871 1846 ad
2890 1811 3035 1861 quam
3054 1800 3329 1860 perventmi
3348 1801 3499 1849 siinus
3514 1814 3705 1862 omnm,

2150 1879 2239 1928 nisi
2272 1893 2359 1929 nos
2394 1882 2491 1932 t'ata
2518 1884 2869 1946 interceperint.
2934 1887 3033 1947 (25)
3060 1889 3223 1948 ltaque
3244 1889 3430 1938 veteres
3455 1889 3523 1938 illi
3542 1893 3707 1938 orato·

2150 1981 2251 2031 res,
2292 1969 2521 2032 Pericles,
2556 1971 2925 2032 Themistocles,
2958 1973 3209 2035 Aristides,
3244 1975 3329 2036 qui
3362 1975 3597 2026 dissimile
3622 1977 3707 2025 ‘ri-

2150 2058 2345 2107 mareho
2384 2070 2649 2121 cognomen
2684 2059 2857 2121 hahet,
2892 2061 3069 2122 quippe
3108 2060 3193 2122 qui
3223 2061 3381 2120 justus
3418 2061 3707 2124 appelletur,

2148 2146 2269 2196 adeo
2284 2145 2485 2195 modesti
2508 2146 2728 2207 suerunt,
2748 2148 2831 2207 ut,
2850 2147 2983 2209 quod
3004 2159 3133 2196 nunc
3156 2147 3217 2197 de
3234 2161 3370 2198 more
3390 2161 3565 2198 omnes
3588 2151 3709 2198 faci-

2148 2249 2283 2297 mus,
2305 2237 2359 2284 ut
2374 2237 2561 2297 prolata
2573 2247 2719 2284 manu
2739 2234 2981 2296 dieamus,
3004 2235 3053 2284 id
3070 2238 3177 2285 tum
3198 2235 3409 2286 audaciai
3430 2237 3706 2298 tribuam,

2150 2328 2199 2375 et
2236 2325 2542 2376 verecundati
2576 2326 2689 2376 sint.
2752 2323 2905 2386 cuius
2924 2335 3011 2386 ego
3032 2325 3391 2375 consuetudinis
3412 2338 3493 2374 me
3520 2338 3576 2375 re
3607 2327 3710 2388 ipsa

2149 2427 2375 2476 maguum
2414 2411 2551 2462 vobis
2580 2413 2913 2472 argumentum
2950 2413 3253 2462 ostensurum
3294 2411 3518 2464 arbitmr.
3584 2415 3711 2464 Satis

2150 2501 2277 2550 enim
2312 2500 2441 2560 seio,
2478 2513 2565 2548 vos
2602 2513 2769 2549 omnoe
2806 2499 3044 2560 trajecisse
3077 2499 3391 2560 Salaminem,
3434 2503 3485 2548 et
3520 2501 3711 2549 Solonis

2150 2592 2385 2650 spectasse
2407 2591 2613 2636 statuam
2642 2607 2654 2635 ε
2676 2587 2837 2648 itaque
2856 2585 2941 2648 ipsi
2973 2586 3135 2634 testari
3160 2585 3381 2647 potestis,
3406 2587 3635 2636 Solonem
3662 2589 3709 2635 in

2152 2676 2255 2725 loro
2278 2675 2641 2726 Salaminiorum
2659 2674 2864 2736 positum
2876 2685 2977 2724 esse
2986 2686 3129 2721 marm
3152 2671 3279 2722 intra
3292 2677 3471 2722 vestem
3484 2673 3697 2722 condita.

2152 2765 2275 2816 Illud
2300 2769 2373 2814 est
2394 2765 2787 2822 monumentum,
2806 2761 3132 2821 Athenienses,
3152 2763 3201 2808 et
3218 2760 3527 2810 simulacrum
3548 2765 3710 2824 gestus

2154 2853 2367 2912 Selenia,
2392 2865 2491 2913 quo
2512 2854 2651 2913 pacto
2678 2863 2789 2898 cum
2831 2848 3007 2910 populo
3044 2847 3399 2898 Atheniensium
3432 2861 3709 2897 sermonem

2152 2936 2385 2986 imbuerit.
2461 2936 2560 2996 (26)
2597 2933 2903 2983 considerate
2942 2935 3102 2981 autem
3118 2969 3132 2993 ,
3176 2934 3512 2992 Athenienses,
3558 2949 3709 2997 quan·

2150 3027 2257 3072 tum
2294 3023 2417 3072 inter
2453 3021 2673 3072 Solonem
2710 3023 2759 3070 et
2796 3020 3102 3070 Timarchum
3140 3021 3353 3082 intersit,
3376 3023 3427 3070 et
3458 3034 3544 3070 eos
3576 3022 3711 3070 τίκτω

2150 3123 2357 3172 quorum
2394 3109 2538 3170 paulo
2576 3111 2688 3158 ante
2720 3107 3013 3158 mentionem
3058 3107 3164 3158 teci.
3230 3108 3342 3157 lllos
3379 3109 3507 3156 enim
3538 3109 3711 3170 puduit

2151 3201 2345 3246 extenta
2368 3209 2513 3246 manu
2540 3196 2684 3244 verba
2704 3198 2887 3246 faeere:
2910 3195 2998 3246 iste
3020 3199 3183 3244 autem
3202 3207 3297 3244 non
3316 3195 3531 3246 olimsed
3554 3210 3711 3259 nuper

2150 3283 2408 3347 aliquando
2428 3283 2613 3344 abiecta
2638 3285 2769 3332 veste
2787 3283 2945 3332 nudus
2964 3284 3067 3332 toto
3086 3295 3287 3346 corpore
3309 3281 3515 3345 pugilem
3538 3284 3711 3344 agebat

2154 3370 2201 3418 in
2225 3371 2453 3420 concione
2476 3389 2487 3418 :
2514 3372 2562 3418 et
2586 3369 2779 3432 quidem
2798 3381 2999 3431 corpore
3025 3367 3089 3417 ob
3112 3369 3391 3418 ebrietatem
3418 3371 3469 3417 et
3486 3370 3710 3430 petulan-

2153 3448 2267 3506 tia'm
2293 3458 2359 3506 ita
2381 3457 2507 3506 male
2538 3457 2835 3519 turpiterque
2856 3457 3029 3506 affecto
3042 3493 3055 3516 ,
3083 3459 3137 3504 ut
3154 3455 3369 3506 homines
3390 3455 3574 3504 cordati
3592 3469 3709 3505 oeu—

2154 3549 2224 3596 los
2246 3545 2488 3604 velarent,
2514 3543 2885 3592 verecundantes
2902 3543 3173 3605 reipublicae
3196 3541 3379 3603 τίσω),
3402 3555 3513 3604 qum
3532 3543 3715 3592 talibus

2153 3633 2505 3685 consultoribus
2522 3634 2753 3682 uteretur.
2816 3633 2915 3691 (27)
2952 3631 3140 3688 Quibus
3166 3629 3306 3678 rebus
3338 3630 3579 3691 legislator
3600 3643 3713 3691 per-

2154 3721 2353 3785 spectis,
2390 3719 2531 3782 plane
2578 3717 2947 3778 demonstravit,
2993 3718 3169 3779 quibus
3208 3717 3461 3766 conciones
3496 3717 3597 3767 siut
3628 3718 3693 3766 ha

2154 3814 2347 3872 bendzc,
2370 3815 2419 3862 et
2447 3811 2623 3874 quibus
2652 3809 2779 3873 apud
2810 3811 3041 3873 populum
3060 3810 3206 3859 verba
3230 3809 3443 3859 iacienda
3470 3823 3565 3858 non
3594 3812 3711 3860 sint.

2154 3912 2317 3970 Neque
2330 3920 2445 3956 vero
2464 3919 2493 3954 a
2512 3907 2733 3966 suggestu
2750 3903 2933 3965 repellit
2950 3915 3241 3966 quanquam
3258 3904 3343 3964 qui
3360 3903 3465 3952 viro
3482 3904 3713 3965 prat-torio

2156 4003 2293 4049 natus
2314 4011 2409 4048 uon
2432 3999 2533 4057 est,
2557 3997 2643 4044 aut
2682 3994 2765 4057 qui
2796 3995 2951 4044 artem
2986 3994 3199 4055 aliquam
3224 3997 3417 4046 exercet
3444 3995 3602 4044 victus
3622 4007 3711 4056 pa-

2156 4091 2289 4142 randi
2321 4103 2463 4139 causa
2488 4105 2501 4136 ι
2542 4088 2623 4137 sed
2656 4089 2745 4136 hos
2776 4087 2851 4136 vel
2876 4087 3085 4136 maxime
3114 4086 3435 4148 amplectitur,
3470 4097 3627 4146 eaque
3652 4085 3717 4133 de

2156 4195 2299 4234 cansa
2324 4195 2449 4245 saepe
2476 4181 2760 4242 interrogat,
2786 4180 2894 4243 quis
2914 4179 3072 4228 diret-e
3094 4179 3210 4228 velit
3224 4181 3246 4226 Ρ
3310 4179 3409 4238 (28)
3432 4181 3571 4234 Quos
3594 4191 3717 4226 vero

2156 4289 2183 4324 a
2206 4271 2405 4323 dicendo
2432 4271 2635 4334 repulit?
2699 4273 2795 4329 Qui
2828 4273 3018 4333 turpem
3048 4271 3197 4320 vitam
3230 4271 3451 4332 egerunt,
3482 4283 3567 4318 eos
3592 4283 3715 4317 con·

2156 4365 2331 4415 cionari
2350 4377 2445 4414 non
2465 4363 2593 4414 sinit.
2617 4365 2776 4426 Atque
2796 4361 2879 4411 ubi
2902 4361 2951 4412 id
2976 4361 3216 4412 declarat?
3242 4365 3296 4410 ln
3318 4360 3473 4423 capite
3504 4363 3577 4408 De
3606 4373 3715 4408 ora·

2159 4461 2317 4507 torum
2339 4457 2680 4518 exploratione.
2746 4455 2795 4505 Si
2817 4455 2950 4516 quis,
2974 4453 3154 4516 inquit,
3171 4453 3360 4515 publice
3386 4451 3532 4501 verba
3559 4453 3718 4501 facete

2161 4551 2298 4609 velit,
2318 4551 2401 4614 qui
2427 4553 2610 4612 patrem
2632 4551 2718 4597 aut
2742 4552 2943 4596 matrem
2970 4546 3220 4610 verberat,
3248 4548 3450 4598 autnon
3484 4545 3567 4593 alit
3586 4580 3599 4598 .
3628 4549 3719 4594 aut

2158 4644 2225 4692 eis
2246 4644 2443 4690 domum
2468 4653 2563 4690 non
2582 4639 2781 4702 praebet,
2803 4638 2933 4687 hune
2952 4637 3099 4686 verba
3117 4636 3275 4686 facere
3292 4650 3389 4686 non
3404 4635 3535 4685 sinit.
3563 4634 3720 4696 idque

2159 4739 2287 4786 reete
2324 4735 2621 4794 mehercule,
2658 4745 2765 4782 mea
2797 4731 2991 4794 quidem
3032 4729 3282 4779 sententia.
3349 4729 3480 4776 Cur?
3532 4727 3719 4786 Quodsi

2158 4831 2267 4893 quis
2286 4842 2395 4890 erga
2413 4841 2494 4878 eos
2514 4827 2671 4878 officio
2692 4839 2783 4874 non
2804 4825 2826 4872 l
2826 4823 3035 4886 ungitur,
3054 4822 3137 4884 qui
3160 4822 3259 4884 pari
3275 4833 3387 4870 cum
3406 4819 3496 4870 diis
3520 4819 3719 4869 immor-

2158 4923 2333 4973 talibus
2358 4921 2541 4970 honore
2559 4920 2672 4968 sunt
2694 4915 2929 4966 afficiendi
2959 4930 2970 4964 :
3002 4915 3041 4964 is
3063 4927 3161 4977 quo
3196 4916 3335 4975 pacto
3353 4911 3471 4962 alios
3494 4911 3722 4962 homines
3793 4901 3806 4961 .³

2158 5014 2381 5064 tractabit
2407 5014 2455 5061 et
2480 5013 2639 5062 totam
2670 5009 2947 5059 civitatem?
3012 5007 3109 5068 (29)
3150 5005 3337 5062 Quibus
3364 5003 3579 5053 secundo
3609 5004 3721 5054 loco

2158 5105 2389 5156 habendis
2404 5103 2713 5154 concionibus
2734 5101 3017 5152 interdixit?
3079 5101 3127 5149 si
3146 5099 3279 5162 qiiis,
3300 5095 3483 5158 inquit,
3510 5096 3721 5158 impera-

2160 5201 2235 5248 tas
2254 5195 2345 5246 sibi
2376 5194 2703 5258 expeditiones
2723 5206 2821 5244 non
2856 5193 3057 5254 obierit,
3092 5192 3178 5240 aut
3212 5191 3433 5252 clypeum
3466 5185 3713 5247 abiecerit.
3802 5232 3804 5250 ,
