3825 5834
524 480 635 531 ¹86

520 591 616 665 μὲν
643 588 703 648 τὸ
726 593 879 665 σῶμα
906 590 976 656 εἷς
998 588 1059 647 τὸ
1087 590 1376 670 ἔμπροσθεν
1398 590 1597 671 πέφυκε
1614 590 1705 649 καὶ
1736 587 1960 669 βαδίζειν
1977 586 2068 645 καὶ

522 678 757 756 βλέπειν·
784 676 963 735 ἔπειτα
988 677 1053 735 τὰ
1078 678 1217 737 ὅπλα
1236 677 1397 745 οὕτως
1420 677 1634 757 εὕρηται
1661 677 1952 756 ἔμπροσθεν
1976 680 2067 734 τοῦ

520 762 760 839 σώματος
787 762 1176 843 προὸεὸλῆσθαι
1192 809 1209 836 ,
1237 766 1271 834 ἡ
1296 763 1389 839 μὲν
1414 764 1567 829 ἀσπὶς
1582 770 1672 823 τοῦ
1693 762 1769 839 μὴ
1792 759 2068 839 tupi-'im-

518 857 669 923 σθαι,
695 851 756 911 τὸ
796 851 851 909 δὲ
892 851 1013 931 δόρυ
1054 858 1144 910 τοῦ
1174 852 1485 929 ἀμύνεσθαι·
1520 850 1654 909 ὥστε
1693 850 1784 909 ἐὰν
1815 848 2068 928 βούλησθε

518 944 589 1007 εἷς
615 939 675 999 τὸ
712 938 1001 1018 ἔμπροσθεν
1032 938 1258 1017 βαδίζειν
1289 938 1375 997 ἐπὶ
1404 938 1463 997 τὸ
1490 937 1788 1017 μαχόμενον
1820 936 1901 995 ἀεὶ
1928 936 2068 993 πάν-

444 1055 495 1092 ιο
520 1052 632 1106 τες,
664 1026 934 1093 ἀκούοντες
959 1025 1027 1085 τὰ
1060 1026 1315 1103 λεγόμενα
1359 1026 1451 1085 καὶ
1492 1028 1559 1084 τὰ
1600 1022 2068 1105 παραγγελλόμενα

518 1120 780 1180 ποιοῦντες
796 1160 813 1185 ,
830 1112 1341 1189 ἀναμιμνησκόμενοι
1359 1117 1461 1171 τῶν
1483 1116 1689 1190 ἀγαθῶν
1705 1158 1722 1188 ,
1740 1109 2070 1195 παραθαρρύ-

518 1224 691 1264 νοντες
748 1198 1033 1269 ἀλλήλους,
1082 1204 1520 1277 καταφρονοῦντες
1566 1198 1661 1276 μὲν
1708 1206 1815 1265 τοῖς
1868 1196 2064 1277 ἔργοις,

520 1287 777 1356 ἀξιοῦντες
796 1286 849 1344 δὲ
874 1290 1136 1364 μάχεσθαι
1156 1286 1245 1342 καὶ
1266 1286 1486 1352 ἐκείνους
1508 1284 1845 1365 παρελθόντες
1859 1328 1876 1360 ,
1901 1288 2069 1341 ταῦτα

524 1374 962 1455 ὑπουργήσαντας,
994 1372 1091 1430 ὅσα
1122 1371 1183 1442 δὴ
1214 1371 1542 1450 ἀνθρώπινα,
1575 1372 1831 1441 νικήσετε.
1919 1370 1987 1428 Εἰ
2013 1367 2070 1425 δέ

516 1484 592 1529 τις
620 1466 763 1538 ὑμῶν
794 1460 1016 1528 ἀξιώσας
1055 1459 1171 1524 τοὺς
1201 1458 1293 1534 μὲν
1332 1458 1605 1535 πολεμίους
1649 1456 1827 1516 πλεῖόν
1850 1481 1901 1516 τι
1938 1448 2069 1514 εἶναι

517 1548 552 1619 ἢ
579 1547 875 1625 ἀνθρώπους
903 1546 993 1605 καὶ
1017 1544 1274 1625 ἀτρώτους
1298 1538 1427 1603 εἶναι
1444 1590 1459 1617 ,
1490 1545 1641 1613 αὐτὸς
1668 1545 1723 1603 δὲ
1753 1548 1821 1611 ὡς
1850 1542 2070 1617 μηδενὸς

520 1636 657 1705 ἄξιος
678 1634 1009 1713 ὗποχωρήσει
1025 1678 1041 1709 ,
1064 1638 1215 1691 τοῦτο
1232 1633 1493 1713 σωτηρίαν
1511 1633 1727 1707 νομίσας
1750 1623 1885 1690 εἶναι
1900 1678 1915 1704 ,
1932 1634 2070 1710 πρῶ·

438 1738 489 1780 15
518 1746 603 1781 τον
631 1722 725 1800 μὲν
751 1720 847 1793 τὴν
878 1720 1091 1799 γνώμην
1116 1719 1404 1794 ἡττημένος
1434 1720 1626 1791 ἀδικεῖ,
1653 1717 1726 1777 ἔτι
1750 1716 1804 1775 δὲ
1842 1716 2068 1791 ἔμπαλιν

518 1812 661 1888 αὐτῷ
686 1808 747 1867 τὸ
784 1813 937 1885 σῶμα
964 1814 1052 1865 τοῦ
1079 1806 1228 1885 ἔργου
1256 1807 1481 1888 πεφυκὸς
1508 1806 1573 1865 τὰ
1604 1805 1809 1865 ἐναντία
1835 1794 1908 1872 οἷς
1940 1804 2067 1883 βού-

516 1898 665 1954 λεται
690 1894 1026 1973 ὑπουργήσει.
1114 1896 1205 1958 Εἷς
1231 1892 1501 1950 τοῦπισθεν
1530 1892 1624 1970 μὲν
1645 1891 1745 1971 γὰρ
1774 1890 1879 1949 οὗθ’
1902 1894 1951 1949 οἳ
1978 1892 2068 1950 πό-

519 1985 600 2050 δες
620 1981 906 2053 πεφύκασιν
930 1983 1219 2059 ἀναχωρεῖν
1239 1978 1345 2038 οὗθ’
1361 1984 1408 2038 οἱ
1427 1980 1680 2059 ὀφθαλμοὶ
1702 1982 1825 2060 δρᾶν
1843 1978 2068 2046 οὐδενός,

520 2071 641 2150 δίχα
682 2067 738 2128 δὲ
778 2068 1071 2149 διαιρεθεὶς,
1108 2071 1183 2148 τῷ
1212 2070 1501 2147 ἀναχωρεῖν
1544 2068 1813 2145 ὑπηρετῶν
1856 2064 1946 2122 καὶ
1981 2063 2068 2122 τὸν

516 2156 730 2215 ἐπιόντα
760 2155 871 2231 ἅμα
909 2154 1141 2213 κίνδυνον
1168 2154 1441 2234 φυλάττων
1472 2152 1607 2212 κατὰ
1648 2152 1831 2233 φύσιν,
1869 2152 2072 2230 ταχέως

520 2244 609 2303 καὶ
649 2242 735 2301 τὸν
778 2242 1090 2315 ἀντιστάτην
1128 2243 1186 2301 οὗ
1232 2241 1507 2313 δυνήσεται
1534 2240 1843 2317 ἀμύνεσθαι·
1886 2238 1978 2297 ἐὰν
2013 2238 2070 2296 δὲ

444 2352 499 2388 20
522 2330 867 2410 ἀναστραφεὶς
902 2328 1035 2397 ἀξιοῖ
1068 2329 1273 2410 φεύγειν
1305 2331 1373 2395 ὡς
1402 2327 1836 2409 ἀποφευξόμενος,
1862 2329 2068 2407 πρῶτον

520 2418 616 2493 μὲν
640 2418 709 2477 τὰ
736 2417 909 2497 γυμνὰ
944 2421 1047 2484 τοῖς
1092 2416 1357 2492 πολεμίοις
1380 2416 1531 2484 δείξει
1550 2458 1567 2490 ,
1598 2418 1651 2473 ἐν
1681 2404 1754 2481 οἷς
1784 2410 2070 2495 τιτρώσκε-

518 2510 638 2563 σθαι
666 2502 701 2575 ἢ
726 2504 989 2583 μάχεσθαι
1023 2503 1253 2580 ἀνάγκη,
1276 2501 1456 2561 ἔπειτα
1481 2501 1662 2559 πολλοὶ
1689 2500 1777 2559 καὶ
1814 2506 1994 2581 κοῦφοι
2022 2500 2070 2557 οἱ

522 2590 817 2669 διωξόμενοι
863 2590 1160 2647 ἀκοντισταὶ
1202 2589 1291 2647 καὶ
1336 2589 1675 2669 σφενδονῆται
1703 2587 1794 2645 καὶ
1834 2585 2068 2659 τοξόται,

521 2678 608 2745 οὓς
648 2678 761 2737 οὔτι
788 2676 975 2744 αὐτοὺς
1004 2676 1176 2759 ῥᾴδιόν
1221 2679 1359 2735 ἔστιν
1389 2678 1671 2757 ἀποφυγεῖν
1696 2674 1811 2734 οὕτε
1838 2675 1903 2733 τὰ
1941 2674 2069 2753 βέλη

520 2767 690 2825 αὖτῶν
712 2757 866 2837 ἧττον
894 2762 971 2821 ἔτι
998 2764 1201 2841 πολλῷ·
1230 2766 1258 2820 ὁ
1282 2760 1381 2842 γὰρ
1404 2762 1647 2839 τάχιστος
1672 2760 1801 2841 ἀνὴρ
1823 2766 1911 2819 τοῦ
1943 2766 2068 2839 βρα·

519 2851 741 2911 δυτάτου
783 2848 1093 2927 τοξεύματος
1139 2849 1255 2907 οὐδὲ
1303 2848 1455 2929 μέρος
1496 2852 1785 2927 ταχυτῆτος
1824 2846 2067 2928 παρέχει.

519 2940 587 2997 Εἰ
610 2928 697 2995 οὗν
720 2960 797 3005 τις
826 2939 971 3012 ὑμῶν
1005 2936 1307 3015 φιλοψυχῶν
1335 2934 1756 3012 παρεσκεύασται
1781 2934 2069 3013 ἀναχωρεῖν

444 3023 555 3096 κῆ
586 3024 818 3106 φεύγειν,
844 3022 933 3081 ἵνα
960 3025 1135 3100 σωθῇ,
1176 3023 1269 3079 οὐκ
1298 3024 1457 3098 ὀρθῶς
1484 3020 1727 3098 γινώσκει
1752 3020 1811 3079 τὸ
1844 3023 2070 3102 φιλοψυ-

518 3114 632 3190 χεῖν
659 3110 691 3169 ὅ
714 3134 765 3169 τι
796 3109 935 3169 ἔστιν
951 3132 965 3146 ·
991 3110 1044 3167 ἐν
1068 3106 1169 3188 γὰρ
1196 3110 1271 3187 τῷ
1300 3106 1469 3182 με’νειν
1492 3108 1581 3166 καὶ
1610 3108 1769 3183 ὁμόσε
1794 3114 1985 3187 χωρεῖν
2009 3110 2068 3166 οὔ

522 3198 677 3274 μόνον
714 3195 813 3269 τὴν
859 3201 1019 3255 αὖτοῖ
1067 3193 1204 3253 ἀλλὰ
1246 3194 1337 3253 καὶ
1372 3193 1463 3261 τὰς
1504 3196 1605 3251 τῶν
1642 3193 1770 3253 οἴκοι
1812 3193 2070 3270 μενόντων

632 3284 691 3352 ὰς
712 3282 884 3352 σώζει.

520 3289 647 3435 ³1¹⁰}-
691 3374 759 3433 Εἰ
795 3371 890 3447 μὲν
930 3361 1019 3429 οὖν
1052 3360 1111 3429 εἷ
1148 3370 1261 3451 ᾔδει
1296 3392 1370 3435 τις
1412 3369 1493 3427 ὅτι
1526 3370 1670 3429 τόνδε
1712 3369 1799 3427 τὸν
1841 3367 2071 3426 κίνδυνον

522 3460 810 3541 διαφυγών,
846 3462 960 3535 μεθ’
988 3458 1175 3529 ἡδονῆς
1202 3457 1287 3515 τὸν
1320 3456 1585 3515 ἐπίλοιπον
1618 3455 1802 3537 χρόνον
1840 3456 2068 3514 διατελέ·

525 3571 644 3620 σας,
668 3546 759 3605 σὺν
779 3545 986 3625 εὐκλείᾳ
1008 3543 1334 3617 τελευτήσει,
1354 3534 1491 3622 εἶχεν
1514 3542 1575 3601 ἂν
1600 3543 1751 3621 λόγον
1774 3540 1889 3601 τινὰ
1907 3546 1942 3612 ἡ
1973 3566 2072 3601 κα-

522 3635 639 3693 κία·
668 3640 757 3692 ν’ὗν
786 3634 840 3692 δὲ
870 3632 1053 3691 πολλοὶ
1086 3632 1209 3707 (καὶ)
1242 3630 1394 3690 κακοὶ
1430 3629 1661 3698 δόξαντες
1696 3620 1856 3700 εἶναι,
1899 3628 2070 3705 ὀλίγον

522 3721 702 3801 χρόνον
737 3726 987 3799 βιοῦντες,
1012 3718 1095 3777 διὰ
1118 3716 1211 3789 τὴν
1238 3718 1511 3777 δύσκλειαν
1540 3716 1815 3792 ἀνιώμενοι
1843 3717 1932 3773 καὶ
1957 3716 2068 3773 ἅτι·

441 3831 494 3871 ³0
524 3831 611 3884 μοι
638 3807 763 3887 παρ’
790 3807 1007 3882 ἐντίμοις
1042 3806 1184 3873 ὄντες
1210 3810 1386 3872 κακῶς
1418 3805 1505 3863 τὸν
1546 3802 1811 3862 ἐπίλοιπον
1840 3802 1952 3879 βίον
1983 3825 2071 3861 τερ

520 3894 861 3965 λευτήσαντες
882 3892 1050 3963 ὀνείδη
1068 3894 1172 3959 τοῖς
1190 3892 1341 3952 παισὶ
1366 3892 1787 3971 καταλείψουσιν.
1834 3890 1986 3949 Ἐπεὶ
2016 3888 2070 3947 δὲ

521 3981 826 4061 πεφύκαμεν
878 3982 971 4039 οὐκ
1017 3980 1291 4052 ἀθάνατοι,
1337 3985 1437 4037 ποῦ
1477 3979 1687 4037 κάλλιον
1730 3976 2070 4048 ἀποθνήσκειν

522 4069 555 4139 ἢ
587 4067 711 4148 ὑπὲρ
734 4059 806 4127 ὧν
830 4067 932 4147 χρὴ
956 4072 1267 4147 τιμωροῦσις
1290 4066 1442 4124 ποίαν
1466 4066 1630 4136 ἄλλην
1660 4063 1844 4145 ἀρετὴν
1868 4062 2071 4141 κτωμέ-

522 4179 664 4227 νους,
695 4164 837 4220 ποῖος
861 4154 1017 4223 ἡδίων
1048 4155 1291 4231 θάνατος;
1318 4155 1447 4221 τίνες
1475 4153 1826 4231 εὐκλεέστεροι
1856 4153 1902 4210 οἳ
1935 4153 2060 4209 ἀπο·

521 4244 757 4309 θανόντες
776 4242 809 4313 ἢ
830 4240 963 4301 οὕτω
986 4242 1407 4314 τελευτήσαντες
1425 4238 1672 4317 δημοσίου
1696 4238 1860 4317 τάφου
1882 4236 2070 4304 ἀξιοῦν-

520 4354 633 4404 ται,
662 4330 833 4389 θυσίαι
872 4330 959 4387 ἐπὶ
992 4328 1187 4395 τούτοις
1214 4327 1504 4407 γίγνονται,
1536 4330 1728 4404 ἀγῶνες
1762 4324 1851 4383 ἐπὶ
1875 4324 2073 4391 τούτοις

443 4444 495 4483 85
522 4419 778 4493 τίθενται,
802 4418 917 4477 ἀντὶ
940 4422 1121 4487 θνητοῦ
1148 4416 1390 4495 σώματος
1417 4416 1672 4474 ἀθάνατον
1706 4415 1889 4488 μνῆμα
1915 4433 2072 4469 κατα·

519 4508 803 4567 λείπουσιν.
885 4507 955 4565 Οἱ
976 4504 1031 4563 δὲ
1052 4504 1245 4563 τούτων
1264 4506 1447 4569 παῖδες
1472 4500 1695 4578 δημοσία
1712 4497 2041 4577 ἐκτρέφονται
2054 4543 2070 4571 ,

518 4594 803 4673 τιμώμενοι
832 4592 1175 4669 πανοπλίαις,
1205 4590 1528 4670 προεδρίαις,
1560 4584 1944 4661 θαυμαζόμενοι
1980 4584 2068 4642 καὶ

520 4688 573 4743 ἐν
590 4694 761 4764 χοροῖς
788 4682 879 4741 καὶ
905 4684 958 4740 ἐν
985 4679 1287 4759 γυμνασίοις
1306 4678 1396 4736 καὶ
1416 4684 1528 4740 ταῖς
1552 4674 1733 4737 ἄλλαις
1756 4670 2065 4738 συνουσίαις.

519 4776 643 4837 Τοῖς
670 4772 725 4830 δὲ
753 4774 810 4829 ἐκ
830 4772 977 4828 τοῦδε
995 4774 1085 4827 τοῦ
1122 4766 1353 4827 κινδύνου
1374 4762 1611 4821 σωθεῖσιν
1626 4803 1642 4832 ,
1664 4758 1906 4837 ἀνδράσιν
1933 4760 2070 4836 ἀγα-

520 4852 620 4916 θ>ῖς
638 4848 951 4927 γενομένοις,
972 4848 1233 4910 ἀκίνδυνος
1250 4848 1277 4903 ὁ
1296 4842 1473 4907 λοιπὸς
1496 4838 1601 4917 βίος
1626 4835 2069 4915 μακαριζομένοις

521 4938 572 4993 ἐν
596 4937 787 5002 πάσαις
808 4932 1183 5012 πανηγύρεσιν,
1209 4934 1259 4989 ἐν
1284 4928 1476 4992 πάσαις
1497 4924 1751 5003 θεωρίαις.
1835 4926 1905 4981 Οἱ
1933 4922 2070 5001 φίλοι

444 5042 497 5082 40
519 5023 714 5089 τούτοις
740 5020 877 5101 φίλοι
906 5021 1032 5078 εἰσίν
1050 5066 1065 5091 ,
1089 5020 1135 5078 οἱ
1161 5014 1333 5095 ἐχθροὶ
1357 5020 1463 5079 τοῖς
1492 5010 1733 5075 τοιούτοις
1758 5008 2070 5087 ὓπερεύχον-

521 5131 635 5181 ται,
662 5118 767 5173 πᾶς
796 5107 929 5185 ἀνὴρ
960 5107 1224 5172 ξενοῦσθαι
1256 5100 1499 5179 βούλεται
1526 5100 1587 5157 ἐκ
1614 5099 1799 5154 τῶνδε·
1838 5095 1932 5153 καὶ
1971 5119 2070 5172 γα-

1446 456 2014 519 ΛΕΣΒΩΝΑΚΤΟΣ
2055 456 2656 519 ΠΡΟΤΡΕΠΤΙΚΟΣ
2697 462 2766 520 Α.

2157 596 2368 658 primum
2381 610 2600 660 prorsum
2613 598 2681 647 ire
2691 602 2738 647 et
2751 599 3020 663 prospicere
3032 604 3202 651 natura
3214 602 3332 652 solet
3345 619 3360 663 ;
3371 602 3546 653 deinde
3558 618 3706 653 umo-

2159 724 2268 761 rum
2279 724 2336 762 ea
2345 714 2416 761 est
2435 713 2555 761 ratio
2575 714 2628 761 ut
2639 713 2824 776 comori
2845 718 3202 778 praeponantur,
3217 717 3409 767 scutum
3423 717 3486 767 ad
3497 720 3706 769 cavenda

2159 821 2386 882 vulnera,
2419 821 2553 871 hasta
2579 821 2639 871 ad
2675 822 2918 872 inferenda
2943 844 2955 873 :
2981 826 3208 886 quocirca
3231 827 3270 875 si
3301 830 3462 878 cuncti
3489 843 3708 891 prorsum

2158 932 2328 981 voletis
2359 932 2410 981 in
2439 945 2652 995 pugnam
2681 934 2965 995 procedere,
2987 938 3094 985 tum
3119 936 3264 999 juss'n
3300 938 3708 1002 obtemperantes.

2157 1044 2264 1092 tum
2291 1042 2528 1091 bonorum
2563 1043 2892 1095 recordatione
2915 1058 3004 1096 vos
3031 1048 3234 1098 invicem
3261 1050 3606 1101 confirmantes
3619 1088 3636 1113 ,
3666 1056 3712 1101 et

2159 1156 2371 1213 iynavos
2393 1156 2777 1216 contemnentes,
2802 1168 2976 1218 eosque
2997 1160 3314 1221 praetergressi
3341 1173 3554 1223 pugnam
3589 1160 3709 1211 desi·

2158 1260 2378 1311 (letantes
2400 1281 2410 1310 :
2428 1261 2535 1311 brec
2551 1262 2590 1311 si
2611 1262 2896 1325 praestabitis
2907 1302 2922 1327 ,
2937 1268 3174 1329 qnantum
3191 1281 3268 1317 res
3283 1268 3512 1319 humanm
3525 1271 3708 1329 ferunt,

2159 1372 2378 1421 vincetis.
2443 1373 2526 1423 Sin
2539 1373 2712 1435 aliquis
2723 1374 2884 1426 hostes
2901 1376 3008 1439 plus
3026 1391 3172 1440 quam
3189 1379 3419 1441 homines,
3437 1394 3534 1430 nec
3551 1384 3710 1431 vnlne-

2159 1486 2251 1535 rari
2271 1500 2408 1549 posse
2429 1488 2734 1551 existimans,
2753 1492 2804 1539 et
2821 1502 2924 1540 sese
2938 1492 3072 1541 nihili
3089 1492 3260 1542 faciens
3273 1530 3288 1555 ‚
3309 1493 3469 1554 fugam
3490 1496 3543 1544 in
3563 1498 3710 1547 salute

2157 1597 2303 1659 ponet
2320 1632 2335 1657 ,
2357 1596 2398 1647 is
2418 1599 2626 1659 primum
2651 1600 2845 1651 consilio
2861 1602 3093 1665 vincetur,
3109 1604 3280 1653 deinde
3292 1618 3470 1669 corpus
3485 1606 3551 1656 ita
3567 1621 3708 1670 quum

2157 1710 2220 1759 sit
2241 1710 2418 1759 natura
2437 1710 2638 1773 factum,
2652 1714 2708 1761 ut
2731 1716 2961 1776 repugnet
2977 1716 3108 1777 operi
3131 1716 3201 1766 illi
3233 1716 3366 1779 quod
3387 1724 3524 1769 retro
3545 1719 3710 1769 cedens

2158 1814 2306 1875 agitat
2319 1852 2334 1877 ,
2355 1815 2590 1867 voluntati
2617 1817 2798 1867 domini
2825 1818 2898 1867 sni
2923 1819 3158 1868 contraria
3179 1821 3340 1870 omnin
3362 1822 3510 1871 faciet
3525 1850 3588 1859 —
3606 1836 3708 1871 nam

2159 1922 2286 1969 retro
2313 1920 2508 1984 quidem
2541 1934 2630 1971 nec
2653 1922 2798 1985 pedes
2827 1925 3110 1988 cujusquam
3135 1928 3314 1990 possint
3339 1930 3602 1990 procedere
3629 1944 3708 1978 nec

2157 2024 2284 2073 oculi
2312 2026 2582 2087 prospicere
2598 2056 2679 2089 —,
2703 2026 2776 2077 sin
2807 2028 3023 2078 bifariam
3055 2030 3260 2093 incedat,
3289 2044 3348 2079 ac
3385 2031 3534 2081 simul
3567 2035 3615 2081 et
3641 2046 3705 2081 re-

2157 2127 2318 2190 ceptui
2337 2126 2420 2177 det
2443 2142 2635 2191 operam
2655 2134 2704 2180 et
2721 2130 2976 2181 imminens
2991 2135 3160 2183 cavent
3176 2133 3406 2184 accedens
3423 2138 3706 2197 periculum,

2159 2245 2270 2280 mox
2297 2231 2623 2283 adversarium
2641 2234 2895 2287 defendere
2907 2250 3006 2286 non
3027 2239 3204 2299 poterit
3229 2259 3240 2287 :
3259 2240 3334 2289 sin
3351 2245 3488 2300 tergo
3503 2241 3708 2291 hostibus

2157 2337 2362 2387 obverso
2397 2338 2558 2401 fugam
2591 2342 2746 2403 (παρίοι
2779 2343 2838 2391 ut
2871 2342 3116 2404 aufugiat,
3139 2343 3346 2407 primum
3373 2345 3533 2395 nudas
3563 2349 3707 2408 partes

2159 2442 2375 2492 hostibus
2407 2444 2627 2494 ostendet
2643 2482 2658 2507 ‚
2692 2447 2742 2495 et
2772 2447 2848 2497 vel
2881 2447 3078 2497 vulnera
3107 2450 3180 2498 vel
3208 2462 3412 2512 pugnam
3450 2452 3706 2501 necessario

2159 2545 2364 2609 subibit,
2385 2546 2557 2597 deinde
2587 2550 2726 2599 multi
2747 2562 2806 2599 ac
2824 2550 2952 2599 leves
2963 2564 3074 2600 eum
3093 2556 3436 2615 persequentur
3455 2554 3706 2603 funditoris

2159 2663 2219 2699 ac
2239 2651 2499 2714 sagittarii,
2523 2665 2646 2715 quos
2666 2666 2756 2703 nec
2773 2654 2898 2717 ipsos
2915 2655 3092 2705 nedum
3112 2657 3211 2707 tela
3231 2670 3398 2707 eorum
3422 2664 3575 2721 quent
3600 2674 3704 2708 em·

2157 2756 2298 2818 dere;
2339 2757 2576 2819 siquidem
2613 2760 2718 2807 viro
2752 2760 3001 2809 celerrimo
3035 2760 3356 2811 tardissimum
3395 2766 3473 2811 est
3505 2763 3706 2824 jacintum

2161 2860 2298 2923 longe
2317 2859 2550 2911 velocius.
2585 2864 2909 2925 Quapropter,
2922 2864 2962 2911 si
2975 2863 3084 2926 quis
3096 2862 3156 2912 de
3173 2864 3310 2913 vobis
3328 2864 3446 2913 vitm
3474 2865 3706 2914 studiosus

2159 2967 2407 3025 receptum
2432 2965 2508 3015 vel
2527 2965 2686 3027 fugam
2705 2964 2766 3014 ad
2784 2965 2986 3017 salutem
3007 2966 3284 3028 metiuntur,
3301 2981 3398 3018 non
3421 2972 3555 3019 recte
3581 2968 3702 3017 vide·

2160 3070 2240 3117 tur
2261 3067 2376 3130 quid
2411 3068 2474 3118 sit
2493 3069 2605 3118 vitre
2641 3070 2854 3120 studium
2878 3084 3162 3135 cognoscere
3183 3088 3196 3119 :
3216 3072 3301 3136 qui
3320 3073 3446 3121 enim
3477 3078 3636 3122 manet
3662 3076 3702 3121 et

2159 3170 2478 3235 congreditur,
2505 3172 2546 3229 is
2568 3186 2664 3223 non
2685 3187 2820 3223 suam
2846 3176 3036 3225 tantum
3057 3176 3142 3226 sed
3164 3178 3308 3226 etiam
3339 3177 3702 3227 domesticorum

2159 3275 2308 3325 vitam
2326 3276 2594 3325 conservat.

2169 3446 2178 3453 ·
2223 3386 2266 3429 5.
2297 3381 2410 3429 Jam
2425 3380 2466 3429 si
2481 3380 2590 3443 quis
2605 3382 2738 3429 oerto
2763 3394 2816 3431 se
2835 3380 3004 3441 sciret,
3025 3394 3178 3443 quum
3201 3382 3294 3431 boc
3325 3383 3554 3432 evasisset
3591 3381 3702 3443 peri-

2160 3481 2351 3541 culum,
2375 3480 2620 3543 reliquum
2647 3480 2761 3531 vitm
2791 3484 2981 3546 tempus
3019 3482 3067 3531 in
3103 3482 3250 3544 gloria
3287 3486 3435 3545 atque
3469 3484 3702 3544 voluptate

2159 3584 2512 3631 transacturum
2531 3618 2548 3643 ,
2589 3582 2802 3645 aliquam
2837 3584 3036 3633 liaberet
3070 3584 3258 3645 ignavia
3289 3584 3524 3634 rationem
3549 3600 3562 3631 ε
3587 3594 3704 3631 niune

2159 3687 2320 3735 nutem
2337 3684 2480 3733 multi
2501 3698 2587 3747 pro
2609 3684 2788 3747 ignavis
2805 3684 2973 3747 habiti,
2991 3684 3172 3747 reliqua
3187 3686 3299 3733 vit-'e
3315 3690 3448 3747 parte
3465 3698 3561 3733 non
3577 3684 3702 3743 longa

2161 3788 2331 3837 misere
2367 3800 2451 3849 per
2471 3786 2819 3850 turpitudinem
2846 3790 2894 3835 et
2923 3787 3168 3837 infamiam
3197 3790 3464 3851 transacta,
3486 3786 3702 3851 probrum

2161 3888 2320 3938 liberis
2355 3887 2640 3948 relinquent.
2706 3888 2768 3936 Et
2814 3886 3041 3948 quoniam
3081 3886 3378 3935 immortales
3413 3899 3512 3935 non
3551 3897 3702 3935 sumus

2159 3990 2257 4039 nati
2275 4024 2289 4051 ,
2305 4000 2513 4050 quonam
2529 3986 2774 4037 honestius
2785 3990 2926 4049 pacto
2943 3998 3087 4047 quam
3103 3998 3226 4046 quos
3245 3984 3498 4047 oportebat
3513 3981 3702 4033 defensis

2162 4090 2454 4139 moriamur?
2519 4090 2752 4145 Qua-nam
2785 4088 2848 4136 sit
2873 4098 3002 4136 mors
3015 4084 3304 4146 iucundior?
3331 4084 3530 4146 quinam
3549 4081 3702 4145 glorio-

2160 4192 2305 4241 siores
2323 4188 2536 4239 mortui?
2559 4190 2747 4239 Etenim
2771 4186 2854 4249 qui
2875 4186 3022 4235 talem
3045 4184 3280 4247 oppetunt
3299 4184 3532 4244 mortem,
3557 4182 3604 4229 in
3627 4194 3699 4229 co·

2159 4306 2268 4342 rum
2293 4294 2439 4342 decus
2471 4292 2716 4355 publicum
2759 4290 3026 4340 exstruitur
3059 4290 3360 4352 sepulcrum,
3393 4302 3530 4338 sacra
3565 4286 3698 4340 fiunt,

2160 4396 2461 4447 celebrantur
2480 4394 2768 4453 certamina,
2799 4405 2980 4455 proque
3007 4390 3196 4440 mortali
3211 4403 3412 4453 corpore
3435 4400 3698 4439 monumen·

2159 4502 2262 4547 tum
2279 4499 2472 4559 paratur
2489 4493 2774 4543 immortale.
2799 4498 2865 4543 Ac
2887 4492 3060 4539 horum
3078 4489 3216 4539 liberi
3229 4489 3418 4551 publice
3435 4489 3642 4544 aluntur,
3659 4486 3702 4533 et

2163 4600 2352 4666 integris
2377 4600 2638 4651 armaturis
2665 4610 2722 4647 ac
2761 4596 2926 4660 primis
2951 4594 3185 4643 subselliis
3219 4593 3536 4653 honorantur,
3571 4593 3702 4653 inque

2159 4701 2316 4751 choris
2353 4702 2404 4750 et
2427 4698 2686 4763 gymnasiis
2705 4700 2754 4746 et
2779 4696 2885 4745 aliis
2909 4694 3226 4743 conventibus
3245 4692 3550 4743 admirationi
3583 4694 3700 4739 sunt.

2159 4796 2250 4853 Qui
2269 4810 2413 4858 porro
2439 4794 2706 4858 periculum
2730 4793 2822 4841 boc
2835 4804 2918 4855 per
2933 4790 3260 4839 fortitudinem
3276 4788 3534 4849 evaserint,
3553 4788 3582 4836 ii
3607 4784 3699 4833 reli·

2159 4906 2304 4958 quam
2323 4892 2472 4942 vitam
2495 4904 2662 4941 secure
2683 4903 2797 4939 cum
2821 4892 3050 4953 perpetua
3071 4898 3156 4949 per
3176 4898 3346 4936 omnes
3366 4887 3626 4935 conventus
3651 4894 3701 4929 ac

2159 5002 2357 5055 pompas
2375 4989 2517 5039 leude
2535 4989 2730 5050 degunt.
2754 4986 2838 5037 llis
2855 4984 2994 5034 amici
3014 4985 3128 5033 sunt
3144 4984 3284 5031 amici
3300 5020 3315 5044 ,
3335 4996 3427 5044 pro
3447 4982 3520 5031 his
3535 4976 3698 5030 inimici
3789 5022 3791 5051 :

2159 5086 2488 5147 intercedunt,
2513 5098 2596 5148 per
2618 5085 2705 5133 hos
2724 5083 2880 5147 quivis
2903 5082 3108 5145 hospitio
3129 5082 3234 5129 vult
3265 5080 3458 5144 excipi3
3489 5082 3538 5128 et
3555 5074 3696 5125 affini-
3789 5136 3791 5153 Ι

526 5196 685 5274 μετ-ὰς
712 5193 1003 5276 προθύμους
1032 5192 1092 5251 ἂν
1122 5190 1311 5268 εὕροις·
1345 5179 1481 5247 οὗτοι
1510 5184 1853 5265 γηράσκοντες
1892 5182 2068 5239 εὖδαι-
2162 5186 2283 5234 tates
2301 5195 2468 5233 eorum
2488 5180 2661 5245 cupide
2678 5180 2845 5231 ambiri
2874 5178 3086 5228 invenias
3115 5199 3125 5226 :
3159 5177 3206 5225 lii
3238 5177 3286 5226 in
3320 5176 3564 5227 senectute
3587 5168 3696 5220 beati
3790 5204 3791 5207 η
