3825 5834
536 419 643 467 isso

522 589 606 634 νος
649 566 969 646 σφάλλεσθαι
1013 564 1105 630 τὰς
1150 562 1360 629 ἐλπίδας
1390 565 1493 619 τῶν
1534 562 1661 637 ἡμῖν
1700 561 2068 620 πιστευόντων.

523 653 648 712 Ἀπὸ
688 662 810 729 μιᾶς
838 643 923 709 οὗν
960 651 1145 729 τέχνης
1186 649 1483 729 ὁρμώμενος
1522 652 1673 724 ἡμῶν
1712 670 1769 707 τε
1792 648 2071 729 κρατήσειν

520 741 683 800 οἴεται
718 740 809 799 καὶ
836 738 1027 798 τούτοιν
1058 730 1129 797 ὧν
1159 740 1229 796 δι’
1256 742 1397 813 ἡμᾶς
1424 739 1518 794 οὐκ
1548 735 1711 815 ἄρξει.
1797 739 1985 796 Ταῦτα
2015 734 2070 793 δὲ

518 830 766 909 πρότερον
794 830 909 899 ἐξῆν
946 827 1165 894 εἰκάζειν
1191 831 1347 901 ἡμῖν,
1382 831 1469 884 νῦν
1506 824 1561 883 δὲ
1588 828 1763 904 σαφῶς
1801 823 2072 903 γινώσκειν

520 917 653 997 ἔργῳ
672 916 992 995 πάσχοντας.
1076 905 1155 999 ἳᾬ
1182 913 1282 993 γὰρ
1306 912 1577 972 ἁλίσκεται
1602 912 1835 988 μάλιστα
1857 912 1948 971 καὶ
1969 910 2070 968 πό-

443 1022 497 1060 2⁵
518 1009 595 1073 λις
616 1006 703 1064 καὶ
726 1005 875 1083 χώρα
894 1048 907 1075 ,
927 1006 1077 1063 τοῦτο
1101 1003 1159 1061 τὸ
1182 1000 1374 1081 χωρίον
1398 1003 1491 1059 οὔκ
1512 1000 1691 1059 ἔλαθεν
1714 1000 1869 1058 αὐτὸν
1896 1000 2070 1059 ἰδόντα

520 1092 891 1161 στασιάζοντας
913 1095 1053 1167 ἡμᾶς
1084 1090 1268 1155 αὐτούς
1284 1134 1299 1160 ,
1325 1086 1463 1147 ἀλλὰ
1492 1086 1625 1162 μετὰ
1648 1091 1749 1145 τῶν
1774 1087 1961 1165 ὀλίγων
1985 1086 2072 1145 ἐπὶ

518 1180 730 1245 τούτους
756 1178 955 1245 πάντας
980 1179 1071 1235 οὐκ
1110 1175 1345 1249 ὤκνησεν
1382 1178 1567 1235 ἐλθεῖν.
1654 1173 1946 1235 Ἢπίστατο
1971 1174 2072 1254 γὰρ

518 1267 680 1325 ἐλθὼν
708 1266 786 1323 ὅτι
812 1266 915 1329 τοῖς
940 1266 1151 1331 πολλοῖς
1176 1263 1268 1339 μὲν
1294 1263 1631 1346 ἐπιχειρήσας
1654 1260 1795 1321 οὐδὲν
1826 1262 1890 1319 ἂν
1913 1260 2069 1340 ἔπρα·

520 1354 601 1421 ξεν
639 1346 711 1412 ὧν
740 1352 981 1410 §tiodiem
1012 1350 1150 1423 (τοὺς
1188 1352 1286 1429 γὰρ
1318 1349 1708 1428 ἀσθενεστέρους
1738 1370 2074 1425 συγκαταπο-

518 1440 755 1517 λεμήσας
779 1441 871 1497 οὐκ
896 1436 1065 1517 ἄρξειν
1093 1440 1197 1495 τῶν
1226 1438 1477 1495 πλειόνων
1506 1436 1719 1511 ἔμελλεν
1737 1460 1751 1473 ·
1779 1436 1949 1494 ἱκανοὶ
1973 1434 2072 1515 γὰρ

518 1518 651 1599 ἦσαν
696 1524 758 1585 ἂν
801 1524 955 1583 αὐτὸν
984 1522 1332 1600 ἂμύνασθαι)·
1362 1527 1405 1581 εἰ
1434 1524 1491 1581 δὲ
1532 1522 1647 1590 τοὺς
1684 1521 1905 1589 πολλοὺς
1940 1523 2072 1597 μετὰ

519 1619 622 1674 τῶν
642 1614 827 1690 ὀλίγων
848 1611 1264 1691 καταστρέψαιτο
1278 1657 1291 1682 ,
1316 1611 1503 1691 ῥαδίως
1522 1611 1769 1669 ἁπάντων
1790 1609 1922 1687 ᾤετο
1943 1632 2072 1687 κρα-

439 1718 493 1757 30
521 1702 716 1773 τήσειν.
802 1698 961 1761 Οὕτω
1004 1697 1098 1775 μὲν
1146 1700 1299 1757 αὐτὸν
1348 1699 1621 1777 βούλεσθαι
1661 1697 1889 1778 πέφυκεν
1935 1702 2074 1774 ἡμᾶς

520 1788 837 1857 στασιάζειν.
883 1790 949 1847 Εἰ
972 1788 1017 1843 δ’
1047 1788 1189 1865 αὐτῷ
1212 1792 1379 1845 ταῦτα
1406 1785 1683 1867 συμφέρει,
1706 1786 1797 1843 καὶ
1819 1786 2074 1863 πράσσειν

520 1876 683 1935 οἴεσθε
711 1874 887 1935 αὐτόν.
970 1873 1047 1935 Τὸ
1081 1875 1126 1931 δ’
1158 1874 1352 1932 ἐκείνου
1379 1873 1641 1955 συμφέρον
1665 1872 1785 1933 ὅσον
1812 1880 1940 1951 ἡμῖν
1970 1898 2070 1932 κα-

522 1966 609 2023 κόν
636 1966 774 2021 ἐστιν
792 2007 808 2034 ,
835 1961 1087 2041 ἀθρήσετε
1115 1962 1242 2043 πρὸς
1264 1964 1324 2020 τὸ
1348 1960 1588 2039 μέγιστον
1609 1966 1712 2020 τῶν
1734 1962 1905 2021 ἄλλων
1933 1970 2074 2021 ἀντι-

518 2050 753 2118 τιθέντες.
798 2050 1166 2127 Ὁμολογεῗται
1194 2049 1294 2129 γὰρ
1320 2050 1547 2125 πόλεμος
1575 2054 1677 2108 τῶν
1700 2050 1873 2108 ἄλλων
1896 2052 2072 2108 κακῶν

520 2137 751 2217 τοσούτῳ
794 2136 1036 2215 μέγιστον
1068 2126 1225 2208 εἶναι,
1268 2136 1476 2216 ὅσῳπερ
1507 2135 1685 2214 εἰρήνη
1712 2140 1815 2195 τῶν
1840 2138 2070 2213 ἀγαθῶν.

518 2222 649 2305 Ἷσῳ
672 2225 845 2301 μέντοι
878 2223 1081 2302 μεγέθει
1104 2224 1190 2282 τὸν
1212 2223 1440 2300 πόλεμον
1464 2227 1497 2295 ἦ
1522 2222 1703 2290 στάσις
1728 2222 2072 2304 ὑπερὸάλλει,

520 2312 725 2394 ὅσῳπερ
764 2316 793 2371 ὁ
820 2314 1045 2389 πόλεμος
1074 2310 1171 2383 τὴν
1200 2312 1430 2392 εἰρήνην.
1514 2312 1606 2370 Ἐν
1636 2312 1729 2388 μὲν
1760 2312 1861 2393 γὰρ
1888 2316 1964 2393 τῷ
1993 2312 2072 2381 ξε·

440 2424 493 2463 at.
518 2406 647 2479 νικῷ
674 2400 889 2480 πολέμῳ
910 2400 1005 2468 τὴν
1032 2400 1261 2481 πατρίδα
1286 2399 1531 2468 σώζοντες
1556 2398 1966 2469 ἀποθνήσκουσιν
1982 2448 1996 2473 ,
2021 2403 2073 2460 ἓν

520 2488 576 2548 δὲ
600 2492 673 2567 τῷ
690 2490 946 2567 πολιτικῷ
965 2487 1345 2567 διαφθείροντες
1367 2486 1579 2554 ἑαυτούς
1597 2532 1614 2562 ,
1635 2486 1772 2547 ὥστε
1798 2488 1933 2563 μήτε
1959 2486 2074 2555 τοὺς

520 2577 924 2642 ἀποκτείναντας
970 2577 1279 2650 εὐδοκιμεῖν.
1366 2575 1568 2641 Ἄλλοις
1622 2574 1717 2652 μὲν
1768 2576 1871 2655 γὰρ
1919 2578 2073 2635 πολε-

522 2670 735 2741 μοῦντες
770 2666 1101 2740 πολεμοῦμεν
1142 2661 1275 2740 ὑπὲρ
1319 2665 1423 2721 τῶν
1469 2662 1658 2743 φίλων·
1700 2662 1789 2721 καὶ
1820 2662 1937 2729 τοὺς
1979 2663 2072 2741 μὲν

522 2750 818 2829 ἀλλοτρίους
853 2753 1091 2816 νικῶντες
1133 2749 1332 2825 ἑτέρους
1358 2751 1583 2807 κτῶνται
1618 2748 1825 2827 φίλους,
1854 2748 1977 2807 ὅταν
2019 2750 2073 2810 δὲ

519 2837 637 2903 τοὺς
684 2836 897 2902 οἰκείους
917 2880 933 2911 ,
982 2840 1389 2915 ἀποστεροῦνται
1435 2834 1525 2893 καὶ
1568 2840 1668 2894 τῶν
1710 2836 2071 2915 ὑπαρχόντων.

520 2923 783 3003 Ἂρπαγὴν
822 2922 877 2981 δὲ
922 2922 1097 3002 χώρας
1142 2920 1233 2980 καὶ
1277 2922 1568 3001 χρημάτων
1606 2925 1797 3004 φθορὰν
1840 2924 1930 2982 καὶ
1970 2926 2074 2991 τοῖς

520 3014 721 3093 ἐχθροῖς
747 3012 932 3083 ἡδονὴν
957 3011 1045 3070 καὶ
1068 3018 1172 3077 τοῖς
1197 3010 1359 3091 φίλοις
1388 3008 1659 3091 συμφορὰν
1679 3012 1803 3082 ὅσην
1829 3011 2071 3086 δύναται,

444 3128 498 3167 ⁴0
521 3102 681 3168 πολὺς
710 3098 922 3181 ἀριθμὸς
958 3100 1077 3158 καθ’
1106 3100 1324 3157 ἕκαστον
1352 3098 1718 3176 ἐξηγήσασθαι.
1805 3100 1913 3161 Καὶ
1955 3102 2070 3160 τού-

519 3212 623 3247 των
656 3190 763 3247 οὐδ’
800 3190 1171 3264 ἀπαλλαγῆναι
1218 3185 1424 3268 ῥᾴδιον,
1462 3186 1674 3247 ἐπειδὰν
1713 3186 1933 3268 ἄρξηταί
1966 3212 2068 3255 τις·

520 3276 609 3333 τὸν
638 3274 875 3352 διάλογον
914 3272 1016 3353 γὰρ
1044 3276 1139 3333 οὐκ
1165 3272 1304 3333 ἔστιν
1346 3278 1534 3354 εὑρεῖν.
1622 3278 1692 3336 Οἳ
1719 3275 1820 3357 γὰρ
1850 3277 2072 3347 πλησίον

520 3364 775 3430 οἰκοῦντες
796 3365 891 3421 οὔκ
920 3361 1168 3441 ἄχθονται
1192 3363 1573 3431 στασιαζόντων
1603 3366 1705 3422 τῶν
1738 3363 1994 3437 πλησίον,
2024 3368 2072 3425 οἱ

521 3449 617 3527 μὲν
642 3450 1026 3529 ἀσθενέστεροι,
1055 3448 1193 3517 ὅπως
1216 3450 1279 3508 ἂν
1312 3449 1387 3528 μὴ
1418 3451 1717 3530 ἄρχωνται,
1748 3453 1795 3509 οἱ
1825 3450 1869 3509 δ’
1903 3450 2073 3527 ὅμοιοι

517 3538 614 3610 τὴν
644 3536 859 3615 δύναμιν
875 3582 892 3614 ,
919 3537 1062 3603 ὅπως
1082 3536 1144 3595 ἀν
1167 3537 1459 3617 κρείσσονες
1482 3538 1759 3616 γένωνται,
1778 3542 1823 3597 οῖ
1848 3540 1894 3597 δ’
1921 3542 2075 3617 ἰσχυ-

520 3628 629 3707 ροί,
665 3626 802 3693 ὅπως
830 3625 893 3685 ἂν
926 3624 1255 3706 ῥαδιέστερον
1292 3625 1515 3705 ἄρχωσι.

596 3733 639 3775 a.
688 3713 793 3774 Καὶ
841 3714 1038 3772 τούτων
1081 3714 1175 3770 οὐκ
1223 3703 1317 3771 οἶδ’
1348 3711 1427 3771 ὅτι
1472 3714 1549 3772 δεῖ
1595 3714 1809 3790 σημεῖον
1861 3713 2074 3775 ἄλλοθεν

418 3802 698 3864 176λα6εῖν
714 3824 728 3837 ·
752 3804 903 3875 ἡμεῖς
924 3799 1025 3880 γὰρ
1048 3807 1153 3867 τοῖς
1178 3800 1352 3868 ἄλλοις
1381 3804 1595 3877 σημεῖον
1620 3800 1795 3879 ἐσμέν.
1879 3802 2072 3882 Χώραν

518 3888 619 3968 γὰρ
643 3891 746 3947 τῶν
783 3886 1050 3957 Ἑλλήνων
1081 3884 1284 3965 ἔχοντες
1310 3889 1559 3959 πλείστην
1600 3889 1691 3947 καὶ
1720 3892 1944 3948 πλεῖστα
1982 3892 2070 3951 δυ·

520 3974 746 4051 ναμένην
778 3972 1033 4052 παρέχειν
1069 3974 1127 4032 οὗ
1172 3974 1327 4050 μόνον
1356 3984 1461 4043 τοῖς
1491 3977 1773 4035 ἐνοικοῦσιν
1807 3976 1942 4035 ἀλλὰ
1984 3976 2074 4037 καὶ

520 4064 625 4128 τοῖς
653 4060 950 4139 παροίκοις,
984 4062 1043 4119 οὗ
1079 4060 1367 4140 φαινόμεθα
1403 4062 1779 4143 πλουσιώτεροι
1804 4068 1906 4123 τῶν
1941 4069 2068 4145 παρ’

521 4152 673 4225 ἡμῶν
706 4146 1029 4225 ἐξαγομένων
1062 4148 1236 4214 ὄντες·
1270 4152 1455 4209 ἐκεῖνοι
1484 4150 1580 4228 μὲν
1609 4150 1711 4229 γὰρ
1740 4156 1944 4219 ἑαυτοῖς
1971 4176 2074 4211 κα·-

520 4236 815 4295 τατίθενται
846 4234 914 4293 τὰ
948 4237 1377 4317 παραγινόμενα,
1412 4238 1563 4313 ἡμεῖς
1602 4237 1651 4295 δ’
1674 4239 1744 4303 εἷς
1766 4236 1883 4305 τοὺς
1916 4241 2074 4299 ἀλλο-

464 4346 493 4385 6
519 4323 689 4402 τρίους
722 4324 1106 4400 ἀναλίσκομεν,
1137 4323 1203 4382 τὰ
1244 4324 1390 4383 κοινὰ
1422 4326 1516 4401 μὲν
1546 4324 1654 4383 ἴδια
1682 4330 1974 4404 ποιοῦντες,
2007 4327 2074 4387 τὰ

520 4412 575 4469 δὲ
598 4414 697 4469 τῶν
718 4412 937 4469 ἰδιωτῶν
957 4411 1123 4469 κοινά.
1216 4412 1400 4472 Καίτοι
1423 4416 1533 4478 πῶς
1553 4414 1611 4470 οὗ
1632 4412 1796 4471 δεινόν
1818 4416 1929 4471 ἐστι
1952 4414 2070 4472 τού-

518 4523 635 4566 τους
658 4502 804 4577 κοινῇ
831 4497 1037 4578 τρέφειν
1058 4544 1073 4575 ,
1101 4497 1151 4557 οἳ
1175 4498 1267 4569 τὴν
1299 4500 1452 4557 πόλιν
1477 4500 1535 4558 οὗ
1558 4500 1734 4570 κοινὴν
1757 4500 1882 4575 ἡμῖν
1908 4501 2071 4583 παρέ·

517 4607 701 4666 Xeno-23
724 4586 853 4662 πρὸς
879 4584 1079 4653 τούτοις
1109 4609 1165 4643 τε
1195 4590 1291 4663 γῆν
1325 4586 1529 4665 ἔχοντες
1556 4586 1905 4666 εὐφυεστάτην
1930 4590 2072 4665 ἀμύ-

518 4680 697 4735 νεσθαι
758 4672 877 4741 τοὺς
941 4674 1206 4746 ἐπιόντας,
1267 4674 1359 4732 καὶ
1412 4674 1474 4732 τὸ
1532 4674 1813 4755 σύμμαχον
1873 4676 2074 4755 ἐγγενὲς

518 4760 887 4841 παρεχομένην
928 4762 1020 4820 καὶ
1060 4760 1251 4827 ἵππους
1267 4805 1283 4834 ,
1321 4763 1421 4841 οὐχ
1460 4758 1599 4828 ὅπως
1636 4761 1913 4840 διαλύομεν
1956 4765 2074 4829 τοὺς

522 4847 868 4928 βουλομένους
890 4850 1117 4919 ἀδικεῖν,
1136 4851 1254 4907 ἀλλ’
1285 4848 1587 4925 ἐπαγόμεθα
1613 4849 1729 4917 τοὺς
1752 4853 2074 4926 ἀμυνοῦντας

521 4940 690 5015 μισθῷ
733 4936 992 5002 πείθοντες
1020 4936 1109 4994 καὶ
1139 4933 1513 5017 φυλασσόμεθα
1542 4935 1737 5010 ξένους,
1774 4939 1863 4997 καὶ
1904 4964 2074 4999 κατα-

522 5026 785 5101 φρονεῖται
820 5022 914 5101 μὲν
954 5026 987 5093 ἡ
1019 5022 1237 5099 δύναμις
1278 5027 1369 5094 τῆς
1410 5022 1625 5103 χώρας,
1659 5026 2072 5104 καταγελώμεθα

446 5130 496 5168 ιο
522 5110 568 5168 δ’
608 5108 771 5169 αὖτοί.
858 5110 1075 5170 Τούτων
1112 5109 1321 5169 πάντων
1368 5111 1458 5170 καὶ
1496 5112 1687 5191 ἑτέρων
1731 5116 1940 5173 πολλῶν
1987 5116 2073 5175 τὸν

524 5195 686 5256 αἴτιον
724 5196 871 5256 αὐτοὶ
916 5198 1167 5279 παρόντες
1210 5201 1493 5273 θεάσασθε,
1541 5202 1787 5275 τοιαύτην
1830 5204 2070 5270 ἐπίδειξιν

1608 432 1909 491 timim·
1954 431 2138 493 ΠΕΡΙ
2183 430 2423 491 ΠΟΛΙΤ
2433 430 2625 491 ΕῙΑΣ.

2161 582 2332 619 eorum
2349 570 2432 631 qui
2453 570 2588 619 vobis
2607 568 2856 619 confidunt
2873 582 3006 631 spem
3025 570 3190 631 cupiat
3201 568 3350 618 eludi.
3375 568 3571 618 Eadem
3601 549 3772 630 igitur

2163 692 2310 741 opera
2331 692 2382 728 se
2409 682 2458 728 et
2497 692 2585 729 nos
2625 680 2868 729 existimat
2899 682 2949 729 et
2973 693 3056 729 eos
3074 693 3278 742 quorum
3309 694 3398 743 per
3419 694 3521 729 nos
3539 680 3772 742 irnperio

2163 787 2429 850 privabitur
2459 788 2788 839 subacturum.
2854 794 3012 852 Atque
3047 791 3148 839 iiaee
3185 791 3398 852 primum
3431 790 3591 840 nobis
3635 804 3768 839 eon·

2159 902 2347 964 iectura
2367 904 2542 955 licebat
2563 906 2776 967 assequi,
2807 919 2942 955 nune
2963 908 3126 957 autem
3155 920 3206 956 re
3223 906 3382 957 doctis
3411 907 3650 957 firmiter
3677 922 3770 957 en-

2163 1028 2404 1075 gnoscere.
2423 1018 2530 1073 Qua
2553 1016 2680 1065 enim
2703 1030 2756 1066 re
2773 1018 3072 1079 potissimum
3091 1020 3141 1067 et
3156 1018 3270 1067 urbs
3285 1018 3503 1080 capitur,
3521 1022 3578 1067 et
3600 1020 3768 1080 rQ'o,

2164 1124 2268 1173 haec
2289 1138 2400 1173 eum
2421 1138 2518 1175 non
2535 1126 2704 1187 latuit,
2726 1142 2878 1189 quum
2892 1128 3173 1177 seditionem
3185 1131 3396 1179 nostram
3415 1131 3769 1180 animadver-

2163 1235 2314 1295 teret3
2337 1248 2496 1298 neque
2528 1249 2642 1286 eum
2659 1240 2826 1299 paucis
2843 1238 2932 1289 lios
2953 1252 3122 1289 omnes
3142 1241 3330 1303 Qredi
3353 1246 3648 1292 cunctatus
3671 1250 3772 1293 est-

2164 1344 2408 1407 Siquidem
2439 1351 2582 1396 norat
2615 1361 2694 1408 se,
2719 1350 2757 1397 si
2791 1349 3022 1411 plurimos
3057 1351 3411 1412 aggrederetur,
3437 1354 3574 1403 nihii
3625 1355 3776 1416 quod

2163 1459 2378 1508 studeret
2394 1460 2681 1509 effecturum
2711 1486 2774 1495 -
2805 1462 3196 1525 quandoquidem
3221 1462 3478 1515 debellatis
3504 1466 3776 1517 infirmio-

2165 1573 2296 1621 ribus
2321 1572 2528 1634 potiores
2546 1572 2607 1621 ad
2626 1572 2940 1622 resistendum
2963 1574 3220 1624 instructos
3239 1590 3336 1625 non
3355 1581 3492 1626 esset
3516 1580 3774 1629 subactu·

2166 1694 2246 1730 rus
2267 1708 2347 1742 —,
2371 1682 2444 1729 sin
2469 1682 2701 1743 plurimos
2724 1695 2836 1730 cum
2857 1684 3022 1744 paucis
3052 1686 3314 1743 everteret,
3337 1688 3580 1734 omnium
3617 1690 3778 1739 facile

2163 1792 2448 1855 potiturum.
2514 1796 2671 1855 Atque
2703 1794 2768 1843 ita
2796 1794 2852 1843 iit
2886 1796 2944 1843 ut
2975 1796 3056 1845 ilie
3083 1796 3242 1857 cupiat
3275 1810 3366 1846 nos
3387 1799 3652 1850 seditione
3689 1803 3774 1851 la-

2163 1904 2354 1953 borare.
2423 1903 2607 1961 Quodsi
2631 1908 2702 1955 est
2733 1906 2804 1956 illi
2832 1908 3160 1968 commodum,
3187 1922 3330 1972 quam
3363 1912 3428 1960 sit
3463 1914 3624 1962 vobis
3667 1914 3772 1964 hoc

2165 2014 2292 2064 illius
2311 2014 2622 2065 commodum
2637 2016 2838 2067 noxium
2851 2054 2866 2079 ,
2885 2030 2998 2068 eum
3017 2019 3110 2067 aiio
3131 2022 3342 2069 maximo
3363 2021 3414 2070 id
3441 2024 3772 2075 eontenden·

2163 2124 2235 2173 tes
2259 2123 2432 2173 videte.
2459 2125 2580 2173 Nam
2603 2137 2756 2186 quum
2779 2126 2880 2175 tam
2903 2138 3006 2177 esse
3025 2128 3292 2178 maximum
3310 2131 3512 2180 malum
3530 2132 3736 2183 beilum
3751 2171 3770 2197 ,

2163 2244 2310 2295 quam
2333 2236 2404 2282 est
2431 2234 2701 2283 maximum
2721 2234 2900 2285 bonum
2921 2249 3040 2299 pax,
3077 2238 3330 2302 credatur-3
3357 2238 3547 2290 eodan
3581 2244 3774 2294 huten

2165 2342 2416 2392 intervni'o
2449 2344 2633 2393 beilum
2667 2344 2875 2406 seditio,
2909 2359 3006 2409 quo
3031 2360 3198 2409 pacem
3231 2347 3370 2411 iliud,
3411 2356 3657 2413 superat.
3701 2357 3774 2405 m

2167 2452 2296 2499 enim
2323 2451 2373 2501 in
2395 2454 2594 2503 externo
2617 2450 2742 2501 bello
2764 2453 2968 2514 patriam
2991 2453 3256 2513 servando,
3278 2455 3418 2504 sicin
3462 2458 3612 2507 civili
3637 2472 3766 2508 nos·
3794 2522 3796 2525 Ι

2167 2556 2395 2617 metipsos
2425 2556 2668 2619 perdendo
2695 2558 2948 2619 morimur,
2981 2558 3050 2607 itu
3087 2560 3142 2608 nt
3183 2572 3242 2609 ne
3281 2560 3505 2610 victores
3537 2565 3766 2625 quidem

2171 2662 2293 2713 bene
2335 2664 2556 2715 audiant.
2619 2667 2746 2715 cum
2787 2666 2895 2716 aliis
2921 2678 3066 2729 porro
3099 2668 3376 2729 proeiiantes
3418 2684 3520 2733 pro
3565 2675 3766 2724 amieis

2164 2782 2344 2833 beilum
2367 2784 2602 2845 gei-intutu
2623 2786 2674 2835 et
2695 2798 2844 2847 quum
2869 2786 3036 2835 alienis
3052 2787 3254 2839 devictis
3273 2789 3464 2840 amieos
3487 2804 3778 2857 compare·

2167 2908 2274 2944 mins
2291 2894 2409 2945 aiios
2421 2933 2436 2957 ,
2453 2897 2627 2947 nostris
2643 2910 2759 2947 vero
2787 2900 3022 2961 superatis
3035 2936 3048 2959 ,
3071 2900 3215 2951 etiam
3231 2901 3416 2963 priores
3433 2906 3766 2960 amittimus.

2163 3002 2274 3047 sam
2293 2998 2497 3060 regionis
2519 3001 2723 3049 vastatio
2755 3004 2902 3063 atque
2919 3015 3068 3065 opum
3089 3004 3316 3066 pernicies
3339 3008 3390 3055 et
3411 3006 3651 3059 inimic-is
3669 3027 3796 3062 vo·¹

2163 3101 2323 3165 iuptns
2352 3102 2613 3165 amicisque
2637 3105 2890 3155 calamitas
2931 3108 3112 3169 quanta
3143 3108 3256 3157 hine
3283 3113 3556 3171 sequatur,
3588 3120 3778 3178 paucis

2164 3205 2437 3269 singulatim
2457 3207 2686 3270 explicari
2711 3221 2806 3258 non
2827 3211 2999 3271 potest.
3023 3212 3186 3273 Neque
3219 3212 3354 3262 facile
3378 3216 3457 3263 est
3479 3196 3774 3282 iiis-malis,

2163 3312 2415 3373 postquam
2437 3310 2584 3359 semei
2610 3314 2776 3360 exorta
2815 3314 2954 3374 sunt,
2975 3314 3168 3365 liberari
3190 3334 3203 3364 ι
3233 3315 3314 3365 vix
3349 3318 3492 3367 enim
3515 3324 3780 3374 coucilia·

2164 3415 2322 3463 torem
2341 3415 2568 3465 invenias.
2635 3418 2757 3466 Nam
2782 3417 2867 3479 qui
2887 3430 3037 3480 prope
3071 3419 3288 3471 habitant
3311 3422 3612 3477 vicinorum
3633 3432 3780 3481 sedi·

2163 3517 2344 3569 tionem
2365 3532 2462 3567 non
2481 3520 2679 3569 moleste
2712 3521 2901 3580 ferunt,
2921 3522 3253 3575 imbecilliores
3267 3561 3281 3584 ,
3304 3538 3368 3575 ne
3387 3536 3616 3588 pareant
3637 3550 3656 3593 3
3685 3550 3778 3597 m-

2166 3634 2268 3683 res,
2287 3623 2344 3672 ut
2364 3622 2571 3684 potiores
2591 3622 2736 3685 fiant;
2759 3625 3054 3687 superiores,
3081 3631 3136 3675 ut
3165 3626 3402 3689 imperent
3429 3630 3672 3685 facilius.

2227 3730 2275 3776 3.
2312 3729 2468 3789 Atque
2481 3728 2654 3778 horum
2674 3738 2772 3779 non
2790 3731 2932 3780 video
2951 3744 3039 3781 cur
3055 3732 3198 3795 longe
3208 3734 3478 3795 petendum
3497 3735 3569 3788 sit
3593 3756 3778 3793 exem-

2164 3837 2299 3899 plum
2315 3874 2330 3899 ‚
2360 3852 2513 3901 quum
2537 3839 2626 3901 ipsi
2649 3842 2754 3892 aliis
2771 3844 2994 3907 exemplo
3015 3846 3178 3894 simus.
3197 3846 3386 3895 Etenim
3401 3862 3576 3909 quum
3611 3858 3780 3919 regio.

2165 3964 2280 4002 nem
2295 3952 2556 4005 habeamus
2567 3954 2690 4005 inter
2709 3958 2906 4006 Groeeos
2919 3958 3182 4009 maximam
3199 3960 3251 4009 et
3263 3959 3426 4009 omnia
3443 3962 3565 4012 tum
3587 3966 3784 4017 incolis

2163 4068 2268 4115 tum
2287 4066 2484 4117 advenis
2508 4067 2809 4131 suppeditare
2827 4072 3206 4133 proepollentem,
3235 4085 3495 4135 nunquam
3531 4077 3602 4127 iis
3631 4085 3730 4144 qui
3751 4098 3784 4131 a

2165 4169 2304 4219 nobis
2324 4169 2626 4220 deducentur
2643 4172 2840 4223 ditiores
2861 4173 3114 4223 videmur:
3137 4175 3372 4238 siquidem
3395 4177 3474 4227 ilii
3495 4180 3600 4231 sibi
3633 4188 3796 4249 quod-

2164 4274 2350 4324 aceedit
2366 4276 2632 4337 reponunt,
2645 4289 2733 4326 nos
2747 4277 2794 4325 in
2813 4277 2994 4328 alienos
3014 4279 3318 4343 insumimus,
3331 4293 3394 4329 ac
3411 4283 3532 4332 tum
3555 4289 3784 4347 publica

2165 4380 2408 4431 reddimus
2421 4380 2634 4444 privata,
2655 4384 2760 4433 tum
2780 4384 2984 4447 privata,
3001 4385 3206 4448 publica.
3241 4387 3359 4445 Quis
3371 4400 3632 4444 ver-onon
3655 4395 3796 4463 indi-q

2163 4496 2312 4545 gnum
2337 4483 2486 4533 ducet
2519 4497 2600 4535 eos
2637 4486 2702 4535 aii
2735 4487 2953 4549 publice,
2977 4489 3062 4551 qui
3087 4489 3256 4541 urbem
3291 4502 3426 4541 suam
3465 4494 3638 4546 nobis
3685 4514 3783 4563 pu-

2163 4589 2340 4640 blicam
2381 4593 2430 4641 et
2467 4604 2774 4642 communem
2812 4606 2910 4643 non
2952 4594 3164 4645 saciant?
3203 4608 3452 4659 quumque
3493 4604 3784 4664 regionem

2164 4692 2428 4745 habeamus
2449 4697 2512 4745 ad
2534 4696 2652 4746 alios
2672 4698 2970 4757 repellendos
2993 4699 3285 4763 aptissimam
3299 4740 3313 4763 ,
3335 4703 3386 4753 et
3403 4704 3580 4755 socios
3615 4716 3786 4775 atque

2164 4811 2314 4860 equos
2363 4812 2427 4849 ex
2475 4812 2527 4849 se
2581 4802 2906 4864 praebentem,
2957 4816 3055 4853 non
3105 4804 3278 4854 horum
3327 4819 3482 4868 opera
3541 4811 3784 4877 injurios

2164 4915 2493 4966 removemus,
2539 4918 2705 4955 verum
2757 4906 3002 4967 adjutores
3051 4908 3272 4959 mercede
3317 4908 3684 4970 conducimus
3732 4926 3782 4969 et

2164 5006 2376 5069 hospites
2413 5008 2652 5070 vitamus3
2693 5013 2842 5071 atque
2877 5010 2972 5071 itu,
3006 5015 3113 5061 tum
3155 5012 3359 5075 regionis
3399 5018 3782 5073 conmuniter

2165 5109 2405 5171 potentia,
2445 5112 2552 5159 tum
2594 5111 2682 5173 ipsi
2721 5112 3014 5163 deridemur.
3081 5118 3265 5165 Horum
3301 5119 3472 5168 aulem
3517 5110 3796 5176 omnium'

2165 5214 2312 5277 atque
2353 5211 2558 5266 aliorum
2597 5215 2791 5280 insuper
2831 5218 3069 5270 malorum
3109 5223 3353 5272 auctorem
3392 5235 3582 5277 coram
3641 5232 3777 5281 ridi-
