3825 5834
498 513 575 564 92
1409 498 1779 559 AlleNor
1816 497 1867 555 Ο
1910 499 2086 558 ΠΕΡΙ
2134 497 2800 558 ΠΑΡΑΠΡΕΣΒΕῙΑΣ.

491 631 687 710 μοσίων
715 629 1001 711 προσόδων,
1030 633 1119 686 νῦν
1163 627 1217 688 δὲ
1259 627 1555 688 πέπαυνται
1572 653 1585 667 ·
1618 627 1797 706 εἰρήνη
1822 626 1924 706 γὰρ
1948 629 2042 708 ἆρ-

3423 493 3738 570 (an—m)

2139 649 2246 686 rum
2267 637 2431 686 messis
2449 651 2577 686 nunc
2588 637 2744 686 desiit.
2811 638 2914 685 Pax
2933 633 3060 684 enim
3079 635 3234 684 otium
3251 647 3352 684 non
3367 635 3474 684 alit.
3551 635 3601 684 Ii
3621 647 3744 696 ergo

411 742 469 782 ιο
498 720 615 798 γίαν
652 722 711 778 οὗ
752 719 951 799 τρέφει·
988 717 1171 776 ἔπειτα
1214 721 1261 776 οἱ
1296 717 1389 792 μὲν
1426 720 1520 776 οὐκ
1564 715 1889 793 ἀδικούμενοι
1931 717 2048 773 ἀλλ’
2139 729 2346 790 quinon
2371 727 2636 788 laeduntur,
2670 725 2752 776 sed
2776 725 2962 775 laedunt
2995 725 3369 788 rempublicam,
3407 725 3552 787 pacis
3577 723 3742 773 inter·

490 809 781 874 ἀδικοῦντες
802 806 897 876 τὴν
924 806 1073 863 πόλιν
1098 803 1484 886 τιμωρήσονται
1512 803 1599 862 τὸν
1629 803 1930 884 προστάντα
1959 807 2052 872 τῆς

489 893 723 974 εἰρήνης,
756 895 802 951 οἱ
824 895 868 950 δ’
899 890 1247 972 ὠφελούμενοι
1276 891 1393 958 τοὺς
1416 891 1704 971 χρησίμους
1722 893 1791 954 εἰς
1814 891 1877 948 τὰ
1905 888 2054 949 κοινὰ

486 981 790 1059 γενομένους
852 977 1281 1059 ἐγκαταλείψετε,
1336 979 1451 1059 (162)
1501 981 1735 1055 Συνῇδον
1775 976 1877 1056 γὰρ
1936 975 2054 1042 τοὺς

488 1079 715 1135 παιᾶνας
757 1067 1017 1146 Φιλίππῳ
1062 1065 1513 1142 κατεσκαμμένων
1560 1069 1662 1124 τῶν
1708 1067 1761 1123 ἐν
1804 1067 2054 1124 Φωκεῦσι

491 1156 714 1228 πόλεων,
754 1154 824 1221 ὥς
853 1177 1008 1234 φησιν
1036 1158 1065 1212 ὁ
1107 1153 1411 1232 κατήγορος.
1460 1152 1565 1212 Καὶ
1613 1151 1747 1230 ποίῳ
1786 1151 2056 1232 τεκμηρίῳ

498 1243 695 1301 δύναιτ’
723 1241 784 1300 ἄν
808 1265 883 1307 τις
903 1243 1080 1321 σαφῶς
1090 1245 1241 1298 τοῦτο
1263 1237 1541 1316 ἔπιδεῖξαι;
1556 1238 1819 1310 Ἐκλήθην
1844 1235 1936 1315 μὲν
1955 1237 2054 1316 γὰρ

390 1345 459 1394 50
489 1330 575 1390 ἐπὶ
601 1329 669 1388 τὰ
692 1327 829 1397 ξένια
856 1327 991 1404 μετὰ
1007 1331 1108 1385 τῶν
1130 1327 1529 1406 συμπρέσὸεων,
1562 1318 1697 1397 ἦσαν
1728 1327 1775 1384 δ’
1804 1329 1851 1384 οἱ
1874 1325 2056 1396 κλητοὶ

492 1421 583 1480 καὶ
612 1419 1025 1482 συνδειπνοῦντες
1054 1415 1146 1474 σὺν
1184 1420 1297 1480 ταῖς
1342 1415 1448 1473 ἀπὸ
1488 1418 1590 1474 τῶν
1620 1413 1890 1486 Ἑλλήνων
1916 1436 2058 1492 πρε-

494 1507 693 1574 σ6είαις
721 1507 815 1564 οὐκ
850 1503 1091 1570 ἐλάττους
1114 1504 1147 1574 ἢ
1181 1502 1453 1562 διακόσιοι.
1539 1502 1634 1562 Ἐν
1654 1501 1709 1560 δὲ
1734 1502 1934 1567 τούτοις
1950 1549 1964 1574 ,
1989 1505 2059 1568 ὡς

496 1595 678 1665 ἔοικεν,
709 1591 812 1670 ἐγρ
851 1589 1102 1667 διαφανὴς
1123 1581 1187 1662 ἦν
1215 1591 1315 1669 οὐχ
1344 1593 1605 1666 ὑποσιγῶν
1636 1587 1772 1646 ἀλλὰ
1796 1589 2054 1668 συνᾴδων,

497 1680 568 1748 ὥς
592 1702 717 1760 φησι
746 1677 1083 1754 Δημοσθένης
1112 1675 1218 1736 οὔτ’
1251 1676 1406 1742 αὐτὸς
1434 1675 1619 1754 παρὼν
1656 1673 1773 1734 οὔτε
1812 1679 1915 1733 τῶν
1953 1677 2062 1733 ἐκεῖ

495 1768 767 1848 παρόντων
802 1764 984 1824 οὐδένα
1009 1763 1411 1844 παρασχόμενος
1452 1762 1715 1844 μάρτυρα.
1780 1763 1922 1840 -(ts³)
1951 1761 2058 1822 Καὶ

496 1861 573 1936 τῷ
596 1878 654 1933 γε
679 1855 831 1924 δῆλος
852 1844 936 1925 ἦν,
963 1855 1006 1910 εἰ
1030 1851 1103 1930 μή
1122 1875 1181 1930 γε
1201 1850 1382 1931 ὥσπερ
1410 1855 1461 1910 ἐν
1480 1852 1583 1916 τοῖς
1603 1851 1777 1931 χοροῖς
1801 1852 2027 1930 προῇδον
2045 1875 2060 1922 ;

447 1967 474 2006 6
502 1945 705 2004 Οὐκοῦν
729 1943 773 1998 εἰ
808 1939 901 2018 μὲν
945 1941 1153 2018 ἐσίγων,
1198 1941 1363 2020 ψευδῆ
1406 1961 1505 2015 μου
1554 1945 1891 2018 κατηγορεῖς·
1923 1940 1969 1996 εἰ
2007 1939 2060 1995 δὲ

498 2035 653 2111 ὀρθῆς
679 2033 807 2106 ἡμῖν
838 2032 933 2098 τῆς
952 2027 1202 2105 πατρίδος
1230 2025 1387 2093 οὔσης
1414 2025 1504 2084 καὶ
1526 2029 1631 2083 τῶν
1655 2029 1881 2083 πολιτῶν
1911 2027 2059 2102 κοινῇ

502 2116 663 2195 μηδὲν
686 2113 1015 2194 ἀτυχούντων
1031 2115 1251 2194 συνῇδω
1272 2113 1407 2190 μετὰ
1425 2117 1527 2171 τῶν
1543 2113 1717 2172 ἄλλων
1732 2111 1820 2170 τὸν
1835 2120 2033 2170 παιᾶνα
2047 2155 2061 2182 ,

500 2207 655 2278 ἡνίκα
684 2209 713 2264 ὃ
748 2205 857 2270 θεὸς
886 2200 981 2279 μὲν
1005 2203 1249 2277 ἐτιμᾶτο,
1280 2201 1539 2271 Ἀθηναῖοι
1567 2199 1620 2258 δὲ
1650 2199 1813 2277 μηδὲν
1832 2197 2062 2271 ἠδόξουν,

502 2291 746 2351 εὖσέὸουν
777 2290 893 2349 ἀλλ’
920 2291 1014 2348 οὐκ
1042 2287 1274 2360 ἠδίκουν,
1306 2287 1399 2346 καὶ
1432 2287 1645 2355 δικαίως
1684 2287 1747 2346 ἂν
1777 2287 2062 2364 σωζοίμην.

502 2377 727 2439 Ἔπειτα
758 2375 860 2453 ἐγὼ
890 2375 984 2447 μὲν
1004 2373 1088 2433 διὰ
1113 2381 1280 2433 ταῦτα
1312 2374 1594 2446 ἀνηλέητός
1620 2375 1697 2441 τίς
1725 2375 1835 2450 εἶμι
1860 2373 2060 2453 ἄνθρω·

506 2489 626 2538 πος,
651 2465 713 2524 σὺ
743 2464 797 2524 δὲ
827 2461 1043 2534 εὖσεὸὴς
1072 2466 1099 2520 δ
1120 2466 1223 2520 τῶν
1236 2461 1561 2520 ’συσπόνδων
1586 2461 1907 2540 κατήγορος;

434 2574 485 2614 10
595 2573 686 2613 161.
732 2551 1031 2616 Ὦνείδισας
1062 2547 1119 2606 δέ
1142 2572 1232 2625 μοι
1266 2548 1358 2607 καὶ
1386 2549 1649 2616 πολιτείας
1668 2547 1990 2626 ἐμπληξίαν,
2021 2549 2066 2606 εἰ

505 2637 909 2718 πεπρεσὸευκὼς
954 2634 1083 2714 πρὸς
1127 2635 1400 2695 Φίλιππον
1454 2637 1705 2716 πρότερον
1739 2635 2066 2715 παρεκάλουν

504 2725 588 2786 ἐπ’
611 2731 803 2786 ἐκεῖνον
832 2723 947 2790 τοὺς
972 2721 1261 2794 Ἕλληνας.
1306 2722 1495 2782 Καίτοι
1517 2721 1739 2799 ταύτην,
1773 2725 1819 2780 εἷ
1858 2723 2065 2800 βούλει,

507 2813 603 2886 τὴν
653 2811 971 2892 κατηγορίαν
1015 2811 1105 2870 καὶ
1140 2814 1243 2869 τῶν
1288 2811 1462 2869 ἄλλων
1502 2809 1783 2882 Ἀθηναίων
1836 2809 2066 2890 δημοσία

508 2901 903 2982 κατηγορήσεις.
948 2899 1289 2975 Ἐπολεμεῒτε
1318 2897 1751 2976 Λακεδαιμονίοις
1769 2943 1785 2971 ,
1814 2898 1904 2957 καὶ
1931 2898 2070 2976 μετὰ

510 2989 605 3061 τὴν
654 2993 707 3048 ἐν
754 2986 1035 3066 Λεύκτροις
1087 2985 1363 3066 συμφορὰν
1409 2988 1514 3052 τοῖς
1557 2987 1727 3052 αὐτοῖς
1778 2985 2068 3058 ἐὸοηθεῗτε·

512 3075 839 3153 κατηγάγετε
864 3077 937 3140 εἰς
961 3073 1056 3146 τὴν
1086 3072 1313 3153 πατρίδα
1344 3070 1625 3153 φεύγοντας
1650 3071 1951 3149 Θηὸαίους,
1979 3072 2068 3132 καὶ

513 3163 673 3222 πάλιν
715 3164 911 3228 τούτοις
952 3161 1209 3239 ἐμάχεσθε
1254 3162 1307 3218 ἐν
1350 3159 1663 3234 Μαντινείᾳ·
1705 3160 2071 3237 ἐπολεμήσατε

435 3274 485 3314 16
517 3251 841 3330 Ἐρετριεῦσι
886 3250 975 3308 καὶ
1014 3249 1324 3325 Θεμίσωνι,
1354 3247 1444 3305 καὶ
1478 3249 1637 3307 πάλιν
1668 3247 1922 3307 ἐσώσατε.
1960 3247 2069 3308 Καὶ

517 3338 717 3418 μυρίοις
742 3336 917 3403 ἄλλοις
944 3337 1046 3408 ἤδη
1070 3341 1173 3394 τῶν
1204 3335 1473 3407 Ἑλλήνων
1496 3339 1633 3395 οὕτω
1652 3335 1910 3415 κέχρησθε
1929 3359 1942 3372 ·
1967 3337 2073 3402 τοῖς

513 3424 616 3506 γὰρ
655 3432 854 3504 καιροῖς
900 3422 1375 3504 συμπεριφέρεσθαι
1415 3424 1618 3502 ἀνάγκη
1666 3425 1793 3502 πρὸς
1834 3422 1893 3481 τὸ
1934 3423 2072 3503 κρά-

514 3535 692 3572 τιστον
718 3512 810 3570 καὶ
828 3511 915 3570 τὸν
941 3510 1103 3592 ἄνδρα
1131 3511 1221 3570 καὶ
1250 3508 1343 3581 τὴν
1362 3510 1531 3569 πόλιν.
1576 3511 1691 3588 (165)
1718 3509 1829 3570 Τὸν
1862 3509 1918 3568 δὲ
1939 3514 2068 3588 ἀγα·

515 3600 602 3660 obv
625 3599 919 3678 σύμὸουλον
935 3598 985 3658 τί
1003 3597 1107 3681 χρὴ
1124 3599 1288 3658 ποιεῖν
1304 3622 1320 3672 ;
1344 3600 1401 3656 οὗ
1420 3603 1485 3677 τῇ
1512 3599 1660 3656 πόλει
1682 3595 1808 3677 πρὸς
1825 3596 1883 3656 τὸ
1904 3597 2074 3676 παρὸν

516 3688 584 3747 τὰ
616 3687 859 3766 βέλτιστα
891 3683 1283 3761 συμὸουλεύειν;
1313 3683 1421 3744 Τὸν
1445 3683 1499 3742 δὲ
1529 3685 1752 3762 πονηρὸν
1782 3682 2073 3763 κατήγορον

517 3775 569 3833 τί
596 3774 703 3854 χρὴ
742 3773 945 3850 λέγειν,
986 3774 1043 3831 οὗ
1084 3771 1201 3838 τοὺς
1230 3769 1441 3851 καιροὺς
1469 3771 1941 3850 ἀποκρυπτόμενον
1981 3775 2073 3840 τ’ἧς

440 3885 463 3919 ι’
517 3859 752 3942 πράξεως
776 3860 1106 3938 κατηγορεῖν;
1137 3857 1243 3920 Τὸν
1280 3857 1335 3916 δὲ
1366 3861 1424 3915 ἐκ
1446 3856 1647 3938 φύσεως
1672 3856 1934 3936 προδότην
1964 3858 2077 3922 πῶς

519 3945 623 4028 χρὴ
648 3952 882 4024 θεωρεῑν;
926 3939 1031 4023 ἆρά
1052 3969 1110 4024 γε
1136 3947 1234 4023 οὐχ
1260 3949 1331 4014 ὡς
1362 3945 1425 4004 σὺ
1463 3953 1568 4012 τοῖς
1594 3943 1964 4022 ἐντυγχάνουσι
1988 3943 2080 4002 καὶ

520 4033 832 4094 πιστεύσασι
862 4033 1143 4114 κέχρησαι,
1172 4033 1354 4108 λόγους
1382 4035 1451 4097 εἷς
1473 4032 1783 4111 δικαστήρια
1812 4030 2078 4111 γράφοντα

526 4126 710 4199 μισθοῦ
730 4119 940 4184 τούτους
956 4117 1185 4199 ἐκφέρειν
1208 4127 1313 4183 τοῖς
1338 4119 1645 4189 ἀντιδίκοις;
1675 4117 1904 4197 ἔγραψας
1929 4116 2078 4194 λόγον

522 4207 796 4288 Φορμίωνι
814 4211 889 4285 τῷ
915 4205 1195 4287 τραπεζίτῃ
1240 4205 1491 4284 χρήματα
1518 4203 1721 4263 λαῧών·
1752 4209 1932 4261 τοῦτον
1964 4203 2083 4273 ἐξή-

526 4317 712 4372 νεγκας
754 4293 1127 4374 Ἀπολλοδώρῳ
1166 4295 1241 4373 τῷ
1278 4293 1397 4373 περὶ
1434 4297 1523 4352 τοῦ
1573 4291 1817 4368 σώματος
1858 4291 2083 4369 κρίνοντι

527 4383 841 4463 Φορμίωνα.
904 4382 1018 4462 (loe)
1072 4383 1323 4452 Εἰσῆλθες
1365 4384 1437 4447 εἷς
1472 4383 1882 4457 εὐδαιμονοῦσαν
1918 4377 2085 4437 οἰκίαν

527 4471 621 4541 τὴν
678 4468 1022 4549 Ἀριστάρχου
1074 4475 1165 4527 τοῦ
1223 4469 1467 4546 Μόσχου·
1522 4465 1717 4536 ταύτην
1782 4464 2079 4532 ἀπώλεσας.

451 4577 504 4615 26
528 4557 835 4638 Προῦλαὸες
862 4557 979 4636 τρία
1006 4556 1234 4614 τάλαντα
1264 4559 1391 4634 παρ’
1416 4553 1755 4634 Ἀριστάρχου
1786 4550 2084 4630 φεύγοντος·

526 4652 701 4704 τοῦτον
730 4643 795 4703 τὰ
822 4649 912 4714 τῆς
940 4647 1103 4724 φυγῆς
1131 4643 1309 4720 ἐφόδια
1332 4641 1719 4720 ἀπεστέρησας,
1748 4641 1842 4697 οὐκ
1870 4641 2084 4716 αἰσχυν-

526 4733 628 4800 θεὶς
664 4733 757 4804 τὴν
796 4733 977 4813 φήμην
1012 4731 1077 4802 ἣν
1110 4731 1509 4810 προσεποιήσω,
1560 4727 1793 4798 ζηλωτὴς
1830 4717 1962 4784 εἶναι
1997 4731 2089 4797 τῆς

526 4821 732 4892 ἡλικίας
754 4827 844 4880 τοῦ
876 4821 1167 4900 μειρακίου.
1255 4820 1335 4876 Οὐ
1364 4816 1464 4896 γὰρ
1489 4819 1552 4888 δὴ
1580 4819 1645 4895 τῇ
1673 4837 1731 4891 γε
1757 4813 1972 4892 ἀληθεία
1991 4835 2004 4849 ·
2030 4815 2086 4872 οὗ

527 4907 629 4987 γὰρ
657 4907 1006 4986 προσδέχεται
1034 4907 1229 4969 δίκαιος
1258 4903 1387 4984 ἔρως
1412 4903 1688 4982 πονηρίαν.
1744 4904 1912 4961 Ταῦτ’
1951 4901 2088 4959 ἐστὶν

530 4999 559 5052 δ
586 4996 837 5073 προδότης
858 4996 948 5052 καὶ
967 4993 1033 5052 τὰ
1052 4991 1252 5058 τούτοις
1270 4988 1447 5068 ὅμοια.

615 5102 710 5142 167.
756 5080 1025 5160 Ἐμνήσθη
1064 5079 1121 5140 δέ
1149 5103 1249 5138 που
1287 5078 1405 5159 περὶ
1434 5083 1525 5150 τῆς
1553 5076 1857 5157 στρατείας,
1884 5078 1975 5136 καὶ
2003 5076 2088 5138 τὸν

532 5169 692 5228 καλὸν
723 5169 1045 5250 στρατιώτην
1088 5166 1181 5244 ἐμὲ
1208 5165 1498 5241 ὠνόμασεν.
1534 5164 1677 5242 Ἐγὼ
1709 5165 1761 5222 δὲ
1798 5167 1897 5243 οὐχ
1939 5163 2090 5222 ἕνεκα

454 5273 507 5312 ³0
528 5259 619 5328 τῆς
641 5255 823 5316 τούτου
868 5253 1236 5336 βλασφημίας,
1288 5251 1424 5312 ἀλλὰ
1453 5257 1542 5312 τοῦ
1580 5251 1830 5332 παρόντος
1857 5249 2090 5310 κινδύνου

2143 821 2326 880 pretem
2349 815 2683 876 mulctabunt;
2711 827 2800 864 vos
2828 826 2946 863 vero
2967 813 3052 876 qui
3083 813 3294 862 fructum
3325 811 3594 876 percipitis
3609 849 3626 872 ,
3657 824 3746 862 eos

2143 904 2224 966 qui
2239 904 2404 952 utilem
2419 903 2696 965 reipublicae
2705 915 2900 966 operam
2915 902 3172 961 naverunt,
3187 901 3451 951 deseretis?
3463 901 3506 962 (1
3521 904 3616 962 62)
3633 904 3748 950 Una

2144 1005 2257 1040 cum
2301 991 2521 1054 Philippo
2563 1003 2755 1053 paeanes
2802 989 2982 1052 cecini,
3030 989 3210 1039 eversis
3247 989 3592 1038 phocensium
3651 1001 3744 1036 ur·
3795 1029 3797 1046 ἦ

2146 1079 2313 1140 bibus,
2337 1080 2392 1128 ut
2413 1079 2482 1128 ait
2508 1079 2778 1128 accusator.
2845 1081 2958 1136 Quo
2988 1078 3152 1127 autem
3191 1075 3244 1126 id
3277 1080 3586 1138 argumento
3629 1089 3748 1139 per·
3795 1047 3798 1066 ’

2145 1169 2309 1230 spicue
2369 1167 2546 1229 poterit
2595 1165 2955 1216 demonstrare?
3037 1168 3155 1216 Sum
3190 1165 3322 1215 enim
3371 1177 3498 1214 cnm
3559 1166 3750 1214 ceteris

2147 1255 2320 1304 nostris
2339 1253 2504 1318 legatis
2516 1254 2578 1303 ad
2595 1254 2852 1317 hospitium
2869 1254 3100 1303 invitatus
3115 1270 3132 1314 ;
3147 1255 3341 1304 fuerumt
3354 1257 3532 1303 autem
3547 1255 3748 1314 vocati,

2147 1343 2196 1390 et
2221 1342 2488 1391 concoenati
2526 1343 2641 1392 sunt
2661 1354 2774 1390 cum
2801 1341 3122 1404 legationibus
3141 1344 3424 1392 Graecorum
3469 1355 3582 1390 non
3619 1355 3750 1404 pan·

2148 1431 2301 1480 ciores
2325 1429 2558 1480 ducentis.
2625 1431 2756 1479 luter
2797 1441 2918 1490 quos
2952 1442 3039 1491 ego
3073 1428 3256 1478 scilicet
3299 1429 3611 1491 conspicuus
3655 1429 3750 1488 sui,

2148 1541 2244 1576 non
2275 1527 2547 1590 subticens,
2588 1527 2672 1577 sed
2704 1527 2988 1588 concinens,
3011 1528 3067 1577 ut
3100 1527 3170 1576 ait
3205 1527 3568 1576 Demosthenes
3609 1546 3624 1576 =
3661 1528 3750 1588 qui

2148 1635 2238 1671 nec
2273 1623 2372 1685 ipse
2411 1622 2475 1671 ibi
2515 1621 2697 1681 adluit,
2743 1634 2833 1672 nec
2877 1634 3046 1670 eorum
3081 1621 3168 1683 qui
3203 1620 3540 1671 interfuerunt
3581 1622 3752 1671 ullum

2149 1718 2319 1766 testem
2339 1715 2582 1779 produxit.
2650 1716 2780 1776 (163)
2801 1717 2862 1766 Et
2879 1716 2989 1778 quis
3007 1727 3086 1764 me
3103 1727 3241 1764 nosse
3258 1713 3450 1778 potuit,
3471 1715 3576 1765 nisi
3599 1715 3752 1776 forte,

2151 1814 2206 1860 ut
2229 1812 2276 1860 in
2309 1811 2539 1872 coetibus,
2569 1810 2833 1873 praecinui?
2898 1812 3070 1872 ltaque
3089 1810 3130 1858 si
3161 1810 3314 1873 tacui,
3343 1811 3467 1860 falso
3489 1823 3582 1862 me
3601 1824 3758 1860 accu-

2151 1917 2226 1954 sas
2249 1924 2260 1954 z
2285 1905 2358 1953 sin
2379 1905 2532 1966 patria
2556 1906 2720 1952 nostra
2739 1903 2968 1952 incolumi
2983 1940 2997 1966 ,
3023 1905 3072 1953 et
3090 1903 3278 1953 civibus
3295 1903 3430 1952 nulla
3453 1905 3756 1956 calamitate

2153 1995 2346 2059 publica
2369 1995 2777 2058 conflictantibus,
2814 2009 3030 2058 paeanem
3075 2009 3190 2046 cum
3211 1997 3384 2046 ceteris
3411 1997 3600 2060 legatis
3629 2013 3752 2048 ron-

2153 2089 2282 2138 cinui
2297 2127 2312 2151 ,
2335 2103 2488 2152 quum
2506 2092 2556 2140 et
2577 2090 2668 2139 deo
2693 2090 2848 2140 honos
2873 2089 3150 2152 baberetur,
3170 2093 3220 2140 et
3251 2091 3584 2142 Athenienses
3609 2093 3754 2142 nulla

2155 2185 2412 2248 ignominia
2439 2183 2763 2246 allicerentur,
2795 2185 2874 2246 pie
2907 2183 3022 2245 teci,
3055 2197 3154 2234 non
3186 2185 3388 2248 iniuste,
3409 2187 3462 2235 et
3481 2185 3608 2247 jure
3628 2201 3754 2236 con·

2154 2277 2398 2326 servabor.
2435 2278 2494 2326 Et
2518 2291 2606 2338 ego
2629 2279 2824 2340 propter
2839 2277 2946 2326 boec
2963 2276 3300 2326 immisericors
3317 2277 3472 2326 homo
3509 2291 3632 2327 sum
3663 2300 3676 2327 ε
3697 2281 3756 2328 tu

2155 2384 2271 2420 vero
2289 2370 2424 2432 pius,
2441 2369 2524 2432 qui
2543 2368 2608 2418 sis
2628 2381 2823 2430 eorum,
2853 2369 2936 2430 qui
2971 2367 3137 2418 iisdem
3158 2369 3320 2418 tecum
3345 2369 3397 2420 et
3414 2369 3760 2422 libationibus

2156 2467 2204 2514 et
2226 2463 2380 2526 epulis
2405 2463 2480 2513 usi
2502 2464 2644 2522 sunt,
2663 2463 2948 2512 acemator?

2225 2561 2328 2606 164.
2363 2559 2521 2618 Atque
2565 2555 2711 2605 etiam
2751 2555 3124 2606 inconstantiam
3163 2557 3214 2605 in
3243 2555 3456 2619 gerenda
3491 2558 3760 2620 republica

2157 2649 2274 2700 mihi
2297 2649 2513 2710 objecisti
2527 2684 2544 2711 ‚
2567 2647 2697 2710 quod
2717 2661 2870 2710 quum
2891 2649 3026 2710 prius
3049 2651 3243 2698 Graecos
3255 2651 3426 2698 contra
3449 2650 3754 2713 Philippum

2159 2743 2468 2792 concitassem
2483 2779 2499 2804 ,
2522 2743 2706 2804 legatus
2721 2739 2781 2790 ad
2803 2755 2917 2791 eum
2939 2741 3127 2792 iverim.
3195 2741 3458 2791 Enimvero
3479 2741 3626 2792 idem
3653 2746 3754 2793 cri-

2159 2848 2270 2885 men
2293 2833 2484 2897 publiee
2501 2833 2726 2882 omnibus
2745 2833 3110 2883 Atheniensibus
3127 2833 3339 2896 objicies.
3409 2834 3629 2884 Bellum
3655 2848 3761 2898 ges-

2158 2929 2285 2979 sistis
2315 2942 2426 2979 cum
2459 2925 2832 2978 Lacedaemoniis
2868 2947 2880 2977 ι
2909 2927 3104 2978 eosdem
3137 2931 3247 2991 post
3275 2927 3600 2978 Leuctricam
3632 2931 3760 2980 cala·

2160 3023 2378 3074 mitatem
2429 3021 2721 3072 defendistis.
2789 3022 3048 3072 Thebanos
3105 3023 3360 3072 exulantes
3417 3023 3476 3072 in
3539 3027 3760 3086 patriam

2161 3119 2436 3169 restituistis
2461 3136 2475 3167 ι
2505 3118 2559 3167 et
2575 3129 2742 3166 rursus
2761 3116 2958 3166 eosdem
2992 3115 3054 3166 ad
3079 3115 3370 3166 Mantineam
3400 3121 3760 3180 oppugnastis.

2161 3212 2483 3276 oppugnastis
2527 3212 2823 3262 Eretrienses
2855 3213 2905 3261 et
2937 3211 3276 3262 Themisonem
3317 3225 3330 3260 :
3361 3212 3522 3273 atque
3551 3213 3760 3264 eosdem

2162 3305 2495 3356 conservastis.
2561 3307 2626 3355 Et
2653 3307 2850 3354 Groecos
2873 3303 3086 3354 infinitos
3102 3305 3276 3354 eodem
3293 3304 3441 3354 modo
3473 3307 3760 3358 tractastis.

2163 3399 2284 3446 Nam
2313 3399 2520 3461 tempori
2547 3399 2747 3461 servire,
2769 3400 2820 3448 et
2849 3399 3034 3461 optima
3053 3411 3262 3461 quaeque
3289 3398 3528 3461 amplecti
3559 3401 3764 3463 publice

2164 3497 2212 3544 et
2243 3493 2496 3558 privatim,
2529 3507 2698 3543 omnes
2731 3506 2924 3543 necesse
2959 3493 3156 3543 habent.
3223 3493 3353 3556 (165)
3399 3494 3540 3551 Quid
3577 3499 3760 3546 autem

2163 3588 2292 3637 bono
2316 3587 2526 3637 senatori
2552 3589 2622 3637 est
2651 3587 2922 3650 agendum?
2941 3600 3100 3636 nonne
3118 3587 3398 3650 reipublicae
3415 3600 3512 3650 pro
3539 3603 3600 3640 re
3625 3593 3760 3650 nata,

2169 3693 2223 3730 ea
2242 3693 2354 3744 quae
2373 3679 2625 3730 utilissima
2637 3681 2750 3742 sint,
2770 3679 3044 3730 suadenda?
3063 3679 3289 3743 improbo
3309 3694 3451 3743 porro
3471 3685 3764 3733 accusatori

2165 3773 2280 3836 quid
2314 3775 2388 3823 est
2439 3773 2733 3822 dicendum?
2778 3786 2940 3823 nonne
2978 3773 3278 3836 temporibus
3315 3772 3648 3826 dissimulatis
3689 3789 3766 3825 res

2165 3870 2310 3930 gestas
2329 3866 2643 3916 accusandae?
2667 3866 2806 3916 Unde
2823 3879 2967 3929 porro
2982 3867 3127 3916 homo
3150 3866 3212 3916 ad
3235 3865 3568 3929 proditionem
3589 3872 3764 3932 natus,

2168 3962 2240 4010 est
2265 3959 2582 4024 spectandus?
2603 3960 2784 4010 nonita
2797 3996 2814 4021 ,
2836 3961 2893 4009 ut
2911 3962 2966 4009 tu
2985 3959 3042 4010 iis
3059 3973 3177 4010 usus
3193 3973 3245 4010 es
3266 3959 3352 4021 qui
3371 3959 3460 4008 tibi
3487 3962 3766 4012 familiares

2169 4054 2363 4102 suerunt
2376 4088 2390 4114 ,
2415 4053 2464 4102 et
2491 4051 2636 4102 tidem
2663 4051 2969 4113 habuerunt3
2996 4052 3080 4114 qui
3113 4051 3179 4100 ob
3199 4050 3476 4100 mercedem
3502 4056 3768 4105 orationes

2169 4141 2228 4192 ad
2261 4143 2442 4205 judicia
2471 4142 2677 4204 scribat,
2705 4155 2884 4204 easque
2908 4142 3080 4205 prodat
3113 4143 3430 4194 adversariis?
3455 4147 3766 4196 orationem

2169 4235 2395 4298 scripsisti
2419 4234 2695 4286 Phormioni
2731 4233 2968 4284 mensario
2981 4271 2995 4295 ,
3030 4235 3233 4296 pecunia
3267 4238 3466 4298 aoeepta
3499 4257 3514 4286 ε
3547 4240 3764 4290 eandem

2174 4329 2460 4392 Apollodoro
2480 4327 2744 4389 tradidisti,
2777 4328 2862 4390 qui
2884 4328 3220 4377 Phormionem
3256 4328 3428 4392 capitis
3463 4333 3762 4384 accusabat.

2175 4423 2305 4484 (166)
2331 4426 2573 4484 lngressus
2609 4434 2662 4471 es
2697 4421 2750 4469 in
2781 4421 3031 4470 florentem
3065 4421 3324 4472 Aristarchi
3359 4420 3608 4484 domum,
3653 4428 3764 4475 Mo-

2172 4517 2274 4566 schi
2295 4516 2378 4565 tilii
2396 4532 2410 4578 3
2431 4527 2538 4564 eam
2563 4513 2825 4577 perdidisti.
2859 4513 3130 4576 praecepisti
3147 4514 3240 4563 tria
3253 4515 3436 4563 talenta
3453 4513 3524 4563 ab
3539 4517 3766 4567 Aristar·

2175 4609 2268 4657 cho
2301 4609 2386 4670 qui
2408 4609 2606 4658 exulat:
2628 4621 2740 4657 eum
2771 4606 2902 4656 exilii
2931 4607 3111 4656 viatico
3136 4606 3375 4669 spoliasti,
3411 4607 3602 4658 tamam
3641 4611 3768 4661 nihil

2179 4702 2384 4763 veritus,
2403 4714 2558 4763 quum
2594 4703 2646 4750 te
2676 4701 2840 4750 mirari
2872 4701 3074 4750 formam
3099 4699 3415 4750 adolescentis
3449 4699 3764 4753 simulasses.

2175 4798 2341 4857 Neque
2373 4794 2499 4844 enim
2523 4807 2635 4844 vere
2657 4793 2860 4842 miratus
2879 4806 2931 4842 es
2959 4806 3152 4856 :neque
3173 4792 3302 4842 enim
3321 4805 3466 4841 verus
3481 4806 3638 4844 amor
3675 4796 3764 4844 im·

2179 4888 2462 4952 probitatem
2497 4887 2727 4938 admittit.
2753 4891 2825 4937 Ex
2839 4887 2916 4937 his
2945 4885 3278 4950 similibusque
3308 4885 3456 4935 rebus
3489 4889 3764 4938 {estiman-

2177 4983 2269 5032 dus
2294 4984 2368 5032 est
2385 4981 2616 5044 proditor.

2245 5085 2348 5130 167.
2380 5079 2601 5138 Quodam
2619 5079 2764 5128 etiam
2782 5077 2890 5127 loeo
2909 5075 3092 5127 militiae
3111 5075 3402 5124 mentionem
3419 5075 3556 5136 fecit,
3577 5089 3766 5140 meque

2178 5167 2421 5231 egregium
2449 5167 2588 5216 illum
2615 5165 2816 5216 militem
2840 5164 3124 5227 appellavit3
3156 5176 3244 5225 ego
3267 5175 3382 5211 vero
3409 5175 3510 5212 non
3555 5170 3764 5228 propter

2180 5257 2308 5307 illius
2332 5255 2633 5318 convicium,
2653 5253 2736 5305 sed
2756 5252 3044 5304 discriminis
3061 5250 3206 5312 huius
3225 5249 3388 5300 habita
3409 5251 3602 5302 ratione
3617 5289 3631 5316 ‚
3656 5255 3764 5302 sine
