3825 5834
1479 444 1980 507 FRAGMENTA.

127 591 214 669 ἐγὼ
237 578 302 656 εἷς
339 578 400 659 ἦν
426 585 641 666 αἱρεθεὶς
661 584 762 645 ὑπὸ
799 590 894 645 σοῦ
913 631 930 661 ‚
957 586 1020 646 ἐκ
1063 586 1118 645 δὲ
1151 590 1257 645 τῶν
1295 584 1472 645 ἄλλων
1505 588 1656 659 Ἀθη-

126 682 258 737 ναίων
283 674 477 739 ἐκάλεις
497 672 584 732 ἐπὶ
602 674 664 733 τὸ
684 672 1020 751 δικαστήριον
1041 674 1158 740 τοὺς
1179 674 1532 753 βοηθήσοντάς
1551 699 1652 736 σοι.

127 760 198 833 (ιι)
224 755 318 815 Καὶ
337 754 400 811 τὰ
425 753 520 828 μὲν
551 752 685 811 ἄλλα
708 751 762 810 τί
784 754 862 811 δεῖ
887 753 1093 831 λέγειν;
1136 756 1280 833 αὐτῷ
1309 754 1363 813 δὲ
1385 754 1556 835 τούτῳ
1579 760 1654 833 τῷ

127 850 262 925 ἀγῶνι
284 846 386 906 πῶς
413 840 702 919 κέχρησαι;
739 844 798 901 οὗ
817 842 1189 921 κατηγόρησας
1212 842 1380 901 ὁπόσα
1405 843 1652 916 ἐ6ούλους

125 940 172 994 οὐ
215 938 488 1009 Λυκοῦργον
537 930 743 999 ἐκάλεις
793 930 1328 1011 συγκατηγορήσοντα
1347 974 1364 1003 ,
1414 932 1532 991 οὔτε
1579 936 1653 1013 τῷ

125 1023 265 1097 λέγειν
300 1017 494 1085 οὐδενὸς
521 1023 628 1077 τῶν
671 1022 724 1078 ἐν
761 1024 826 1097 τῇ
864 1018 1014 1077 πόλει
1049 1018 1454 1100 καταδεέστερον
1488 1020 1613 1079 ὄντα
1631 1066 1646 1091 ,

127 1108 243 1187 παρὰ
274 1106 462 1171 τούτοις
502 1129 560 1165 τε
602 1106 810 1187 μέτριον
849 1110 940 1167 καὶ
969 1112 1154 1179 ἐπεικῆ
1183 1108 1431 1168 δοκοῦντα
1479 1100 1648 1181 εἷναις

126 1200 198 1274 (ta)
223 1186 342 1255 Εἶτα
364 1192 445 1251 σοὶ
481 1194 576 1267 μὲν
603 1194 770 1262 ἔξεστι
797 1196 886 1255 καὶ
923 1194 1164 1276 φεύγοντι
1192 1194 1313 1263 τοὺς
1361 1196 1650 1274 βοηθήσον-

121 1309 196 1350 τας
217 1284 378 1341 καλεῖν
403 1282 500 1340 καὶ
529 1282 772 1343 διώκοντι
796 1283 912 1351 τοὺς
941 1284 1360 1362 συνκατηγόρους
1391 1284 1646 1343 ἀναδιδά-

123 1376 304 1442 σασθαι,
349 1368 402 1435 ὃς
451 1371 514 1427 οὗ
555 1370 710 1445 μόνον
755 1370 886 1449 ὑπὲρ
931 1376 1152 1430 σεαυτοῦ
1197 1372 1414 1431 δύνασαι
1459 1373 1646 1443 εἰπεῖν,

122 1458 230 1517 ἀλλὰ
241 1456 322 1515 καὶ
336 1456 427 1533 ὅλῃ
461 1458 578 1536 [τῇ]
597 1458 746 1518 πόλει
771 1459 1062 1537 πράγματα
1082 1459 1333 1539 παρέχειν
1365 1460 1543 1525 ἱκανὸς
1574 1450 1644 1518 εἶ·

121 1546 386 1623 Εὐξενίππῳ
427 1546 478 1601 δ’
506 1544 586 1603 ὅτι
633 1548 843 1619 ἰδιώτης
872 1548 982 1605 ἐστὶ
1026 1546 1118 1603 καὶ
1151 1546 1502 1626 πρεσὸύτερος
1533 1548 1646 1606 οὐδὲ

120 1634 214 1698 τοὺς
235 1632 437 1697 οἰκείους
471 1632 676 1699 ἔξεσται
706 1637 931 1712 βοηθεῖν·
956 1636 1002 1693 εἰ
1030 1634 1083 1691 δὲ
1119 1635 1194 1709 μή
1215 1678 1231 1705 ,
1265 1634 1650 1706 διαὸληθήσον-

119 1744 189 1777 ται
214 1718 303 1778 ὑπὸ
322 1725 429 1777 σοῦ·
467 1718 532 1789 νὴ
566 1720 692 1797 Δία,
726 1720 792 1778 τὰ
831 1720 930 1799 γὰρ
959 1721 1306 1799 πεπραγμένα
1341 1724 1484 1801 αὐτῷ
1503 1723 1646 1782 δεινά

117 1810 208 1866 ἐστι
225 1807 304 1865 καὶ
325 1804 444 1873 ἄξια
468 1808 692 1866 θανάτου
709 1853 726 1879 ,
753 1810 820 1873 ὥς
849 1809 910 1867 σὺ
932 1809 1098 1885 λέγεις
1121 1811 1174 1866 ἐν
1198 1814 1264 1889 τῇ
1289 1810 1597 1889 κατηγορίᾳ.

179 1914 237 1951 u.
277 1890 554 1970 Σκέψασθε
577 1892 641 1962 δή
665 1937 682 1969 ,
709 1884 752 1952 ὦ
776 1892 955 1972 ἄνδρες
981 1892 1254 1965 δικασταί,
1280 1896 1398 1951 καθ’
1418 1893 1472 1951 ἓν
1502 1892 1633 1952 ἕκα-

116 2006 214 2040 στον
244 1982 404 2039 αὐτῶν
427 1980 774 2049 ἐξετάζοντες.
862 1980 932 2042 ‘0
961 1984 1126 2057 δῆμος
1150 1982 1465 2062 προσέταξεν
1490 1982 1647 2049 Εὐξε-

111 2072 260 2147 νίππῳ
280 2067 434 2146 τρίτῳ
466 2072 614 2151 αὐτῷ
639 2071 1078 2146 ἐγκατακλιθῆναι
1097 2072 1168 2137 εἰς
1204 2070 1264 2127 τὸ
1291 2071 1430 2149 ἱερόν
1447 2114 1464 2145 ‚
1488 2062 1637 2138 οὗτος

115 2159 158 2215 δὲ
179 2154 422 2233 κοιμηθεὶς
457 2156 696 2216 ἐνύπνιόν
733 2180 888 2235 φησιν
927 2159 1054 2215 ἰδεῖν
1073 2202 1088 2231 ,
1115 2156 1144 2216 8
1169 2160 1244 2237 τῷ
1277 2158 1432 2234 δήμω
1461 2160 1644 2236 ἀπαγ-

112 2248 270 2321 γεῖλαι.
345 2248 514 2305 Τοῦτ’
559 2248 606 2302 εἷ
637 2244 732 2322 μὲν
757 2244 1123 2320 ὓπελᾶμὸανες
1161 2248 1328 2317 ἀληθῆ
1360 2218 1523 2318 εἷναι,
1551 2245 1645 2305 καὶ

113 2323 268 2389 δεῖδεν
295 2334 344 2389 ἐν
373 2336 458 2411 τῷ
503 2331 652 2409 ὕπνῳ
681 2334 820 2390 τοῦτ’
861 2331 1018 2389 αὐτὸν
1051 2334 1370 2409 α’παγγεῖλαι
1397 2332 1525 2411 πρὸς
1551 2332 1640 2391 τὸν

111 2422 248 2494 δῆμον
265 2462 282 2487 ,
307 2420 356 2477 τί
381 2420 480 2477 καὶ
508 2420 680 2477 ἀδικεῖ
709 2420 743 2477 ἃ
771 2424 800 2477 ὁ
827 2420 939 2486 θεὸς
965 2422 1108 2498 αὐτῷ
1137 2420 1459 2499 προσέταττε
1491 2420 1638 2478 ταῦτ’

112 2505 370 2584 ἐξαγγείλας
399 2506 532 2585 πρὸς
579 2506 911 2577 Ἀθηναίουςς
957 2508 1042 2583 (ts)
1082 2509 1149 2566 Ei
1196 2505 1282 2578 δέ,
1309 2504 1491 2586 ὥσπερ
1529 2507 1638 2567 νυνὶ

109 2596 246 2668 λέγεις
263 2642 277 2667 ,
307 2600 436 2673 ἡγοῦ
471 2594 630 2652 αὐτὸν
652 2593 1086 2673 καταψεύσασθαι
1112 2598 1206 2652 τοῦ
1229 2599 1346 2652 θεοῦ
1371 2594 1462 2652 καὶ
1487 2619 1639 2675 χαρι-

111 2684 285 2753 ζόμενόν
313 2706 418 2740 τισι
450 2680 526 2759 μὴ
558 2684 760 2753 τάληθῆ
808 2684 1195 2757 ἀπηγγελκέναι
1240 2686 1316 2761 τῷ
1344 2682 1499 2763 δήμῳ
1524 2729 1539 2754 ,
1578 2686 1636 2742 οὗ

3202 462 3315 514 377

1747 582 1919 659 ψαντα
1947 577 2198 640 πυθέσθαι
2240 582 2387 662 παρὰ
2425 588 2514 641 τοῦ
2556 589 2671 645 θεοῦ
2710 583 2805 657 τὴν
2846 584 3125 658 ἀλήθειαν·
3158 584 3222 645 σὺ
3253 585 3313 647 δὲ

1746 672 1896 727 τοῦτο
1922 668 2017 745 μὲν
2037 672 2129 728 οὐκ
2150 671 2427 744 ἐποίησας,
2447 672 2697 753 ψήφισμα
2718 672 2771 731 δὲ
2792 674 3060 742 αὐτοτελὲς
3081 674 3313 756 ἔγραψας

1745 756 1884 811 κατὰ
1922 756 2062 815 δυοῖν
2110 759 2295 837 φυλαῖν
2338 762 2396 817 οὗ
2445 760 2599 833 μόνον
2634 760 2987 836 ἀδικώτατον,
3038 762 3175 821 ἀλλὰ
3216 764 3308 822 καὶ

1745 841 1973 901 ἐναντίον
2004 844 2129 903 αὐτὸ
2166 847 2337 925 ἑαυτῷ
2356 868 2369 883 ·
2412 846 2479 904 δι’
2518 844 2647 929 ὅπερ
2674 846 2813 919 ἥλως
2850 850 3171 929 παρανόμων
3190 894 3207 922 ,
3243 852 3304 910 οὗ

1745 929 1810 987 δι’
1837 927 2177 999 Εὐξένιππον.
2210 1002 2215 1007 ,

1825 1035 1897 1076 ιο.
1946 1016 2313 1096 Ἐξετοίσωμεν
2338 1018 2394 1079 δὲ
2426 1020 2547 1100 περὶ
2572 1026 2729 1083 αὐτοῦ
2758 1024 2960 1084 τουτονὶ
2984 1024 3071 1083 τὸν
3088 1024 3301 1105 τρόπον.

1743 1104 1812 1162 Αἱ
1841 1104 1999 1183 φυλαὶ
2028 1104 2215 1165 σύνδυο
2242 1107 2515 1185 γενόμεναι
2540 1109 2607 1168 τὰ
2630 1110 2725 1191 ὄρη
2746 1111 2811 1169 τὰ
2842 1116 2895 1173 ἐν
2918 1113 3152 1195 Ὠρωπῷ
3182 1113 3307 1171 διεί-

1740 1191 1919 1265 λοντο,
1941 1197 2033 1252 τοῦ
2060 1194 2227 1269 δήμου
2252 1197 2437 1262 αὐταῖς
2464 1196 2657 1265 δόντος.
2743 1202 2913 1259 Τοῦτο
2940 1199 3001 1258 τὸ
3026 1199 3141 1280 ὅρος
3169 1200 3301 1260 ἐλα-

1738 1298 1832 1354 χεν
1859 1276 2173 1356 Ἀκαμαντὶς
2194 1282 2283 1339 καὶ
2309 1280 2695 1351 Ἱπποθοωντίς.
2781 1285 2992 1353 Ταύτας
3022 1288 3115 1353 τὰς
3142 1286 3305 1367 φυλὰς

1740 1366 1969 1445 ἔγραψας
2008 1370 2292 1427 ἀποδοῦναι
2340 1369 2401 1428 τὸ
2448 1368 2564 1450 ὅρος
2589 1376 2665 1452 τῷ
2720 1372 3030 1453 Ἀμφιαράῳ
3078 1376 3167 1433 καὶ
3206 1375 3305 1447 τὴν

1739 1454 1898 1530 τιμὴν
1936 1445 2009 1514 ὧν
2048 1454 2330 1534 ἀπέδοντο,
2376 1462 2448 1525 ὡς
2491 1460 2743 1540 πρότερον
2773 1460 2889 1525 τοὺς
2930 1462 3138 1540 ὁριστὰς
3185 1461 3305 1527 τοὺς

1739 1541 2061 1614 πεντήκοντα
2104 1545 2371 1612 ἐξελόντας
2402 1545 2529 1605 αὐτὸ
2556 1551 2634 1626 τῷ
2666 1550 2766 1626 θεῷ
2805 1548 2893 1606 καὶ
2922 1549 3269 1629 ἀφορίσαντας
3286 1594 3301 1620 ,

1739 1630 1830 1687 καὶ
1861 1634 1919 1689 οὗ
1958 1632 2327 1711 προσηκόντως
2354 1634 2447 1701 τὰς
2484 1634 2576 1693 δύο
2618 1635 2782 1714 φυλὰς
2813 1637 3035 1715 ἐχούσας
3060 1636 3121 1697 τὸ
3165 1638 3301 1717 ὄρος.

1744 1716 1832 1795 (17)
1869 1721 2077 1799 Μικρὸν
2109 1720 2163 1779 δὶ
2194 1722 2451 1781 διαλιπὼν
2479 1724 2535 1782 ἐν
2559 1724 2737 1803 ταύτῷ
2766 1726 3064 1805 ψηφίσματι
3090 1726 3306 1806 γράφεις

1737 1806 1830 1872 τὰς
1856 1807 1997 1866 ὀκτὼ
2018 1808 2181 1887 φυλὰς
2206 1812 2423 1889 πορίσαι
2450 1821 2567 1869 ταῖν
2592 1813 2733 1870 δυοῖν
2762 1814 2950 1890 φυλαῖν
2981 1812 3045 1871 τὰ
3074 1813 3302 1894 διάφορα

1737 1895 1827 1952 καὶ
1857 1896 2165 1969 ἀποδοῦναι,
2184 1896 2325 1965 ὅπως
2354 1897 2415 1956 ἂν
2434 1900 2507 1974 μὴ
2537 1901 2879 1963 ἐλαττῶνται.
2918 1900 3107 1959 Καίτοι
3134 1904 3179 1959 εἰ
3201 1901 3299 1978 μὲν

1737 1981 1867 2042 ἴδιον
1895 1983 2003 2063 [ὃν]
2030 1989 2135 2043 τῶν
2172 1988 2346 2065 φυλῶν
2378 1988 2581 2067 ἀφῃροῦ
2611 1986 2673 2045 τὸ
2700 1987 2842 2067 ὅρος,
2870 1992 2983 2054 πῶς
3015 1989 3111 2048 οὐκ
3143 1990 3303 2068 ὀργῆς

1736 2069 1902 2143 ἄξιος;
1935 2075 1979 2130 εἰ
2020 2072 2073 2130 δὲ
2120 2072 2193 2145 μὴ
2224 2073 2595 2151 προσηκόντως
2635 2064 2776 2152 εἶχον
2816 2076 2977 2149 αὐτό,
3028 2076 3165 2136 ἀλλὰ
3206 2081 3296 2135 τοῦ

1735 2162 1848 2215 θεοῦ
1879 2158 1965 2232 ὄν,
1988 2160 2073 2219 διὰ
2101 2160 2155 2217 τί
2182 2161 2276 2227 τὰς
2304 2160 2467 2226 ἄλλας
2492 2158 2655 2241 φυλὰς
2685 2162 2901 2240 ἔγραφες
2928 2165 3108 2229 αὐταῖς
3129 2186 3298 2245 προσ-

1733 2246 2037 2305 αποδιδόναι
2086 2248 2365 2327 ἅργύριονς
2418 2248 2711 2326 Ἀγαπητὸν
2759 2252 2861 2328 γὰρ
2916 2242 2980 2321 ἦν
3034 2252 3215 2317 αὐταῖς
3252 2254 3298 2309 εἰ

1735 2329 1803 2388 τὰ
1851 2338 1944 2391 τοῦ
2000 2338 2116 2393 θεοῦ
2164 2334 2524 2396 ἀποδώσουσιν
2572 2335 2663 2394 καὶ
2711 2337 2785 2415 μὴ
2822 2338 3299 2416 προσαποτίσουσιν

1731 2420 1996 2500 ἀργύριον.

1811 2528 1878 2569 ta.
1926 2513 2093 2569 Ταῦτ’
2114 2513 2167 2569 ἐν
2193 2514 2269 2591 τῷ
2300 2510 2619 2590 δικαστηρίῳ
2644 2512 2985 2589 ἐξεταζόμενα
3013 2514 3105 2572 οὐκ
3138 2514 3301 2591 ὀρθῶς

1730 2597 1895 2656 ἐδόκει
1938 2599 2257 2676 γεγράφθαι,
2294 2598 2433 2656 ἀλλὰ
2465 2600 2894 2680 κατεψηφίσαντό
2924 2624 3014 2660 σου
3056 2604 3102 2660 οἱ
3150 2603 3299 2659 δικα·

1727 2684 1869 2743 σταί.

1971 2678 2083 2745 Εἶτ’
2130 2688 2175 2743 εἰ
2237 2685 2331 2760 μὲν
2374 2686 2631 2764 ἀπέφυγες
2677 2687 2770 2757 τὴν
2808 2689 3045 2768 γραφήν,
3094 2691 3188 2748 οὐκ
3235 2689 3300 2748 ἂν

109 2770 317 2847 ψήφισμα
359 2772 528 2849 ἐχρῆν
573 2792 631 2827 σε
679 2770 807 2849 πρὸς
854 2768 913 2827 τὸ
950 2768 1186 2827 ἐνύπνιον
1226 2770 1442 2849 γράφειν
1464 2814 1480 2845 ,
1519 2772 1650 2829 ἀλλ”
1731 2769 2093 2851 κατεψεύσατο
2134 2765 2280 2840 οὗτος
2320 2778 2411 2832 τοῦ
2456 2780 2605 2847 θεοῦ,
2642 2776 2824 2845 ἐπειδὴ
2875 2778 2930 2835 δὲ
2972 2776 3163 2847 συνέὸη
3216 2800 3297 2835 σοι

109 2858 212 2933 ὅπερ
235 2861 259 2913 δ
284 2858 532 2935 πρότερος
570 2858 698 2931 ἐμοῦ
734 2857 899 2933 λέγων
926 2846 1070 2915 εἶπεν
1089 2902 1106 2931 ‚
1139 2858 1208 2922 εἰς
1241 2856 1472 2936 Δελφοὺς
1495 2858 1630 2932 πέμ·-

1729 2859 1958 2929 ἇλῶναι,
2002 2860 2326 2927 Εὐξένιππον
2360 2863 2436 2919 δεῖ
2484 2863 2839 2922 ἀπολωλέναι·
2868 2864 2958 2922 καὶ
2988 2865 3067 2923 σοὶ
3097 2864 3189 2940 μὲν
3222 2866 3299 2943 τῷ

109 3022 354 3085 -§13.15!1
381 3027 500 3071 ante
519 3024 654 3071 πόλει
683 3022 880 3071 inseruit
901 3023 1070 3073 cobet.
1110 3052 1168 3062 —
1193 3022 1222 3085 §
1257 3026 1326 3072 17.
1352 3023 1582 3087 πορίσαι]
1607 3030 1802 3082 ποιῆσαι
1825 3024 1955 3085 cod.;
1976 3038 2071 3074 em.
2106 3027 2274 3076 Cobet.
2316 3026 2450 3076 idem
2471 3032 2518 3075 et
2549 3029 2738 3077 Patakis
2765 3030 2815 3077 ὃν
2856 3030 3162 3080 inseruerunt
3188 3036 3301 3081 ante

109 3104 248 3139 vocem
266 3094 394 3141 ἱδιον.
409 3119 472 3132 -
489 3091 628 3155 ὀργῆς
641 3092 764 3148 ἄξιος
780 3108 794 3151 ;
810 3090 830 3153 ]
846 3092 945 3154 ὀργ.
973 3092 1094 3147 ἄξιος
1118 3092 1158 3141 εἶ
1173 3110 1186 3155 ;
1203 3094 1242 3141 ei
1262 3092 1656 3143 Scitneidewinus
1672 3112 1687 3157 ;
1702 3094 2009 3157 cacophoniae
2032 3097 2239 3146 vitandas
2258 3112 2403 3147 causa
2423 3099 2585 3146 malim
2606 3100 2742 3161 ὀργῆς
2758 3102 2817 3149 σὺ
2842 3101 2963 3156 ἄξιος
2982 3118 2997 3159 ;
3018 3102 3155 3163 ὀργῆς
3173 3103 3301 3158 ἄξιον

106 3162 282 3222 conjecit
303 3162 523 3223 bangius.

107 3316 188 3361 tuae
209 3317 424 3375 patronos
447 3327 510 3361 ex
539 3314 736 3376 AEgeide
781 3314 910 3362 tribu
937 3314 1186 3374 postulasti
1203 3351 1218 3373 ,
1249 3314 1372 3363 inter
1397 3328 1522 3376 quos
1557 3330 1644 3376 ego

107 3399 272 3446 quoque
288 3400 314 3432 a
337 3390 386 3435 te
419 3385 627 3435 selectus
649 3397 782 3433 eram
801 3419 815 3442 ,
841 3386 1056 3445 aliosque
1091 3399 1118 3433 e
1145 3386 1315 3434 ceteris
1346 3387 1646 3435 Atheniensi·

109 3454 184 3501 bus
219 3456 262 3503 in
296 3455 482 3516 iudicio
513 3454 830 3503 auxiliaturus
863 3455 950 3503 tibi
993 3454 1254 3504 advocasti.
1323 3457 1424 3519 (12)
1471 3460 1644 3507 Verum

109 3528 242 3587 priora
279 3526 359 3575 ilia
399 3526 518 3587 quid
545 3526 708 3575 dicere
737 3528 940 3576 attinet?
969 3528 1227 3585 Quomodo
1262 3530 1426 3577 autem
1451 3530 1499 3577 iu
1531 3542 1646 3592 pras-

107 3597 208 3645 stnti
231 3597 487 3647 certamine
507 3610 608 3645 rem
634 3597 772 3657 agis?
799 3601 969 3648 Nonne
1008 3597 1332 3660 quodcunque
1367 3600 1575 3649 volueris
1599 3602 1646 3649 in

107 3668 376 3716 accusatione
408 3665 687 3729 protulisti?
723 3679 884 3716 nonne
927 3668 974 3716 in
1021 3668 1292 3717 accusando
1323 3670 1510 3717 socium
1561 3670 1646 3719 tibi

107 3734 338 3794 adjunxisti
365 3738 640 3797 Lycurgum
657 3772 672 3797 ,
697 3736 854 3784 virum
874 3735 1060 3785 dicendi
1085 3738 1310 3787 facultate
1329 3738 1469 3786 nullo
1489 3738 1535 3786 in
1557 3738 1648 3787 bac

109 3806 206 3853 urbe
241 3807 506 3856 interiorem
547 3813 596 3855 et
644 3807 772 3869 apud
797 3808 988 3869 iudices
1025 3808 1272 3857 modestice.
1311 3814 1361 3859 et
1395 3810 1644 3871 aequitatis

109 3877 229 3925 lande
244 3880 460 3928 ciarum?
523 3878 624 3940 (13)
645 3880 820 3941 Itaque
846 3880 933 3929 tibi
962 3881 1158 3943 quidem
1188 3883 1298 3930 licet
1332 3886 1382 3931 et
1409 3894 1491 3930 reo
1514 3883 1648 3930 auxi·

107 3946 242 3994 {iarios
257 3962 494 3997 arcessere
512 3952 562 3997 et
573 3950 819 3997 accusanti
841 3950 1000 3999 socios
1015 3952 1063 3999 in
1086 3956 1364 4013 suggestum
1375 3952 1640 4014 adducere3

107 4018 296 4074 quamvis
320 4031 416 4065 nun
451 4015 596 4065 modo
625 4031 710 4079 pro
736 4019 785 4066 te
825 4018 927 4081 ipse
953 4021 1114 4070 dicere
1145 4023 1330 4084 possis,
1371 4022 1453 4071 sed
1501 4022 1646 4070 etiam

109 4086 184 4133 toti
209 4088 388 4136 civitati
409 4088 596 4150 negotia
627 4088 861 4137 facessere
884 4092 1042 4140 valeas
1065 4092 1378 4154 :Euxenippo
1402 4094 1588 4153 autem,
1619 4106 1646 4140 a

109 4157 182 4204 tori
198 4156 392 4218 strepitu
413 4158 570 4208 alieno
588 4160 641 4207 et
669 4161 816 4207 oetate
829 4158 931 4220 jam
957 4160 1260 4221 provectiori,
1291 4174 1454 4223 neque
1479 4161 1648 4209 amicis

109 4239 242 4287 netme
281 4229 593 4278 tamiliaribus
622 4230 846 4279 auxiliari
869 4230 1062 4291 licebit3
1085 4230 1158 4279 sin
1193 4232 1349 4280 minus
1367 4267 1382 4290 ,
1409 4232 1496 4279 bos
1519 4232 1648 4293 ipsos

108 4298 336 4348 calumniis
363 4301 456 4349 tuis
485 4301 534 4351 in
561 4298 742 4350 crimen
769 4300 1023 4362 traduces3
1051 4312 1162 4350 nam
1192 4316 1305 4363 qum
1341 4303 1647 4363 Euxenippus

109 4369 334 4417 commisit
359 4373 636 4430 gravissima
658 4384 764 4422 esse
791 4371 1056 4436 capithque
1079 4385 1266 4435 poenam
1291 4373 1460 4422 mereri
1481 4373 1530 4421 in
1562 4386 1644 4421 ac·

111 4442 334 4489 cus-‘itione
357 4448 406 4489 tu
433 4455 614 4503 crepas.

169 4516 233 4559 14.
265 4514 374 4580 Jam
397 4512 539 4574 igitur
556 4528 668 4576 quae
691 4526 768 4564 res
805 4514 868 4563 sit
888 4513 1184 4563 considerate
1203 4550 1216 4571 ‚
1237 4514 1443 4575 judices,
1467 4514 1648 4575 singula

122 4594 312 4641 quasque
340 4586 679 4636 examinantes.
747 4584 900 4635 Jussit
937 4585 1142 4646 populus
1181 4584 1510 4646 Euxenippnm
1535 4597 1647 4632 cnm

109 4649 196 4697 aliis
227 4650 410 4699 duobus
433 4652 479 4701 in
509 4654 847 4717 (Amphiarai)
868 4654 1050 4714 tempto
1088 4653 1342 4703 decubare.
1416 4654 1504 4703 Hic
1533 4654 1638 4702 dor·

111 4722 246 4769 miens
263 4723 326 4769 ibi
347 4724 580 4773 somnium
596 4738 648 4775 se
665 4724 847 4773 vidisse
867 4724 998 4781 dicit,
1015 4723 1160 4785 idque
1180 4725 1428 4775 nuntiasse
1447 4726 1640 4787 populo.

115 4794 204 4839 Hoc
231 4793 270 4841 si
311 4806 471 4843 verum
501 4810 603 4846 esse
646 4796 849 4858 putabas
877 4800 925 4844 et
951 4795 1079 4858 quod
1110 4810 1192 4857 per
1221 4810 1441 4845 somnum
1465 4796 1578 4844 vidit
1599 4796 1647 4845 id

113 4862 232 4910 illum
255 4864 426 4925 [apulo
457 4868 722 4926 nuntiasse,
747 4880 844 4928 quo
879 4866 1072 4915 demum
1095 4869 1234 4927 pacto
1256 4868 1470 4928 peccavit
1501 4881 1528 4915 a
1557 4868 1648 4916 deo

111 4933 228 4989 jussa
245 4936 466 4985 nuntians
484 4938 889 4987 Atheniensibus?
910 4936 1007 4998 (15)
1027 4937 1135 4998 Sin,
1167 4939 1220 4984 ut
1248 4950 1376 4985 nunc
1395 4939 1462 4985 ais
1476 4974 1490 4999 ,
1514 4938 1646 4986 illum

115 5008 240 5060 putas
255 5006 345 5052 deo
363 5008 608 5056 mentitum
625 5020 726 5054 esse
742 5044 757 5068 ,
775 5012 823 5055 et
843 5007 1158 5068 gratificatum
1183 5008 1422 5057 nonnullis
1449 5009 1563 5057 falsa
1582 5009 1642 5057 ad

115 5074 330 5131 popu'um
359 5075 599 5134 detulisse,
630 5090 726 5125 non
775 5076 1070 5137 rogationem
1102 5078 1226 5126 l'erre
1266 5077 1493 5126 adversus
1517 5091 1648 5125 som-

117 5142 235 5190 nium
252 5144 476 5206 debebas,
507 5146 588 5196 sed
607 5185 621 5208 ,
645 5146 773 5195 sicut
803 5146 949 5194 etiam
981 5146 1062 5207 qui
1093 5148 1205 5195 ante
1233 5160 1311 5195 me
1353 5148 1498 5196 verba
1532 5148 1644 5195 fecit

117 5210 224 5259 bene
246 5216 438 5276 monuit,
455 5218 664 5279 Delphos
681 5216 764 5267 tibi
791 5217 1010 5266 mittendi
1027 5224 1162 5266 eratit
1184 5220 1262 5277 qui
1281 5232 1341 5266 ex
1364 5218 1456 5267 deo
1482 5232 1646 5267 verum

121 5284 463 5335 sciscitarentur.
527 5291 599 5339 Tu
627 5302 742 5338 vero
773 5287 866 5337 boc
899 5288 1096 5350 quidem
1129 5302 1223 5338 non
1255 5288 1438 5353 fecisti,
1459 5289 1540 5339 sed
1567 5292 1650 5340 de·

1739 3320 1926 3366 cretum
1951 3318 2079 3378 quod
2112 3319 2273 3368 statim
2311 3324 2465 3366 ratum
2502 3324 2626 3369 esset
2655 3322 2822 3369 contra
2858 3320 3013 3369 tribus
3038 3322 3158 3369 duas
3184 3322 3301 3369 scri-

1737 3386 1874 3448 psisti
1899 3400 1995 3435 non
2016 3387 2161 3435 modo
2180 3387 2563 3447 injustissimum,
2591 3388 2673 3437 sed
2702 3389 2857 3451 ipsum
2872 3391 2959 3439 sibi
2980 3392 3297 3455 contrarium,

1735 3458 1785 3506 et
1807 3457 1872 3505 ob
1905 3456 1996 3505 boc
2024 3457 2286 3518 illegitimae
2309 3458 2567 3518 rogationis
2606 3458 2793 3508 actione.
2830 3459 3181 3511 condemnatus
3216 3474 3299 3519 es,

1736 3540 1831 3576 non
1861 3539 1977 3575 vero
2006 3527 2071 3575 ob
2100 3528 2452 3590 Euxenippum.

1806 3603 1876 3646 to.
1915 3598 2219 3657 inquiramus
2259 3611 2400 3659 porro
2440 3598 2567 3647 bunc
2604 3598 2653 3647 in
2679 3598 2896 3648 modum.
2961 3602 3124 3658 Quum
3152 3601 3299 3658 colles

1735 3668 1834 3729 agri
1872 3666 2040 3727 oropii
2082 3668 2204 3715 iuter
2243 3667 2379 3716 binas
2404 3668 2588 3728 tribus,
2613 3670 2905 3721 concedente
2928 3669 3135 3731 populo,
3168 3675 3299 3720 sorte

1735 3737 2153 3797 distribuerentur,
2182 3738 2351 3786 collem
2374 3738 2435 3787 de
2460 3752 2559 3799 quo
2583 3740 2737 3800 agitur
2762 3740 3030 3789 Acamantis
3046 3743 3097 3789 et
3117 3740 3296 3801 Hippo-

1736 3806 1945 3856 tboontis
1966 3805 2123 3855 tribus
2142 3811 2295 3856 nactae
2321 3813 2454 3857 sunt.
2519 3810 2591 3857 Tu
2617 3821 2729 3857 vero
2748 3809 3037 3872 rogationem
3052 3810 3113 3859 ad
3142 3824 3297 3872 popu-

1736 3876 1836 3925 lum
1866 3876 2045 3934 tulisti,
2064 3878 2119 3925 ut
2154 3877 2229 3925 bae
2256 3876 2411 3927 tribus
2438 3877 2607 3926 collem
2630 3878 2778 3927 iatum
2807 3878 3097 3941 Amphiarao
3123 3880 3296 3929 redde·

1737 3953 1842 3997 rent
1869 3948 2175 4010 pretiumque
2200 3961 2296 4009 quo
2340 3948 2661 3998 vendidissent
2697 3951 3029 4010 restituerent,
3072 3948 3298 4011 quoniam

1731 4018 1832 4080 jam
1851 4024 1963 4067 ante
1985 4018 2281 4067 sortitionem
2306 4018 2517 4067 finitores
2537 4019 2884 4081 quinquaginta
2910 4032 3111 4068 numero
3127 4019 3296 4066 collem

1735 4090 2026 4139 exemissent
2061 4090 2247 4152 deoque
2278 4102 2467 4138 sacrum
2517 4090 2880 4151 relinquendum
2925 4102 3030 4140 erse
3060 4090 3301 4148 designas·-

1735 4165 1868 4220 sent,
1889 4161 2009 4210 adeo
2034 4163 2089 4210 ut
2119 4167 2287 4210 contra
2330 4161 2399 4209 sas
2428 4174 2457 4208 a
2482 4160 2669 4209 duabus
2703 4161 2926 4210 tribubus
2954 4161 3295 4222 possideretur.

1739 4232 1837 4293 (17)
1869 4231 2035 4281 Paullo
2073 4233 2180 4294 post
2222 4234 2269 4280 in
2298 4232 2468 4280 eodem
2501 4233 2679 4294 scripto
2717 4246 2856 4293 rogas
2892 4236 2948 4281 ut
2968 4232 3165 4293 reliqum
3186 4231 3299 4279 octo

1738 4302 1894 4351 tribus
1920 4302 2111 4351 duabus
2153 4302 2243 4351 illis
2264 4302 2583 4352 differentiam
2610 4303 2920 4363 exaequarent
2947 4306 2995 4351 et
3028 4302 3137 4349 data
3162 4314 3299 4362 pecu·

1737 4374 1814 4421 nia
1851 4371 2082 4421 damnum
2118 4373 2179 4421 ab
2220 4373 2276 4421 iis
2316 4376 2567 4429 accentum
2600 4374 2981 4433 compensarent.
3047 4374 3225 4419 Verum
3258 4370 3299 4419 si

1739 4444 1983 4505 proprium
2012 4444 2231 4492 tribubus
2264 4444 2435 4491 collem
2469 4442 2671 4502 adimis,
2696 4442 2941 4502 quomodo
2964 4454 3059 4489 non
3092 4454 3296 4489 succen-

1737 4512 1938 4561 sendum
1972 4512 2054 4560 tibi
2095 4513 2270 4561 tuerit?
2290 4512 2361 4560 sin
2390 4512 2517 4560 baud
2539 4512 2667 4573 juste
2693 4512 2828 4561 collis
2854 4512 2915 4559 ab
2938 4512 2994 4559 iis
3033 4510 3299 4571 possidetur

1736 4580 1818 4630 sed
1849 4583 1923 4631 dei
1949 4589 2051 4641 est,
2089 4594 2175 4630 cur
2199 4587 2251 4629 tu
2287 4584 2459 4643 rogasti
2485 4586 2537 4631 ut
2560 4587 2733 4631 ceteras
2766 4581 2920 4630 tribus
2944 4581 3139 4640 insuper
3158 4592 3297 4641 pecu-

1739 4655 1866 4703 niam
1903 4654 1961 4702 iis
1986 4654 2259 4702 solverent?
2282 4656 2401 4701 Nam
2424 4654 2550 4713 aequi
2582 4652 2791 4712 bonique
2818 4652 2973 4701 facere
2997 4649 3235 4698 debebant
3258 4651 3296 4697 si

1738 4736 1850 4785 quae
1875 4722 1951 4771 dei
1982 4724 2145 4771 essent
2173 4723 2477 4771 restituentes
2502 4723 2679 4770 nullam
2705 4724 2897 4781 insuper
2922 4720 3148 4768 mulctam
3180 4734 3297 4782 pen-

1737 4796 2026 4914 degit-itha
2062 4876 2209 4923 quum
2254 4863 2301 4909 in
2340 4861 2521 4922 judicio
2552 4860 2956 4918 examinarentur,
2998 4858 3125 4907 baud
3172 4861 3299 4907 ret-te

1740 4948 1927 4997 rogasse
1955 4934 2087 4982 visus
2128 4946 2179 4982 es
2215 4932 2416 4993 ideoque
2438 4931 2624 4992 judices
2646 4932 2694 4979 te
2717 4928 3117 4977 condemnarunt.
3182 4931 3294 4978 Jam

1738 5008 1779 5056 si
1798 5005 2049 5054 absolutus
2071 5002 2239 5053 fuisses
2255 5039 2269 5062 ,
2294 5003 2411 5051 nibil
2438 5002 2515 5049 liic
2533 5001 2623 5050 deo
2644 5000 2873 5049 mentitus
2902 5001 3022 5048 toret
3037 5017 3051 5061 ;
3080 4998 3162 5048 sed
3184 5013 3299 5059 quo-

1738 5078 1866 5127 niam
1895 5078 2071 5127 accidit
2099 5080 2151 5125 ut
2182 5088 2325 5124 causa
2350 5073 2569 5132 caderes,
2588 5074 2871 5135 Euxenippo
2893 5072 3187 5135 pereundum
3208 5076 3297 5122 est.

1737 5151 1889 5198 Porro
1907 5149 1961 5197 tu
1986 5148 2179 5211 quidem
2195 5146 2258 5194 ob
2282 5146 2405 5193 male
2426 5144 2567 5191 latam
2592 5144 2883 5205 rogationem
2902 5144 3064 5205 viginti
3090 5142 3302 5204 quinque

1738 5218 1983 5267 drachmis
2020 5216 2279 5266 mulctatus
2306 5228 2381 5275 es,
2428 5212 2505 5261 liic
2545 5217 2705 5263 autem
2754 5215 2836 5274 qui
2884 5214 3045 5276 populi
3066 5214 3201 5274 jussu
3246 5215 3293 5261 in

1741 5289 1920 5351 templo
1959 5286 2242 5347 decubavit,
2272 5285 2322 5335 in
2367 5284 2525 5335 Attica
2560 5298 2619 5335 ne
2647 5285 2945 5347 sepeliendus
2974 5284 3167 5348 quidem
3200 5297 3303 5333 esse
