3825 5834
477 453 550 500 2ο
1373 446 1826 507 ΛΥΚΟΥΡΓΟΥ
1863 451 1911 506 Ο
1960 449 2160 515 ΚΑΤΑ
2202 457 2733 519 ΛΕΩΚΡΑΤΟΥΣ.

393 593 446 630 20
469 573 518 630 οἳ
546 573 627 631 ἀεὶ
660 572 1020 651 βασιλεύουσιν
1047 577 1100 634 ἐν
1130 574 1352 655 Σπάρτῃ
1375 619 1393 651 ,
1433 575 1548 642 τοὺς
1577 580 1700 653 παρ’
1730 581 1873 653 ὑμῶν
1899 582 2021 653 ἠγε-

3384 469 3497 541 (211
3541 509 3555 515 ·
3584 473 3683 544 2¹⁴)

2116 607 2197 642 eos
2226 599 2307 656 qui
2328 608 2357 643 a
2384 596 2519 645 vobis
2542 598 2785 660 propagati
2811 601 2970 664 essent
2996 600 3145 650 duces
3169 605 3539 664 praestantiorea
3568 608 3691 658 deus

479 662 638 737 μόνας
663 661 902 737 ἀμείνους
937 665 966 720 ὁ
999 661 1110 727 θεὸς
1133 661 1300 740 ἔκρινε
1322 707 1340 737 ,
1370 665 1481 728 πῶς
1515 666 1608 722 οὔκ
1637 663 2025 743 ἀνυπέρὸλητον
2110 683 2366 749 Judieavit,
2389 689 2631 750 quomodo
2654 703 2751 738 non
2770 692 3197 753 inexsuperabilem
3220 699 3468 756 majorum
3488 703 3687 750 nostro-

474 745 579 824 χρὴ
604 745 696 816 τὴν
721 747 927 804 ἐκείνων
949 745 1136 824 ἀρετὴν
1159 747 1413 824 νομίζειν,
1443 751 1553 828 (loo)
1568 741 1666 816 Τίς
1683 749 1782 828 γὰρ
1806 752 1901 807 οὐκ
1918 741 2023 808 οἶδε

475 839 578 890 τῶν
613 833 881 904 Ἑλλήνων
919 833 998 892 ὅτι
1037 838 1296 914 Τυρταῖον
1329 837 1616 914 στρατηγὸν
1645 835 1834 894 ἔλαὸον
1875 835 2021 914 παρὰ

473 924 566 990 τῆς
588 919 786 986 πόλεως
802 965 818 991 ,
850 920 962 996 μεθ’
985 911 1044 978 οὗ
1082 921 1173 978 καὶ
1200 924 1301 978 τῶν
1326 922 1589 997 πολεμίων
1614 923 1906 1001 ἐκράτησαν
1934 923 2021 981 καὶ

474 1007 567 1076 τὴν
603 1007 722 1086 περὶ
743 1007 861 1073 τοὺς
883 1006 1023 1073 νέους
1047 1007 1346 1083 ἐπιμέλειαν
1372 1008 1710 1075 συνετάξαντο
1726 1054 1744 1085 ,
1779 1012 1835 1068 οὗ
1865 1009 2019 1085 μόνον

475 1095 544 1154 εἷς
583 1092 670 1151 τὸν
695 1093 929 1173 παρόντα
959 1094 1190 1152 κίνδυνον
1233 1096 1351 1152 ἀλλ’
1393 1095 1464 1160 εἷς
1504 1095 1709 1153 ἅπαντα
1738 1095 1824 1154 τὸν
1855 1099 2019 1155 αἰῶνα

475 1181 879 1257 βουλευσάμενοι
923 1181 1116 1242 καλῶς.
1154 1177 1418 1238 Κατέλιπε
1461 1179 1562 1258 γὰρ
1609 1183 1778 1248 αὐτοῖς
1817 1185 2018 1258 ἐλεγεῖα

391 1287 444 1322 25
469 1264 690 1334 ποιήσας
709 1309 726 1341 ,
774 1257 847 1323 ὧν
884 1264 1154 1330 ἀκούοντες
1196 1263 1530 1324 παιδεύονται
1579 1266 1707 1346 πρὸς
1749 1266 1985 1345 ἀνδρείαν
2004 1291 2017 1304 ·

469 1351 589 1428 (107)
619 1351 708 1409 καὶ
731 1351 850 1428 περὶ
876 1349 994 1417 τοὺς
1022 1350 1210 1417 ἄλλους
1233 1350 1450 1420 ποιητὰς
1479 1353 1659 1410 οὐδένα
1685 1351 1832 1430 λόγον
1866 1353 2016 1431 ἔχον-

465 1461 551 1503 τες
570 1438 688 1518 περὶ
711 1440 893 1496 τούτου
915 1437 1050 1496 οὕτω
1071 1437 1266 1518 σφόδρα
1289 1437 1687 1512 ἐσπουδάκασιν,
1709 1438 1843 1498 ὥστε
1863 1439 2017 1514 νόμον

470 1523 663 1600 ἔθεντο,
679 1523 801 1582 ὅταν
822 1527 874 1582 ἐν
899 1533 1001 1589 τοῖς
1019 1522 1194 1590 ὅπλοις
1213 1525 1668 1603 ἐκστρατευόμενοι
1683 1525 1824 1597 ἴωσι,
1841 1528 2018 1584 καλεῖν

470 1610 558 1668 ἐπὶ
579 1611 676 1682 τὴν
704 1615 796 1669 τοῦ
827 1610 1081 1690 βασιλέως
1109 1609 1304 1682 σκηνὴν
1345 1611 1718 1686 ἀκουσομένους
1743 1616 1844 1670 τῶν
1875 1619 2019 1690 Τυρ-

467 1695 616 1755 ταίου
646 1697 953 1774 ποιημάτων
974 1697 1236 1769 ἅπαντας,
1256 1698 1543 1774 νομίζοντες
1569 1699 1730 1766 οὕτως
1754 1699 1816 1758 ἂν
1837 1697 2020 1764 αὐτοὺς

470 1781 698 1857 μάλιστα
717 1783 818 1861 πρὸ
841 1788 932 1854 τῆς
957 1784 1199 1862 πατρίδος
1225 1784 1412 1842 ἐθέλειν
1431 1784 1790 1854 ἀποθνήσκειν.
1814 1787 2017 1865 Χρήσι·

386 1893 443 1934 ao
469 1893 568 1946 μον
593 1871 638 1928 δ’
666 1870 776 1929 ἐστὶ
802 1869 892 1928 καὶ
913 1871 1110 1928 τούτων
1149 1873 1373 1929 ἀκοῦσαι
1395 1876 1498 1930 τῶν
1524 1873 1780 1950 ἐλεγείων,
1807 1871 1872 1931 ἵν’
1901 1872 2017 1930 ἐπί-

467 1960 656 2028 στησθε
677 1947 760 2014 οἶα
789 1960 1048 2024 ποιοῦντες
1070 1949 1369 2032 εὖδοκίμὸυν
1393 1955 1519 2036 παρ’
1545 1957 1770 2023 ἐκείνοις.

545 2081 874 2158 Τεθνάμεναι
900 2081 1002 2162 γὰρ
1030 2082 1190 2141 καλὸν
1219 2082 1295 2142 ivl
1323 2081 1640 2164 προμάχοισι
1665 2083 1892 2142 πεσόντα

626 2169 767 2247 ἄνδρ’
796 2167 985 2245 ἀγαθόν
1001 2213 1018 2241 ,
1038 2169 1159 2247 περὶ
1179 2163 1216 2247 ᾖ
1237 2170 1448 2250 πατρίδι
1469 2168 1815 2250 μαρνάμενον·

542 2256 607 2328 ἣν
637 2258 682 2314 δ’
707 2261 866 2315 αὐτοῦ
892 2254 1213 2336 προλιπόντα
1239 2257 1390 2315 πόλιν
1419 2257 1506 2315 καὶ
1535 2256 1716 2324 πίονας
1743 2255 1927 2335 ἀγροὺς

621 2341 912 2421 πτωχεύειν
940 2340 1151 2400 πάντων
1181 2341 1286 2400 ἔστ’
1315 2341 1673 2420 ἀνιηρότατον,

396 2452 448 2494 ³5
543 2430 867 2505 πλαζόμενον
893 2427 986 2487 σὺν
1016 2429 1176 2508 μητρὶ
1197 2429 1322 2509 φίλῃ
1343 2431 1431 2487 καὶ
1453 2430 1614 2510 πατρὶ
1637 2427 1839 2509 γέροντι

621 2515 776 2573 παισί
801 2537 858 2573 τε
886 2515 978 2572 σὺν
1011 2523 1212 2593 μικροῖς
1239 2515 1470 2594 κουριδίῃ
1501 2515 1544 2573 τ’
1573 2516 1772 2596 ἀλόχῳ.

542 2597 766 2681 Ἐχθρὸς
782 2599 876 2675 μὲν
898 2599 998 2679 γὰρ
1020 2608 1155 2658 τοῖσι
1175 2601 1510 2677 μετέσσεται,
1533 2601 1619 2668 οὕς
1643 2625 1731 2660 κεν
1753 2601 1933 2674 ἵκηται

621 2685 963 2766 χρησμοσύνῃ
990 2689 1037 2744 τ’
1066 2686 1218 2745 εἴκων
1247 2687 1338 2746 καὶ
1365 2694 1588 2766 στυγερῇ
1611 2687 1791 2764 πενίῃ,

547 2771 786 2850 αἰσχύνει
812 2795 866 2830 τε
897 2771 1067 2848 γένος,
1094 2771 1230 2831 κατὰ
1257 2773 1300 2830 δ’
1330 2772 1526 2850 ἀγλαὸν
1554 2769 1685 2840 εἶδος
1708 2773 1943 2852 ἐλέγχει,

383 2879 439 2917 4ο
618 2867 766 2916 πᾶσα
799 2859 844 2916 δ’
875 2857 1059 2933 ἀτιμίη
1089 2857 1178 2915 καὶ
1205 2857 1428 2930 κακότης
1452 2858 1652 2919 ἕπεται.

543 2937 659 3005 Εἶθ’
687 2943 849 3010 οὕτως
873 2944 1054 3024 ἀνδρός
1075 2967 1154 3003 τοι
1177 2944 1448 3019 ἀλωμένου
1471 2942 1666 3020 οὐδεμί’
1692 2943 1802 3024 ὤρη

618 3029 878 3108 γίγνεται,
908 3030 1019 3088 οὐδ’
1047 3029 1202 3096 αἰδὼς
1230 3029 1476 3088 εἰσοπίσω
1498 3029 1711 3091 τελέθει.

535 3119 710 3194 Θυμῷ
734 3121 828 3192 γῆς
853 3113 973 3193 περὶ
995 3118 1155 3185 τῆσδε
1181 3115 1474 3194 μαχώμεθα
1493 3159 1509 3186 ,
1539 3116 1628 3173 καὶ
1663 3115 1783 3196 περὶ
1804 3115 2005 3173 παίδων

616 3201 920 3272 θνήσκωμεν
946 3203 1154 3281 ψυχέων
1178 3202 1364 3277 μηκέτι
1387 3200 1698 3281 φειδόμενοι.

357 3291 454 3340 163
535 3278 610 3347 Ὦ
633 3287 766 3358 νέοι,
787 3285 921 3345 ἀλλὰ
942 3286 1170 3365 μάχεσθε
1197 3289 1322 3365 παρ’
1352 3287 1624 3356 ἀλλήλοισι
1649 3287 1890 3364 μένοντες
1907 3329 1924 3357 ,

621 3373 752 3448 μηδὲ
781 3378 944 3454 φυγῆς
966 3377 1184 3452 αἷσχρῆς
1211 3372 1397 3450 ἄρχετε
1424 3371 1558 3449 μηδὲ
1581 3373 1769 3452 φόὸου,

539 3461 677 3519 ἀλλὰ
705 3460 870 3537 μέγαν
894 3461 1121 3520 ποιεῖσθε
1149 3461 1240 3518 καὶ
1261 3460 1483 3537 ἄλκιμον
1512 3461 1566 3516 ἐν
1593 3461 1739 3538 φρεσὶ
1769 3459 1953 3536 θυμόν,

617 3546 750 3623 μηδὲ
779 3546 1103 3627 φιλοψυχεῖτ’
1137 3543 1354 3622 ἀνδράσι
1379 3544 1724 3624 μαρνάμενοι·

377 3661 404 3698 5
530 3631 649 3699 τοὺς
678 3631 732 3690 δὲ
753 3630 1156 3712 παλαιοτέρους,
1179 3623 1252 3690 ὧν
1283 3630 1455 3691 οὖκέτι
1478 3631 1687 3708 γούνατ’
1715 3631 1914 3712 ἐλαφρά
1932 3677 1949 3708 ,

615 3717 689 3795 μὴ
713 3719 1109 3786 καταλείποντες
1137 3716 1348 3798 φεύγετε
1375 3719 1494 3785 τοὺς
1515 3716 1767 3797 γεραιούς.

533 3804 766 3884 Αἷσχρὸν
785 3803 886 3884 γὰρ
910 3803 973 3874 δὴ
996 3811 1176 3876 τοῦτο,
1200 3801 1334 3879 μετὰ
1360 3803 1675 3884 προμάχοισι
1703 3803 1932 3864 πεσόντα
2038 3779 2041 3782 ⁴

614 3895 819 3948 κεῖσθαι
849 3889 1041 3968 πρόσθε
1063 3889 1193 3948 νέων
1215 3889 1375 3969 ἄνδρα
1396 3889 1761 3969 παλαιότερον,

531 3977 634 4048 ἤδη
661 3975 843 4034 λευκὸν
875 3976 1062 4054 ἔχοντα
1090 3976 1226 4054 κάρη
1255 3975 1434 4033 πολιόν
1465 3999 1522 4032 τε
1549 3975 1757 4053 γένειον,

361 4084 428 4122 ,ευ
609 4061 771 4138 θυμὸν
803 4061 1128 4120 ἀποπνείοντ’
1158 4063 1377 4137 ἄλκιμον
1407 4064 1460 4119 ἐν
1489 4062 1666 4137 κονίῃ,

531 4149 833 4228 αἱματόεντ’
857 4149 1027 4208 αἰδοῖα
1056 4149 1208 4229 φίλῃς
1231 4151 1284 4206 ἐν
1313 4148 1490 4228 χερσὶν
1519 4147 1706 4226 ἔχοντα

615 4234 838 4315 (αἰσχρὰ
861 4235 978 4294 τάδ’
1005 4238 1289 4316 ὀφθαλμοῖς
1313 4236 1402 4294 καὶ
1429 4235 1711 4310 νεμεσητὸν
1735 4233 1896 4312 ἰδεῖν)

529 4323 619 4382 καὶ
643 4323 777 4401 χρόα
799 4321 1152 4398 γυμνωθέντα.
1183 4321 1361 4382 Νέοισι
1383 4321 1436 4380 δὲ
1464 4320 1614 4380 πάντ’
1643 4320 1892 4394 ἐπέοικεν,

607 4409 721 4490 ὄφρ’
743 4412 930 4488 ἐρατῆς
951 4408 1084 4480 ἥὲης
1110 4407 1303 4486 ἀγλαὸν
1329 4409 1478 4476 ἄνθος
1507 4407 1605 4488 ἔχῃ
1624 4430 1637 4445 ·

375 4517 421 4554 ιο
523 4498 742 4577 ἀνδράσι
766 4497 861 4574 μὲν
883 4497 1068 4568 θηητὸς
1094 4499 1219 4555 ἰδεῖν
1237 4543 1254 4574 ,
1286 4497 1466 4577 ἐρατὸς
1490 4496 1542 4554 δὲ
1567 4495 1794 4574 γυναιξὶν

605 4585 732 4653 ζωὸς
759 4584 881 4659 ἐών,
899 4585 1056 4651 καλὸς
1081 4585 1125 4643 δ’
1149 4585 1201 4643 έν
1218 4585 1538 4664 προμάχοισι
1566 4582 1758 4644 πεσών.

526 4671 683 4732 Ἀλλά
708 4695 786 4739 τις
813 4663 872 4729 εἶ
899 4672 1082 4739 διαὸὰς
1107 4671 1305 4747 μενέτω
1332 4671 1485 4730 ποσὶν
1511 4668 1875 4750 ἀμφοτέροισιν

603 4759 897 4838 στηριχθεὶς
924 4759 1010 4818 ἐπὶ
1038 4763 1162 4836 γῆς,
1189 4761 1363 4838 χεῦως
1379 4759 1557 4816 ὀδοῦσι
1581 4757 1777 4817 δακών.
1867 4795 1885 4810 .

433 4885 566 4964 (loa)
593 4883 748 4944 Καλά
773 4907 831 4961 γε
847 4929 864 4957 ,
895 4875 940 4945 ὦ
963 4885 1174 4968 ἄνδρες,
1211 4888 1302 4946 καὶ
1333 4885 1586 5028 ἔρήσιμα
1607 4893 1714 4950 τοῖς
1741 4881 1995 4963 βουλομέ-

363 4997 418 5034 ao
445 4992 548 5037 νοις
577 4969 869 5048 προσέχειν.
899 4971 1059 5032 Οὕτω
1098 4974 1270 5033 τοίνυν
1313 4997 1336 5031 ε
1359 4994 1454 5052 χον
1494 4969 1621 5051 πρὸς
1663 4967 1901 5046 ἀνδρείαν
1946 4970 1995 5025 οἳ

443 5055 638 5113 τούτων
665 5057 957 5132 ἀκούοντες,
987 5059 1122 5119 ὥστε
1144 5061 1274 5141 πρὸς
1294 5060 1389 5130 τὴν
1411 5059 1562 5117 πόλιν
1581 5060 1734 5133 ἡμῶν
1759 5055 1878 5135 περὶ
1900 5059 1994 5124 τῆς

441 5142 722 5222 ἡγεμονίας
747 5147 1112 5225 ἀμφισὸητεῗν.
1135 5148 1381 5216 Εἰκότως·
1399 5145 1468 5206 τὰ
1491 5144 1592 5226 γὰρ
1608 5143 1866 5203 κάλλιστα
1885 5147 1991 5202 τῶν

2116 791 2223 828 rum
2238 779 2466 829 virtutem
2488 785 2679 844 oportet
2700 785 3006 834 existimare?
3034 787 3169 848 (106)
3194 789 3317 844 Quis
3334 791 3473 840 enim
3496 793 3691 854 ignorat

2116 873 2419 935 Graecorum,
2456 873 2585 936 quod
2630 878 2876 937 Tyrtaeum
2918 877 3258 940 imperatorem
3300 885 3587 946 acceperint
3625 886 3691 935 ab

2114 965 2203 1014 hac
2222 966 2342 1015 urbe
2358 1002 2372 1027 ,
2406 967 2544 1028 cujus
2562 982 2650 1032 ope
2672 972 2721 1019 et
2754 971 2915 1022 hostes
2947 979 3300 1036 exsuperat-unt
3324 982 3481 1042 atque
3509 982 3689 1043 jin-eu·

2112 1059 2231 1108 tutis
2254 1073 2357 1110 suae
2397 1065 2562 1111 curam
2588 1063 3069 1130 informationemque
3090 1070 3434 1135 instituerunt,
3474 1089 3581 1124 non
3616 1091 3689 1126 so-

2110 1150 2213 1199 lum
2244 1153 2305 1200 ad
2338 1164 2545 1214 praesens
2575 1157 2869 1218 periculum,
2900 1173 3067 1208 verum
3090 1161 3141 1210 in
3176 1176 3323 1213 omne
3350 1179 3523 1217 aevum
3556 1174 3691 1220 recte

2110 1242 2439 1296 deliberantes.
2504 1248 2715 1311 Reliquit
2754 1251 2883 1300 enim
2927 1251 3041 1314 ipsis
3081 1255 3239 1317 elegos
3268 1271 3396 1319 quos
3427 1261 3690 1312 audientes

2110 1335 2395 1386 erudiuntur
2420 1340 2479 1388 ad
2512 1341 2840 1392 fortitudinem
2877 1359 2889 1392 ε
2922 1347 3053 1409 (107)
3086 1352 3234 1410 atque
3254 1351 3471 1403 aliorum
3512 1360 3685 1406 vatum

2110 1429 2289 1478 nullam
2310 1431 2539 1481 rationem
2554 1433 2799 1496 habentes,
2813 1437 2942 1486 hunc
2956 1440 3091 1488 tanto
3098 1443 3213 1490 sunt
3228 1443 3395 1494 studio
3411 1450 3685 1512 prosecuti,

2111 1523 2167 1569 ut
2190 1520 2341 1583 legem
2364 1523 2591 1586 tulerint,
2615 1529 2671 1575 ut
2688 1527 2729 1575 si
2747 1529 2941 1590 quando
2964 1531 3013 1579 in
3032 1533 3179 1582 armis
3194 1533 3380 1584 bellum
3403 1537 3585 1588 facturi
3604 1553 3685 1590 es·

2110 1617 2215 1665 sent
2232 1617 2604 1680 lacedaemonii,
2624 1619 2684 1669 ad
2698 1623 2955 1671 tentorium
2972 1626 3094 1686 regis
3110 1639 3279 1678 omnes
3288 1635 3612 1694 vocarentur,
3628 1641 3686 1686 ut

2111 1709 2287 1768 Tyrtaei
2318 1711 2537 1768 poemata
2564 1711 2810 1774 audirent,
2850 1716 3179 1769 existimantes
3226 1735 3311 1772 eos
3350 1723 3421 1773 ita
3462 1729 3685 1779 maxime

2110 1799 2304 1847 accendi
2320 1801 2373 1847 ut
2390 1812 2477 1860 pro
2492 1801 2641 1862 patria
2656 1803 2850 1853 minime
2858 1810 3172 1868 gravarentur
3186 1813 3328 1862 mori.
3342 1817 3681 1871 Commodum

2110 1894 2273 1940 autem
2296 1891 2438 1941 merit
2456 1895 2505 1942 et
2523 1894 2627 1943 llaec
2646 1895 2850 1958 elegiaca
2885 1912 2973 1948 vos
3002 1902 3197 1966 audire,
3224 1907 3280 1954 ut
3310 1907 3481 1958 sciatis
3512 1912 3681 1973 qualia

2110 1984 2321 2034 camina
2354 1989 2610 2048 pangentes
2634 1992 2789 2050 poeloe
2814 1991 3000 2052 probati
3020 1996 3199 2048 suerint
3216 2000 3346 2061 apud
3367 2001 3497 2053 illos.

2171 2097 2335 2146 Gloria
2350 2111 2518 2159 magna
2535 2099 2625 2148 viri
2648 2103 2748 2162 est,
2764 2104 2851 2166 qui
2876 2107 3055 2166 primas
3086 2111 3200 2160 ante
3217 2112 3487 2177 phalangas

2230 2183 2485 2243 occubuit,
2508 2185 2677 2246 patriae
2700 2189 2896 2240 nomine
2912 2192 3039 2242 bella
3056 2208 3245 2256 gerens.

2168 2272 2231 2318 At
2247 2270 2474 2319 miserum
2490 2274 2564 2321 est
2578 2308 2593 2334 ,
2612 2274 2782 2336 aliquis
2796 2278 2950 2338 patria
2967 2292 3119 2340 quum
3134 2284 3303 2344 pulsus
3320 2290 3368 2336 et
3386 2290 3519 2350 agria

2230 2356 2504 2407 mendicans
2522 2360 2705 2408 victum
2728 2365 2901 2424 quaerit
2916 2365 3093 2429 ubique
3109 2382 3252 2419 suum
3272 2408 3287 2433 ,

2170 2444 2219 2492 et
2236 2455 2348 2490 cara
2365 2455 2476 2491 cum
2496 2447 2649 2494 matre.
2660 2482 2675 2508 ,
2701 2461 2813 2497 sene
2834 2453 2883 2498 et
2899 2453 3111 2512 genitore
3129 2461 3349 2520 vagatur,

2227 2523 2426 2578 uxorein
2440 2529 2667 2590 juvenem
2686 2535 2735 2582 et
2752 2535 2947 2596 pignora
2964 2551 3111 2599 parva
3133 2542 3347 2593 trahens.

2166 2617 2381 2676 Namque
2398 2616 2588 2666 odiosus
2604 2619 2695 2667 erit
2716 2634 3071 2687 quamcumque
3093 2629 3310 2689 migrarit
3331 2632 3381 2680 in
3406 2634 3619 2699 urban,

2228 2701 2386 2762 utqui
2410 2704 2683 2764 pauperiem
2708 2719 2935 2767 pergrave
2950 2713 3103 2772 gestet
3124 2727 3251 2766 onus
3265 2753 3281 2778 ,

2166 2787 2213 2834 et
2230 2799 2379 2847 genus
2392 2787 2593 2837 infamat
2606 2823 2620 2847 ‚
2640 2793 2687 2838 et
2710 2791 2877 2842 formae
2894 2797 3058 2857 turpat
3082 2797 3317 2850 bonorem
3330 2839 3347 2864 ,

2225 2871 2433 2934 denique
2450 2876 2499 2922 et
2520 2875 2736 2925 anxietas
2752 2880 2802 2926 et
2822 2879 2961 2928 dolor
2978 2883 3135 2933 omnis
3148 2886 3305 2938 adest.

2165 2960 2324 3020 Atque
2346 2958 2436 3006 viri
2460 2959 2655 3010 tandem
2678 2975 2761 3024 per
2779 2966 2852 3013 tot
2874 2965 3151 3019 discrimina
3169 2974 3313 3022 tracti

2227 3045 2335 3106 quis
2352 3045 2508 3106 pudor
2532 3049 2619 3096 aut
2636 3061 2748 3109 quae
2768 3051 2981 3101 anilnum
2998 3057 3193 3118 tangere
3212 3073 3331 3110 cura
3350 3067 3537 3124 potest.

2163 3133 2269 3180 Hac
2284 3144 2373 3180 nos
2394 3145 2481 3192 pro
2499 3134 2649 3194 patria
2666 3136 2715 3182 et
2732 3138 2855 3186 natis
2874 3141 3137 3190 moriamur
3156 3145 3205 3193 in
3230 3149 3383 3198 armis
3394 3187 3413 3212 ,

2198 3230 2312 3286 ..nec
2334 3217 2483 3281 vitam
2503 3221 2692 3268 metuat
2716 3223 2913 3282 perdere
2934 3227 3138 3290 quisque
3156 3245 3315 3282 suam.

2156 3307 2196 3353 0
2210 3304 2437 3364 juvenes,
2463 3318 2610 3367 prope
2632 3309 2831 3358 conferti
2854 3313 3082 3362 Mavortis
3099 3314 3232 3367 obite

2220 3389 2412 3450 proelia,
2436 3403 2525 3439 nec
2542 3393 2671 3454 turpi
2689 3396 2866 3445 vertite
2884 3400 3014 3460 terga
3036 3405 3169 3451 metu
3188 3422 3205 3465 ;

2157 3473 2363 3522 audaces
2384 3474 2501 3534 quin
2520 3478 2619 3524 este
2636 3477 2806 3527 animis
2831 3483 2880 3529 et
2898 3486 3091 3542 pectore
3110 3487 3223 3537 l'orti
3240 3525 3256 3550 ,

2221 3559 2345 3608 inter
2362 3560 2667 3620 pugnandum
2690 3575 2779 3611 nec
2798 3565 2860 3613 sit
2878 3567 3011 3617 obire
3032 3583 3177 3632 grave
3202 3593 3215 3624 ς

2156 3649 2207 3696 at
2230 3646 2366 3708 queis
2383 3645 2484 3705 jam
2508 3659 2598 3696 nec
2619 3649 2835 3700 membra
2852 3653 3041 3716 vigent,
3063 3661 3113 3706 et
3130 3673 3307 3722 quam
3332 3668 3519 3728 pedum
3538 3674 3640 3737 νὴ,

2220 3737 2269 3780 ln
2290 3730 2416 3778 bello
2434 3731 2611 3792 pudeat
2628 3733 2888 3786 deseruisse
2909 3751 3058 3789 senes.

2160 3817 2351 3868 infame
2366 3817 2458 3865 hoc
2478 3819 2528 3866 et
2552 3819 2691 3881 turpe
2714 3821 2880 3883 nimis,
2902 3823 3139 3884 juvenum
3153 3835 3271 3884 ante
3290 3839 3519 3890 catervas

2218 3903 2269 3951 in
2284 3902 2445 3964 primis
2464 3903 2621 3953 senior
2638 3905 2677 3954 si
2698 3906 2837 3956 cadat
2859 3911 3152 3976 agminum&

2157 4001 2303 4038 canos
2320 3989 2519 4051 ‘iamque
2540 4003 2705 4052 gerens
2730 3993 2893 4044 barbae
2910 3999 3178 4062 capitisque
3195 4007 3430 4073 capillos,

2221 4073 2449 4122 exhalans
2465 4074 2674 4124 animam
2693 4077 2967 4138 pulveream
2988 4096 3073 4144 per
3094 4086 3305 4142 humum
3322 4129 3340 4154 ,

2156 4162 2304 4222 atque
2322 4163 2485 4220 tegens
2506 4161 2731 4212 manibus
2748 4177 2959 4227 respersa
2982 4182 3155 4222 cruore
3176 4178 3410 4237 pudenda

2219 4244 2456 4293 cernenda
2476 4245 2607 4294 iratis
2624 4261 2719 4297 non
2743 4249 2833 4299 nisi
2851 4253 3129 4308 luminibus.

2158 4327 2339 4377 omnia
2362 4330 2527 4377 contra
2558 4331 2729 4380 decent
2752 4331 2979 4392 iuvenem
3002 4351 3331 4406 quaecumque
3356 4347 3620 4417 videntur,

2218 4413 2361 4463 Flore
2382 4413 2651 4475 juventutis
2672 4417 2788 4467 dum
2818 4421 3038 4483 splendet
3062 4426 3251 4480 viridia.

2152 4499 2241 4548 Ille
2269 4499 2383 4548 viris
2403 4501 2694 4562 spectandus
2714 4505 2852 4554 adest
2879 4511 3141 4572 gratusque
3169 4517 3350 4576 puellis
3366 4557 3385 4582 ,

2218 4586 2425 4636 Pulchra
2441 4587 2601 4638 adhuc
2623 4592 2785 4651 prlmis
2806 4605 2963 4643 caesus
2990 4597 3036 4646 iu
3050 4601 3364 4660 agminibus.

2152 4671 2459 4732 progrediens
2484 4671 2657 4732 aliquis
2677 4677 2869 4723 maneat
2886 4676 3005 4736 pede
3024 4679 3199 4732 firmus
3214 4693 3435 4753 utroque

2212 4757 2261 4806 in
2279 4759 2408 4806 terra
2422 4794 2438 4819 ‚
2460 4757 2625 4806 stricte
2643 4757 2784 4808 dente
2802 4759 2973 4811 labella
2996 4777 3239 4826 premens.

2092 4893 2223 4954 (108)
2236 4881 2449 4940 'Pulchra
2468 4895 2581 4940 sunt
2596 4891 2725 4952 haec,
2746 4893 2957 4957 judices,
2979 4903 3342 4969 commodaque
3364 4915 3672 4972 volentibus

2090 4980 2186 5028 hoc
2204 4978 2421 5026 animum
2448 4977 2709 5027 attendere.
2731 4979 2863 5030 Adeo
2890 4995 3001 5045 ergo
3019 4985 3081 5034 ad
3106 4988 3451 5050 fortitudinem
3475 5007 3667 5059 anima.

2088 5065 2265 5114 bantur
2284 5063 2389 5110 haec
2410 5063 2621 5110 carmina
2640 5063 2914 5128 audientes,
2942 5073 2993 5120 ut
3012 5084 3125 5121 cum
3150 5077 3276 5128 urbe
3294 5087 3467 5137 nostra
3488 5092 3557 5142 de
3574 5097 3673 5146 im.

2088 5150 2221 5214 perio
2247 5147 2604 5200 contenderent.
2626 5149 2776 5213 quue
2804 5151 2931 5203 haud
2960 5157 3201 5212 inumerito
3228 5185 3241 5213 :
3274 5181 3354 5220 res
3376 5177 3515 5228 enim
3540 5185 3631 5244 pul
3645 5211 3670 5222 -
