3825 5834
1362 471 1467 531 111.
1513 470 2010 530 ΟΔΥΝΘΙΑΚΟΣ
2051 472 2114 530 Γ.

148 599 283 647 τοῦτο
312 594 485 663 μέρους
508 595 733 665 σώματος
748 592 885 648 εἶπεν
903 634 919 661 ,
942 594 1163 668 ἐμμένων
1188 599 1251 669 τῇ
1268 600 1423 669 τροπῇ
1449 601 1537 650 τοῦ
1556 596 1687 651 ἐκνε-

148 674 457 743 νευρισμένοι.
476 673 565 723 ΒΤ
562 674 657 725 ΟΥ
664 719 677 729 .

3209 478 3324 528 553

1780 597 2050 664 ἀποστῆναι
2074 604 2172 652 τῶν
2199 599 2465 669 θεωρικῶν,
2497 596 2720 667 βούλεται
2747 596 2918 659 αύτοὶις
2953 597 3138 658 τούτοις
3160 597 3325 667 μόνοις

1779 675 2030 747 ἀρκεῖσθαι
2052 696 2064 709 ·
2095 677 2178 730 καὶ
2215 674 2280 749 μὴ
2319 676 2402 729 ἐὰν
2431 677 2690 737 δικάζωσιν
2707 715 2722 741 ,
2767 677 2798 743 ἢ
2828 675 3250 748 συμὸουλεύωσιν,
3289 675 3324 738 ἣ

212 752 299 817 37,
318 756 371 803 6.
404 749 575 802 Βοΐδια
592 754 613 818 ]
630 754 775 805 τοῦτο
798 750 863 813 εἰς
892 752 1108 822 Χάρητα.
1181 750 1359 813 Διαὸὰς
1388 751 1485 823 γὰρ
1512 750 1577 813 εἰς
1600 750 1689 817 τὴν
1780 754 2186 827 ἐπιστρατεύωνται
2203 794 2220 821 ,
2244 754 2513 825 λαμὸάνειν
2543 756 2734 825 μισθόν.
2765 756 2927 807 ΤΟΥ.

157 826 305 879 Ἀσίαν
331 829 451 899 πρὸς
480 828 793 901 Ἀρτάὸαζον,
812 832 917 891 τοῖς
938 828 1141 891 ξενικοῖς
1167 830 1485 900 στρατεύμασι
1508 831 1688 900 πορθή·

1846 834 2034 887 Οὐκοῦν
2060 834 2120 886 σὺ
2139 832 2434 905 μισθοφορὰν
2457 834 2672 904 λέγειςς]
2701 831 3026 903 Ἀνθυποφορᾶ
3048 832 3106 884 τὸ
3127 834 3320 901 σχῆμα,

148 908 501 977 σαςΛάμ-ψακον
520 909 603 961 καὶ
614 908 828 977 Σίγειον,
848 908 1055 979 ἐπεμψεν
1078 906 1339 974 Ἀθηναίοις
1350 910 1482 979 βοῦς,
1502 910 1557 970 ἃς
1574 910 1691 961 διεί·
1774 912 1843 964 ἵν’
1870 912 1938 975 ὡς
1985 913 2155 965 δοῦλοι
2189 912 2420 982 λάθωμεν
2469 912 2642 982 μισθὸν
2680 912 2764 964 καὶ
2805 912 2958 975 οὕτως
3001 910 3294 979 πολεμῶμεν
3307 928 3322 941 ·

148 985 291 1037 λοντο
320 984 447 1037 κατὰ
471 986 645 1056 φυλάς.
670 990 783 1043 ΑΒ.

206 1063 447 1133 Γράφεται
470 1065 554 1117 καὶ
581 1066 867 1135 βοηδρόμια.
944 1065 1039 1117 Καὶ
1076 1066 1173 1136 γάρ
1193 1083 1371 1135 φασιν,
1392 1066 1475 1119 ὅτε
1510 1064 1690 1136 ἔπεμψε

142 1139 225 1205 τὴν
248 1141 387 1193 λείαν
413 1141 445 1194 ό
468 1142 658 1213 Χάρης,
682 1143 952 1213 βοηδρόμια
976 1138 1055 1209 ἢν.
1132 1142 1201 1196 Tb
1228 1143 1283 1197 δέ
1318 1142 1480 1213 βοΐδια
1511 1143 1689 1197 ὓποκο-

144 1222 355 1288 ριστικόν
383 1219 513 1274 ἐστιν
534 1221 585 1275 ἐν
616 1224 881 1293 συναιρέσει
908 1221 1109 1294 Ἀττικῷ
1131 1223 1249 1277 ἐθει.
1282 1225 1442 1277 TCV.

206 1300 301 1351 Καὶ
336 1300 395 1353 τὸ
438 1302 635 1353 πάντων
663 1299 1059 1373 ἀνανδρότατον]
1094 1302 1325 1373 Γράφεται
1356 1302 1439 1354 καὶ
1478 1301 1691 1373 ἀνδρειό·

144 1396 283 1429 τατον
305 1378 378 1429 ἵν’
418 1374 453 1451 ᾔ
492 1377 618 1431 κατὰ
645 1378 909 1449 εἰρωνείαν.
985 1379 1053 1433 Ὀ
1087 1398 1213 1441 τινες
1246 1378 1572 1449 ἀγνοήσαντες
1600 1377 1691 1446 τὴν

146 1460 221 1509 νῦν
260 1459 537 1527 φερομένην
580 1455 769 1527 γραφὴν
819 1456 1069 1526 ἐποίησαν.
1144 1457 1215 1509 Τὸ
1264 1457 1317 1511 δὲ
1350 1458 1691 1527 προσοφείλετε

144 1537 281 1605 χάριν
308 1534 447 1589 εἶπεν
466 1574 483 1599 ,
508 1535 671 1602 ἐπειδή
698 1555 839 1607 φασιν
883 1538 961 1591 ὅτι
1006 1536 1343 1607 ἐστεφάνωσαν
1376 1534 1456 1589 ἐπὶ
1495 1540 1558 1608 τῇ
1583 1537 1692 1609 λείᾳ

145 1612 223 1665 τὸν
238 1612 459 1681 Χάρητα.
477 1613 639 1665 ΤΟΥ.

208 1691 297 1760 37,
318 1692 353 1743 8
398 1688 769 1760 Καθείρξαντες]
796 1686 905 1743 οἶον
932 1689 1300 1761 συγκλείσαντες
1320 1689 1401 1742 καὶ
1426 1688 1493 1759 μὴ
1522 1690 1691 1752 ἐῶντες

144 1768 377 1837 πολεμεῖν
392 1788 403 1798 ·
433 1766 541 1821 εἶπε
570 1767 623 1820 δὲ
641 1768 707 1830 ὡς
729 1766 809 1822 ἐπὶ
842 1769 1185 1841 δεσμουμένων
1214 1768 1391 1837 θηρίων
1413 1766 1502 1833 τὴν
1540 1766 1685 1829 λέξιν.

145 1848 221 1897 Διὸ
244 1846 419 1917 ἐπάγει
438 1847 523 1899 καὶ
548 1848 607 1900 τὸ
632 1847 935 1900 τιθασεύουσι
954 1848 1037 1901 καὶ
1070 1848 1129 1901 τὸ
1167 1848 1455 1917 χειροήθεις.
1528 1849 1691 1903 Ταῦτα

146 1927 231 1997 γὰρ
252 1928 417 1979 πάντα
435 1926 515 1979 ἐπὶ
548 1926 728 1994 θηρίων
756 1924 995 1997 εἰώθαμεν
1014 1928 1174 1979 ποιεῖν
1194 1964 1211 1990 ,
1234 1926 1527 1997 ἡμεροῦντες
1546 1926 1687 1983 αύτά.

144 2006 231 2057 Καὶ
250 2006 311 2058 τὸ
330 2004 565 2070 ἐπάγουσι
580 2004 633 2057 δὲ
654 2004 721 2066 ὣς
739 2004 817 2059 ἰπὶ
836 2006 1016 2075 θηρίων
1040 2004 1177 2059 εἶπεν
1194 2026 1205 2038 ·
1235 2006 1471 2077 εἰώθαμεν
1490 2007 1587 2078 γὰρ
1608 2009 1691 2061 καὶ

148 2082 201 2133 τὰ
220 2083 369 2153 θηρία
390 2080 541 2143 οὕτως
564 2081 821 2152 ἐξημεροῦν
840 2120 856 2147 ,
885 2081 969 2135 διὰ
998 2087 1085 2137 τοῦ
1107 2082 1197 2149 τὴν
1222 2086 1371 2155 χεῖρα
1395 2088 1499 2146 τοῖς
1521 2088 1689 2157 σώμα-

144 2181 215 2213 σιν
240 2161 405 2214 αὐτῶν
432 2160 631 2232 ἐπάγειν
647 2201 664 2226 ,
684 2162 838 2215 οἱονεὶ
852 2162 1197 2226 κολακεύοντες
1225 2163 1347 2216 αύτᾶ
1370 2164 1451 2219 διὰ
1468 2169 1557 2217 τοῦ
1581 2184 1687 2236 χει-

144 2242 401 2311 ροτριὸεῖν.
438 2244 541 2295 ΒΡ.
588 2240 679 2293 Ἐκ
729 2244 999 2313 μεταφορᾶς
1038 2248 1135 2296 τῶν
1172 2242 1373 2314 ἀλόγων
1402 2246 1543 2315 ζῴων
1558 2263 1571 2275 ·
1612 2246 1691 2298 διὸ

144 2321 221 2373 καὶ
252 2322 313 2375 τὸ
346 2320 679 2375 τιθασεύουσιν
710 2321 794 2373 καὶ
830 2321 890 2375 τὸ
920 2322 1193 2392 χειροήθεις
1228 2322 1495 2393 ἐπήγαγεν.
1522 2325 1683 2379 ΤΟΥ.

206 2400 293 2467 37,
324 2403 409 2462 14.
427 2400 591 2451 Ταῦτα
612 2398 683 2469 μὰ
692 2396 783 2463 τὴν
800 2399 1073 2471 Δήμητρα]
1102 2398 1354 2453 Ἐντεῦθεν
1372 2400 1421 2453 οἱ
1444 2400 1682 2473 ἐπίλογοι·

142 2483 677 2547 προκατασκευαστπις
703 2478 755 2531 δὲ
778 2477 807 2531 ὁ
846 2478 1007 2550 ῥήτωρ
1033 2479 1119 2532 τὸν
1141 2480 1363 2533 κίνδυνον
1393 2480 1689 2552 βουλόμενος

142 2558 304 2625 φυγεῖν
326 2556 475 2607 τοῦτό
495 2572 661 2625 φησιν.
688 2555 847 2608 ΤΟΥ.

204 2633 287 2685 Μὰ
301 2631 396 2697 τὴν
418 2632 689 2704 Δήμητρα]
718 2630 917 2698 Ἐπειδὴ
930 2633 1105 2705 ᾔσθετο
1126 2630 1295 2695 αὖτοὺς
1312 2630 1537 2703 ὀργίλους
1556 2652 1691 2703 γινο-

144 2712 305 2779 μένους
343 2710 428 2763 διά
467 2710 527 2763 ‘cb
570 2710 737 2764 πολλὰ
769 2709 933 2771 αὖτοῖς
976 2710 1253 2784 ἐπιτιμῆσαι
1270 2748 1287 2774 ,
1325 2708 1415 2776 τὴν
1454 2710 1688 2781 Δήμητρα

142 2790 477 2843 ἀποκαλεῖται.
556 2790 577 2861 [
602 2788 747 2851 Εἰκὸς
770 2789 866 2860 γὰρ
886 2785 975 2861 ὴν]
996 2788 1201 2861 ἡμέρους
1223 2788 1393 2851 αὖτοὺς
1409 2787 1687 2860 ἀπεργάσα-

144 2868 269 2931 σθαι,
298 2867 395 2934 τὴν
420 2867 615 2921 καὶτῶν
637 2866 831 2938 ἡμέρων
850 2868 1017 2921 σιτίων
1034 2867 1191 2921 αἰτίαν
1210 2869 1479 2939 γενομένην
1504 2868 1684 2930 αὐτοῖς.

142 2949 234 2999 ΒΡ.
268 2948 357 3009 Ὠς
384 2946 647 3013 ἐπιπλήξας
669 2946 917 3017 θεραπεύει
944 2948 1092 3001 πάλιν
1112 2986 1126 3011 ,
1152 2946 1235 2999 διὰ
1256 2946 1314 3000 τὸ
1340 2947 1497 3017 τραχὶι
1520 2947 1573 3001 δὲ
1599 2946 1687 3013 τὴν

140 3028 369 3097 Δήμητρα
390 3028 565 3099 ὄμνυσι
578 3066 595 3090 ,
622 3026 965 3096 τυγχάνουσαν
985 3025 1095 3079 θεὸν
1119 3026 1303 3095 ἥμερον
1316 3065 1331 3091 ,
1353 3026 1469 3095 πρὸς
1492 3026 1550 3079 τὸ
1572 3026 1686 3097 ἡμέ·

142 3124 239 3171 ρους
255 3104 435 3167 αὖτοὺς
458 3108 675 3170 ποιῆσαι.
750 3102 939 3174 Ὥσπερ
965 3102 1060 3174 γὰρ
1090 3103 1247 3169 ἐκείνη
1276 3102 1357 3155 διὰ
1376 3108 1473 3155 τῶν
1492 3110 1687 3174 καρπῶν

141 3182 336 3253 ἡμέρους
376 3185 490 3246 τοὺς
530 3182 811 3253 ἀνθρώπους
836 3181 1061 3250 ἐποίησεν
1078 3220 1093 3245 ,
1124 3182 1276 3243 οὔτως
1307 3181 1391 3233 καὶ
1424 3181 1566 3244 αὐτὸς
1607 3182 1688 3235 διὰ

144 3266 221 3313 τοῦ
264 3264 421 3331 ὅρκου
470 3260 698 3333 βούλεται
724 3258 938 3330 ἡμεροῦν
978 3256 1136 3313 αύτῶν
1166 3259 1254 3325 τὴν
1302 3258 1569 3331 ἀγριότητα
1600 3264 1687 3319 τὴν

142 3343 409 3411 γενομένην
434 3340 488 3393 ἐκ
508 3344 595 3405 τῆς
614 3338 951 3409 ἐπιτιμήσεως.
976 3339 1094 3391 ΗΒ.

202 3424 289 3488 37,
336 3436 427 3487 17.
464 3416 595 3471 Ἀλλ’
638 3417 799 3488 ἔγωγε
825 3418 901 3471 ὅτι
942 3416 1026 3471 καὶ
1060 3418 1183 3488 νῦν]
1223 3414 1421 3483 Ἐπειδὴ
1450 3417 1507 3471 τὸ
1544 3416 1594 3471 ἐν
1626 3422 1690 3490 τῇ

141 3501 363 3569 συνηθείᾳ
402 3502 560 3559 κακῶς
594 3496 898 3567 λεγόμενον,
938 3495 995 3547 ού
1038 3500 1218 3567 χρῆται
1249 3495 1307 3548 τὸ
1336 3494 1409 3549 ἔτι
1450 3496 1533 3549 καὶ
1566 3500 1685 3559 νῦν,

142 3573 245 3625 ἀλλ’
272 3578 353 3628 ὅτι
382 3579 470 3627 νῦν
490 3572 601 3627 ἀντὶ
618 3575 793 3627 τούτου
820 3576 1065 3645 κέχρηται.
1141 3572 1231 3625 Διὰ
1249 3572 1303 3626 δὲ
1317 3577 1405 3625 τοῦ
1426 3572 1588 3645 λέγειν
1613 3574 1688 3627 ὅτι

142 3654 367 3724 θαυμάζω
390 3653 517 3723 ὖμᾶς
531 3692 548 3717 ,
578 3654 653 3705 δτι
680 3654 769 3705 κᾶν
796 3657 917 3723 γοῦν
936 3656 1022 3705 νῦν
1040 3654 1281 3705 δεδώκατέ
1298 3671 1383 3722 μοι
1399 3654 1686 3725 παρρησίαν,

140 3735 385 3803 προτρέπι
412 3731 585 3794 αύτοὶις
612 3735 759 3785 τοῦτο
780 3733 961 3785 ποιεῖν.
990 3732 1151 3784 TCV.
1182 3730 1517 3801 Καινοπρεπές.
1542 3734 1611 3787 Ο.

205 3811 288 3879 37,
312 3828 409 3865 20.
438 3810 533 3862 Καὶ
560 3811 668 3872 ταῖς
692 3808 1011 3880 περιουσίαις]
1036 3810 1271 3862 Τουτέστι
1294 3811 1399 3871 τοῖς
1422 3811 1686 3881 θεωρικοῖς.

154 3887 409 3961 Ἀφορμαῒς
452 3888 505 3941 δὲ
534 3890 643 3950 ταῖς
681 3888 966 3958 προφάσεσι.
1038 3887 1129 3939 Διὰ
1164 3887 1219 3941 δὲ
1259 3890 1347 3941 τοῦ
1388 3886 1504 3951 ἴσως
1540 3887 1691 3944 εἰπεῖν

144 3966 203 4027 ὣς
236 3966 287 4019 ἐν
316 3966 651 4036 ἐπανορθώσει
670 3966 757 4019 τὸν
794 3964 1062 4039 δισταγμὸν
1089 3964 1175 4019 τὸν
1206 3966 1325 4037 πρὸς
1358 3968 1477 4037 σφᾶς
1515 3966 1691 4039 ὓπέφη·

144 4065 235 4098 νεν.
260 4046 427 4100 ΤΟΤ.

206 4126 293 4190 37,
340 4140 441 4179 22.
473 4122 619 4185 Ἴσως
666 4124 755 4189 ἂν,
795 4121 943 4192 ἴσως]
983 4122 1217 4194 Τεχνικὸς
1257 4121 1286 4175 ὁ
1320 4122 1689 4195 διπλασιασμός.

144 4202 254 4255 Οὔτε
279 4202 380 4275 γὰρ
414 4207 631 4273 φανερῶς
656 4200 932 4272 ἀπεφήνατο
948 4222 959 4233 ·
998 4201 1290 4264 ἀλαζονικὸν
1318 4200 1414 4273 γὰρ
1436 4206 1582 4255 τοῦτο
1612 4203 1695 4255 καὶ

144 4280 393 4351 ἐπισφαλές
408 4298 422 4311 ·
455 4280 565 4333 οὔτε
594 4280 731 4351 μόνῳ
755 4282 914 4353 τούτῳ
934 4280 1141 4353 ἠρκέσθη
1156 4320 1171 4346 ,
1194 4279 1325 4332 ἀλλὰ
1350 4279 1693 4353 διπλασιασμῷ

146 4359 371 4429 κέχρηται
392 4358 513 4428 πρὸς
543 4359 799 4429 βεὸαίωσιν
840 4359 923 4412 καὶ
945 4358 1189 4430 ἀκρίὸειαν
1210 4379 1221 4390 ·
1266 4358 1419 4420 οὐδεὶς
1452 4358 1546 4430 γὰρ
1574 4379 1697 4431 συμ-

146 4434 319 4489 θούλου
360 4436 581 4491 πείθεται
619 4437 947 4498 διστάζοντος.
1019 4435 1154 4498 Τινὲς
1187 4434 1241 4489 δὲ
1276 4437 1539 4506 χαριέντως
1577 4437 1693 4491 αὐτὸ

149 4512 563 4585 ἀναγινώσκοντες
606 4512 891 4585 ἐξηγοῦνται
928 4514 1109 4580 οὕτως,
1136 4514 1194 4567 τὸ
1231 4514 1455 4585 δεύτερον
1483 4513 1596 4577 ἴσως
1631 4518 1697 4578 ὡς

150 4580 543 4655 ἔπανορθωτικδν
564 4585 899 4656 λαμὸάνοντες
918 4588 1006 4637 τοῦ
1032 4586 1263 4656 προτέρου
1281 4624 1297 4648 ,
1321 4584 1387 4646 ὡς
1420 4586 1479 4636 ἂν
1516 4584 1559 4637 εἰ
1587 4585 1695 4639 ἔλε-

148 4678 227 4729 γεν
274 4662 515 4732 ἐπιτιμῖνν
555 4661 711 4733 ἐαυτῷ
736 4661 919 4715 εἰπόντι
959 4660 1074 4727 ἴσως
1091 4683 1102 4694 ·
1138 4662 1331 4735 μᾶλλον
1362 4662 1459 4733 γὰρ
1494 4661 1698 4735 ἀκριὸῶς

150 4740 325 4793 τέλειόν
348 4760 401 4794 τι
426 4743 509 4793 καὶ
532 4742 661 4811 μέγα
681 4743 931 4808 κτήσεσθε.
965 4742 1064 4796 ΒΡ.

216 4820 302 4889 37,
344 4824 443 4883 24.
490 4819 545 4872 'A
582 4822 690 4882 τοῖς
725 4820 1039 4893 ἀσθενοῦσιν]
1081 4820 1283 4883 Οἰκείως
1324 4824 1388 4893 τῇ
1441 4821 1698 4894 παραθολῇ

154 4896 391 4965 ἐχρήσατο
406 4938 425 4964 ,
448 4898 637 4959 δεικνὺς
652 4900 729 4951 δτι
755 4902 979 4952 νοσοῦσιν
1002 4899 1189 4953 ἀνοιαν.
1218 4900 1379 4952 ΤΟΥ.

218 4976 303 5039 38,
330 4994 381 5031 1.
409 4976 631 5043 Ούκοῦν]
660 4976 1001 5048 Ἇνθυποφορά.
1022 4978 1086 5032 Ο.
1120 4975 1319 5043 Ἐπειδὴ
1353 4979 1385 5048 ἡ
1430 4978 1697 5049 μισθοφορὰ

156 5054 273 5121 περὶ
300 5058 411 5117 τοῖς
448 5054 715 5122 Ἀθηναίοις
755 5055 1031 5127 ἐφύὸριστος
1067 5056 1299 5129 (οἰκετῶν
1341 5062 1505 5129 γαρ),
1548 5056 1697 5129 ἐχρή-

157 5148 267 5185 σατο
292 5138 355 5203 τῇ·
379 5132 693 5205 ἀνθυποφορᾷ
714 5134 891 5208 ταύτῃ,
918 5136 981 5187 δι’
1004 5128 1061 5200 ἥς
1085 5134 1191 5189 λύει
1216 5135 1297 5189 καὶ
1324 5134 1614 5206 ἀποκρύπτει
1638 5138 1697 5191 τὸ

158 5206 369 5278 ἀπρεπές.
454 5210 655 5280 Ἐπειδὴ
691 5212 745 5266 δέ
786 5210 923 5267 οἶδεν
964 5214 1041 5268 δτι
1076 5213 1163 5268 οὗκ
1190 5216 1249 5268 ἂν
1280 5216 1485 5269 πείσειεν
1526 5215 1698 5279 αὐτοὺς

1776 994 1924 1044 τοῦτο
1940 990 2035 1061 γὰρ
2057 990 2253 1062 ᾐνίξατο
2275 989 2324 1044 ἐν
2349 992 2456 1052 τοῖς
2471 990 2576 1041 ἀνω
2593 1028 2608 1053 ,
2633 990 2710 1041 ὅτι
2731 991 2816 1041 δεῖ
2833 988 3006 1041 λαθεῖν
3031 986 3094 1041 τὰ
3121 986 3328 1056 θεωρικὰ

1778 1066 1845 1129 εἰς
1872 1068 2046 1139 μισθὸν
2073 1068 2307 1138 πολέμου.
2384 1065 2514 1121 Εἶτα
2535 1064 2698 1131 ἐπειδὴ
2723 1067 2882 1120 ἐδόκει
2899 1065 3178 1137 ἐφύὸριστον
3197 1062 3327 1119 εἶναι

1778 1146 1837 1199 τὸ
1854 1147 2014 1217 ὄνομα
2047 1150 2133 1213 τῆς
2158 1147 2449 1217 μισθοφορᾶς
2465 1184 2482 1211 ,
2507 1145 2807 1216 μεταὸάλλει
2829 1146 2911 1198 καὶ
2935 1143 3154 1206 σύνταξιν
3175 1141 3328 1209 αὗτὴν

1780 1223 1952 1277 καλεῖ·
1985 1230 2058 1296 τῷ
2099 1224 2152 1279 δέ
2184 1224 2318 1297 ἔργῳ
2352 1224 2433 1277 καὶ
2471 1230 2542 1295 τῷ
2571 1222 2754 1291 ἀληθεῖ
2781 1222 2870 1289 τὴν
2901 1222 3048 1290 αύτήν
3075 1223 3225 1275 καλεῖ
3246 1222 3330 1276 καὶ

1778 1300 1998 1363 σύνταξιν
2035 1301 2118 1355 καὶ
2155 1303 2471 1373 μισθοφοράν.
2549 1302 2640 1355 Καὶ
2671 1302 2768 1374 γὰρ
2811 1302 2894 1354 καὶ
2925 1300 2974 1355 ἐν
3011 1304 3075 1373 τῇ
3113 1298 3328 1361 συντάξει

1780 1382 1949 1453 μισθός
1974 1380 2102 1435 ἐστιν
2132 1382 2160 1434 ὁ
2179 1382 2527 1454 παρεχόμενος.
2610 1380 2808 1435 Ὦσανεὶ
2830 1380 2972 1451 ἔλεγε
2988 1400 3000 1411 ·
3033 1378 3329 1451 μισθοφορὰν

1776 1458 1915 1511 καλῶ
1937 1457 2032 1529 οὔχ
2055 1460 2117 1526 ἣν
2147 1458 2286 1531 ὑμεῖς
2309 1460 2530 1530 νομίζετε
2547 1498 2563 1523 ,
2589 1459 2930 1529 παρεχομένην
2961 1460 3066 1519 τοῖς
3096 1457 3289 1517 δούλοις
3306 1496 3322 1521 ,

1784 1536 1915 1591 ἀλλὰ
1953 1535 2043 1603 τὴν
2075 1540 2417 1609 παρεχομένην
2441 1540 2544 1599 τοῖς
2584 1536 2848 1609 ἐλευθέροις
2889 1536 3004 1608 θπὲρ
3012 1540 3116 1589 ’τοῦ
3134 1536 3328 1607 λαμὸά-

1778 1635 1877 1669 νειν
1894 1616 1980 1669 καὶ
2001 1618 2159 1669 ποιεῖν
2186 1616 2248 1669 τὰ
2269 1617 2462 1670 δέοντα.
2536 1616 2606 1667 Tb
2633 1614 2686 1668 δέ
2713 1614 2940 1669 ἀπάντων
2968 1612 3078 1667 ἀντὶ
3101 1618 3188 1667 τοῦ
3215 1614 3330 1685 ὓπὲρ

1778 1694 2006 1749 ἀπάντων
2033 1700 2130 1749 τῶν
2157 1696 2456 1765 πραγμάτων
2469 1734 2485 1759 ,
2513 1694 2596 1747 καὶ
2629 1694 2679 1749 ἐν
2705 1694 2908 1765 πολέμῳ
2937 1693 3020 1747 καὶ
3061 1693 3112 1747 ἐν
3140 1692 3324 1767 εἰρήνῃ.

1778 1772 2014 1825 Βούλεται
2035 1772 2149 1844 γὰρ,
2173 1770 2334 1837 ἐπειδὴ
2361 1772 2453 1842 ὁρᾷ
2473 1771 2644 1834 αὐτοὺς
2668 1768 2735 1841 μὴ
2757 1772 3092 1842 βουλομένους
3102 1770 3246 1823 λῦσαι
3270 1771 3330 1823 τὰ

1781 1851 1987 1921 θεωρικὰ
2003 1890 2020 1917 ,
2049 1852 2318 1922 λαμὸάνειν
2343 1850 2466 1903 αὐτὰ
2483 1850 2535 1905 ἐν
2565 1850 2732 1921 εἰρήνῃ
2752 1850 2836 1902 καὶ
2861 1848 2912 1901 ἐν
2939 1849 3142 1921 πολέμῳ
3167 1848 3331 1919 ἀρκεῖ-

1779 1929 1889 1979 σθαι
1909 1927 1992 1979 καὶ
2019 1924 2086 1999 μὴ
2109 1930 2276 1993 ζητεῖν
2303 1927 2508 1981 πλείονα
2530 1927 2580 1981 ἐν
2616 1927 2836 1999 πολέμῳ.
2911 1926 3098 1979 Κοινῶν
3126 1928 3178 1979 δέ
3213 1944 3332 1997 φησι

1776 2014 1874 2061 τῶν
1894 2010 2159 2079 δημοσίων.
2191 2009 2424 2065 BHRSP.
2451 2006 2775 2079 Ἀνθυποφορά
2793 2027 2805 2037 ·
2828 2008 2932 2073 ἥτις
2957 2009 3076 2078 μέση
3097 2009 3332 2078 τυγχάνει

1783 2084 2148 2149 ἀντιπίπτοντος
2173 2088 2256 2141 καὶ
2280 2086 2560 2149 ἀντιθέσεως
2577 2127 2592 2153 ,
2625 2090 2800 2159 μεῖζον
2826 2086 2912 2159 μέν
2935 2086 3328 2147 ἀντιπίπτοντος,

1782 2156 1930 2228 ἦττον
1957 2164 2011 2218 δέ
2038 2164 2337 2227 ἀντιθέσεως.
2422 2164 2570 2217 Ἀλλα
2594 2164 2718 2226 λέξει
2739 2183 2812 2225 τις
2831 2183 2841 2193 ·
2872 2164 3184 2234 μισθοφορεῖν
3207 2161 3330 2233 ἡμῖν

1777 2240 2146 2311 συμΕουλεύειςς
2183 2246 2328 2295 τοῦτο
2359 2242 2404 2294 δ’
2437 2237 2498 2309 ἦν
2530 2241 2790 2309 Ἀθηναίοις
2817 2238 3088 2303 εὖδοξοῦσιν
3125 2238 3330 2310 ἐπαχθές

1776 2338 1827 2373 τε
1855 2322 1940 2373 καὶ
1969 2320 2248 2391 βαρύτερον.
2281 2324 2348 2374 Δ.

1846 2400 1934 2463 38,
1966 2398 2017 2452 5.
2050 2398 2269 2459 Ἔξεστιν
2305 2398 2442 2470 ἀγειν
2483 2396 2726 2467 ἢσυχίανζ
2755 2397 2890 2449 Πάνυ
2915 2396 3076 2457 καλῶς
3093 2394 3184 2461 τὴν
3209 2394 3328 2461 ἥσυ-

1779 2476 1893 2545 χίαν
1923 2475 2178 2545 προέταξε·
2219 2476 2456 2546 ῥᾳθύμους
2481 2474 2577 2545 γὰρ
2619 2474 3023 2545 προσφθέγγεται.
3098 2472 3226 2526 Εἶτα
3247 2474 3330 2525 ἵνα

1778 2551 1845 2623 μὴ
1874 2555 2180 2625 μεμνημένος
2203 2559 2290 2607 τοῦ
2316 2553 2555 2624 ὀνόματος
2577 2556 2663 2605 τοῦ
2690 2552 2906 2624 πολέμου
2935 2551 3150 2623 ἐπαχθὴς
3166 2554 3290 2625 ὀφθῇ
3307 2592 3322 2618 ,

1776 2631 1863 2685 ούκ
1904 2632 2161 2704 ὠνόμασεν
2177 2671 2195 2699 ,
2240 2632 2354 2684 ἀλλ’
2401 2630 2538 2686 εἶπεν
2586 2628 2694 2685 οἷον
2737 2632 2820 2685 καὶ
2874 2631 2936 2685 τὰ
2977 2637 3061 2684 νῦν
3091 2632 3314 2703 ὑπάρχει.

1846 2792 1934 2853 38,
1959 2794 2011 2845 8.
2033 2788 2294 2860 Συμὸαίνει
2307 2809 2353 2842 τι
2371 2793 2592 2842 τοιοῦτον
2611 2790 2630 2861 ]
2657 2786 2950 2859 Ἀποστροφὴ
2974 2788 3031 2843 th
3051 2792 3240 2861 σχῆμα.
3263 2790 3324 2841 Ο.

1845 2868 1919 2920 Τὰ
1952 2868 2070 2939 νῦν]
2114 2866 2226 2921 ἀντὶ
2252 2871 2340 2920 τοῦ
2383 2867 2622 2939 πόλεμον.
2697 2866 2824 2938 Ὅρα
2851 2866 2904 2921 δὲ
2942 2873 3042 2929 πῶς
3075 2867 3132 2921 τὸ
3171 2868 3330 2939 ὄνομα

1774 2952 1861 3001 τοῦ
1886 2948 2106 3018 πολέμου
2133 2947 2504 3018 ἀποκρύπτεται.
2527 2949 2588 2999 Β.

1852 3025 1965 3081 Ἀπδ
1991 3031 2088 3079 τῶν
2117 3026 2274 3079 αὐτῶν
2296 3026 2481 3079 τούτων
2502 3027 2522 3097 ]
2545 3026 2786 3079 τουτέστιν
2801 3063 2819 3091 ,
2841 3024 2928 3079 ἵνα
2967 3022 3035 3095 μὴ
3072 3024 3189 3097 πρὸς
3214 3028 3318 3088 τοῖς

1779 3106 2032 3176 θεωρικοῖς
2047 3105 2280 3178 λαμὸάνῃ
2305 3104 2476 3177 μισθὸν
2497 3097 2860 3176 στρατιωτικόν.
2886 3106 3046 3159 ΤΟΥ.

1851 3188 1940 3250 38,
1969 3206 2022 3255 9.
2053 3186 2363 3256 Αημμάτων]
2380 3183 2674 3255 λαμὸανέτω
2699 3182 2950 3249 δηλονότι.
2973 3184 3034 3237 Ο.

1848 3264 2044 3335 Ὥσπερ
2085 3260 2190 3316 ἐστὶ
2215 3263 2432 3332 δίκαιον]
2467 3262 2558 3315 Καὶ
2585 3262 2680 3333 γὰρ
2720 3262 2776 3314 οὖ
2808 3263 3090 3332 παράνομον
3131 3261 3190 3315 τὸ
3217 3260 3330 3333 ὓπέρ

1776 3344 1863 3408 τῆς
1886 3341 2207 3412 ἐνεγκαμένης
2231 3341 2342 3402 τους
2366 3339 2567 3402 πολίτας
2594 3339 2933 3410 ἀγωνίζεσθαι.
2956 3341 3115 3394 ΤΟΥ.

1848 3417 1992 3471 Ἐστι
2015 3437 2085 3477 τις
2125 3416 2215 3478 ἔξω
2255 3420 2341 3483 τῆς
2377 3416 2568 3483 ἡλικίας
2605 3416 2820 3487 ἣμῶνς]
2851 3416 2944 3469 Καὶ
2973 3417 3043 3479 τίς
3083 3415 3212 3470 ἐστιν
3241 3416 3332 3478 ἔξω

1776 3500 1863 3562 τῆς
1886 3495 2150 3561 καθολικῆς
2167 3534 2184 3560 ,
2207 3490 2314 3548 οἷον
2338 3496 2456 3548 νέων
2474 3535 2492 3560 ,
2517 3493 2731 3566 ἀνδρῶν,
2755 3496 2998 3566 γερόντων
3019 3535 3033 3560 ,
3055 3494 3098 3547 εἰ
3131 3494 3198 3568 μὴ
3235 3496 3330 3567 ἀρα

1776 3575 1824 3629 οἱ
1850 3574 2250 3641 τελευτήσαντες;
2285 3573 2497 3645 λέγομεν
2529 3568 2615 3625 οὖν
2641 3575 2717 3626 ὅτι
2737 3572 2931 3641 ἡλικίαν
2965 3572 3168 3626 ἐκάλουν
3207 3572 3330 3636 ἐξαι-

1779 3653 1922 3723 ρέτως
1949 3650 2036 3717 τὴν
2081 3657 2178 3704 τῶν
2205 3653 2486 3723 δυναμένων
2518 3654 2695 3705 ποιεῖν.
2780 3650 2839 3705 Ὀ
2866 3654 3022 3707 τοίνυν
3051 3652 3224 3721 ταύτης
3259 3655 3330 3705 ὢν

1780 3730 1871 3793 ἔξω
1894 3734 1982 3797 τῆς
2002 3730 2194 3797 ἡλικίας
2217 3732 2373 3801 γέρων
2397 3731 2456 3782 ἀν
2477 3728 2706 3801 ύπάρχοι.
2731 3732 2836 3785 ΒΡ.

1850 3810 1938 3874 38,
1979 3826 2063 3864 11.
2097 3806 2330 3870 Ἆτάκτως
2365 3812 2450 3861 νῦν
2481 3810 2784 3881 λαμὸάνων]
2828 3806 2936 3863 ἀντὶ
2959 3812 3048 3862 τοῦ
3077 3806 3146 3881 μὴ
3179 3828 3328 3879 στρα-

1778 3887 2054 3956 τευόμενος.
2070 3886 2173 3939 ΟΡ.

1851 3967 1938 4029 38,
1974 3966 2058 4019 ι3.
2092 3963 2206 4017 Οὕτ’
2231 3962 2456 4035 ἀφελὼν]
2482 3969 2580 4017 τῶν
2610 3965 2851 4035 θεωρικῶν
2877 3964 3130 4032 δηλονότι.
3153 3967 3218 4019 Β.

1852 4045 1941 4109 38,
1989 4062 2006 4096 1
2021 4048 2076 4107 4.
2104 4040 2242 4108 Πλὴν
2271 4042 2474 4114 μικρὸν]
2495 4040 2658 4108 ἐπειδὴ
2683 4042 3054 4097 συνεθούλευσεν
3078 4041 3241 4106 αὖτοῖς
3264 4042 3331 4116 μὴ

1779 4120 1877 4191 λαμ
1885 4122 2047 4175 δάνειν
2109 4122 2231 4192 μηδὲ
2283 4122 2627 4193 στρατιωτικὸν
2645 4162 2661 4189 ,
2723 4122 2844 4195 μηδὲ
2888 4122 3295 4194 συμὸουλευτικὸν
3313 4164 3329 4188 ,

1783 4199 1903 4269 μηδὲ
1931 4200 2234 4263 δικαστικὸν,
2262 4198 2376 4251 ἀλλ’
2413 4199 2665 4271 ἀρκεῖσθαι
2687 4203 2793 4262 τοῖς
2820 4202 3087 4271 θεωρικοῖς.
3162 4200 3252 4253 Διὰ
3280 4200 3332 4254 δὲ

1781 4281 1868 4331 τοῦ
1891 4276 2044 4331 εἰπεῖν
2069 4283 2251 4348 μικρῶν
2280 4277 2494 4350 εύχερεῖς
2520 4282 2606 4332 τοῦ
2624 4280 2944 4351 καταφρονεῖν
2969 4279 3140 4342 αὖτοὺς
3161 4281 3332 4333 τούτου

1780 4358 2146 4426 παρασκευάζει.
2175 4358 2380 4412 TCFV.

1860 4433 2092 4504 Ἀταξίαν]
2115 4433 2199 4501 τὴν
2217 4440 2314 4488 τῶν
2347 4436 2467 4489 νέων
2490 4435 2740 4503 δηλονότι.
2767 4437 2872 4489 ΟΡ.

1854 4514 1943 4575 38,
1966 4531 2052 4567 20.
2078 4512 2329 4585 Ἄπορεῖν]
2359 4513 2573 4585 Ἀπορεῖν
2597 4514 2745 4567 καλεῖ
2763 4514 2822 4567 τὸ
2837 4514 3102 4585 λαμῦάνειν
3122 4514 3232 4575 τοὺς
3247 4516 3332 4567 δύο

1783 4590 1989 4652 ὀὸολοὶις
2005 4630 2019 4653 ,
2045 4590 2148 4652 ἐξὸν
2169 4591 2399 4645 πλουτεῖν
2437 4591 2533 4645 ἀπὸ
2551 4597 2639 4644 τοῦ
2661 4592 2896 4661 πολέμου.
2926 4592 3025 4646 ΒΡ.

1854 4670 1953 4722 Τοῦ
1973 4671 2168 4743 δεῖνος]
2195 4664 2302 4722 οἷον
2329 4670 2379 4723 οἱ
2405 4674 2491 4723 τοῦ
2515 4671 2750 4741 Χάρητος.
2771 4671 2872 4722 ΒΡ.

1855 4747 1944 4811 38,
1972 4762 2061 4800 22.
2089 4746 2216 4816 Ούχὶ
2241 4750 2522 4819 μέμφομαι]
2554 4746 2750 4813 Ἐπειδὴ
2765 4745 3048 4799 διεὸάλλετο
3066 4745 3123 4799 τὸ
3148 4743 3331 4808 ξενικὸν

1784 4823 1912 4875 ἀνω·
1941 4822 2114 4897 ξενικῷ
2139 4824 2236 4896 γὰρ
2259 4824 2495 4897 ἐκέχρητο
2520 4826 2549 4878 ὁ
2574 4826 2752 4895 Χάρης.
2835 4823 3033 4877 Ὦσανεὶ
3053 4823 3096 4877 εἰ
3125 4823 3295 4895 ἔλεγεν
3313 4846 3325 4857 ·

1786 4902 1966 4957 ἐπαινῶ
1998 4903 2086 4956 τὸν
2113 4904 2310 4975 Χάρητα
2341 4908 2583 4958 πονοῦντα
2607 4902 2683 4956 ἀεὶ
2723 4904 2806 4957 καὶ
2843 4902 2965 4974 μετᾶ
2999 4902 3143 4965 ξένων
3160 4944 3176 4967 ,
3217 4902 3331 4959 ἀλλ’

1786 4976 1873 5034 οὖν
1900 5000 1960 5052 γε
1984 4983 2225 5053 προκρίνω
2249 4983 2362 5044 τοὺς
2382 4982 2434 5036 ἐκ
2457 4986 2542 5048 τῆς
2565 4981 2755 5043 πόλεως
2775 4984 3084 5052 στρατιώτας.
3106 4984 3216 5039 ΒΡ.

1858 5059 1946 5124 38,
1962 5060 2052 5114 25.
2075 5060 2174 5127 Τῆς
2190 5060 2397 5131 τάξεως]
2421 5060 2564 5122 Τάξιν
2583 5060 2754 5131 ἀρετῆς
2779 5062 2928 5115 καλεῖ
2945 5062 3001 5115 τὸ
3019 5061 3330 5134 ἡγεμονεύειν

1786 5141 1871 5205 τῆς
1920 5136 2188 5204 Ἑλλάδος,
2231 5138 2344 5191 ἀλλ’
2395 5138 2496 5207 [καὶ
2519 5139 2544 5191 Ρ
2563 5140 2607 5210 ],
2643 5142 2804 5211 ὥσπερ
2848 5136 3110 5204 εἰώθεσαν,
3158 5140 3215 5195 τδ
3267 5144 3331 5195 δι’

1787 5216 1968 5271 ἑαυτῶν
1997 5216 2068 5299 εἰς
2092 5218 2202 5279 τοὶις
2249 5218 2490 5290 πολέμους
2527 5217 2712 5281 ἐξιέναι.
2758 5222 2920 5275 ΤΟΥ.
2967 5218 3028 5273 Ἥ
3067 5217 3210 5291 ἀρετὴ
3245 5226 3328 5288 τῆς
