3825 5834
567 474 675 525 1⁴²

1504 457 1869 518 Alzxmm'
1909 458 1959 517 Ο
2003 454 2208 516 ΚΑΤΑ
2253 455 2826 524 ΚΤΗΣΙΦΩΝΤΟΣ.

3473 455 3714 532 (eae-m)

559 594 628 654 τὰ
666 590 812 652 κοινὰ
854 591 943 650 καὶ
984 591 1321 669 φιλάνθρωπα
1362 591 1465 648 τῶν
1510 589 1779 666 ὀνομάτων
1795 633 1812 660 ,
1862 589 2114 655 ἀπίστους
2203 593 2343 656 plena
2373 595 2737 656 pmoccupant,
2771 591 2985 642 moribus
3017 593 3182 641 autem
3209 595 3324 641 sunt
3353 590 3512 653 inlidi,
3529 595 3720 642 avenae.

560 682 711 748 ὄντας
732 682 837 747 τοῖς
852 679 1028 752 ἤθεσι,
1058 677 1369 759 φυλάξησθε.
1402 677 1473 737 Ἢ
1503 678 1605 758 ’γὰρ
1626 677 1797 735 εὔνοια
1822 677 1912 735 καὶ
1941 677 2002 734 τὸ
2021 681 2114 746 τῆς

2205 682 2540 732 Benevolentia
2571 682 2702 730 enim
2721 683 2770 728 et
2795 680 3038 742 popularis
3057 682 3212 729 status
3229 691 3403 728 nomen
3419 679 3466 726 in
3493 679 3633 728 medio
3653 695 3720 742 po-

564 769 919 848 δημοκρατίας
944 767 1111 843 ὄνομα
1142 771 1310 824 κεῖται
1338 767 1433 842 μὲν
1476 768 1529 824 ἐν
1578 765 1753 843 μέσῳ,
1784 765 2032 844 φθάνουσι
2069 763 2114 820 δ’
2201 768 2294 816 sita
2311 772 2450 828 sunt;
2469 781 2639 817 verum
2661 781 2720 817 ea
2749 767 2910 816 verbis
2923 769 3208 830 plerumque
3233 771 3346 816 ante
3367 766 3484 816 alios
3497 773 3720 830 occupant,

488 877 537 915 ts
563 860 647 915 ἐπ’
678 855 813 914 αὐτὰ
838 853 1247 934 καταφεύγοντες
1268 856 1345 934 τῷ
1372 853 1513 932 λόγῳ
1550 857 1619 920 ὡς
1650 852 1735 910 ἐπὶ
1764 852 1901 910 πολὺ
1937 855 1982 910 οἱ
2009 859 2116 916 τοῖς

564 943 733 1022 ἔργοις
768 945 1009 1000 πλεῖστον
1040 941 1338 1020 ἀπέχοντες.
1428 943 1545 1018 (ate)
1586 939 1759 1001 Ὅταν
1788 930 1877 997 οὗν
1916 938 2114 1008 λάθητε

564 1031 757 1112 ῥήτορα
778 1029 987 1097 ξενικῶν
1010 1031 1277 1108 στεφάνων
1300 1027 1389 1086 καὶ
1410 1027 1759 1105 κηρυγμάτων
1780 1029 1834 1085 ἐν
1858 1031 1962 1092 τοῖς
1977 1024 2116 1086 Ἔλ-

562 1121 712 1189 λησιν
736 1120 1081 1192 ἐπιθυμῶντα
1102 1161 1119 1191 ,
1146 1115 1421 1191 ἐπανάγειν
1443 1113 1597 1173 αὐτὸν
1625 1113 1859 1173 κελεύετε
1886 1117 1989 1172 τῶν
2017 1113 2112 1172 λό-

562 1227 669 1282 γων
685 1248 700 1274 ,
722 1202 899 1281 ὥσπερ
926 1204 1015 1262 καὶ
1040 1202 1133 1268 τὰς
1162 1199 1463 1279 βεὸαιώσεις
1485 1205 1587 1258 τῶν
1618 1202 1901 1277 κτημάτων
1920 1206 1948 1260 ὁ
1963 1200 2117 1277 νόμος

562 1290 761 1349 κελεύει
785 1292 1073 1362 ποιεῖσθαι,
1108 1293 1178 1356 εἰς
1214 1289 1323 1366 βίον
1353 1288 1632 1366 ἀξιόχρεων
1666 1289 1754 1346 καὶ
1785 1288 1978 1367 τρόπον
2011 1288 2114 1345 σώ-

564 1401 749 1460 φρονα.
828 1377 985 1456 Ὅτῳ
1008 1379 1061 1434 δὲ
1082 1381 1247 1434 ταῦτα
1268 1375 1343 1452 μὴ
1368 1375 1721 1456 μαρτυρεῖται,
1746 1373 1818 1450 μὴ
1845 1372 2117 1452 βεὸαιοῦτε

486 1489 541 1528 20
569 1467 713 1544 αὐτῷ
732 1465 849 1530 τοὺς
868 1465 1139 1536 ἐπαίνους,
1162 1465 1252 1521 καὶ
1278 1468 1371 1534 τῆς
1396 1463 1747 1539 δημοκρατίας
1770 1461 2118 1538 ἐπιμελήθητε

564 1551 669 1622 ἤδη
702 1549 1079 1629 διαφευγούσης
1106 1553 1259 1624 ὑμᾶς.
1294 1553 1410 1624 (που)
1438 1547 1513 1608 Ἦ
1550 1551 1609 1606 οὗ
1633 1547 1793 1606 δεινὸν
1818 1548 1958 1605 δοκεῖ
1995 1549 2116 1622 ὑμῖν

570 1630 701 1697 εἶναι
728 1639 774 1695 εἰ
802 1637 863 1694 τὸ
894 1636 989 1713 μὲν
1020 1637 1382 1714 βουλευτήριον
1416 1636 1507 1694 καὶ
1544 1639 1572 1693 ὁ
1591 1637 1753 1712 δῆμος
1790 1644 2116 1715 παρορᾶται,

568 1727 625 1782 αῖ
654 1725 701 1782 δ’
722 1723 991 1782 ἐπιστολαὶ
1014 1722 1105 1781 καὶ
1122 1723 1397 1800 πρεσὸεἷαι
1418 1725 1752 1802 ἀφικνοῦνται
1772 1724 1841 1788 εἰς
1857 1720 2117 1786 ἰδιωτικὰς

566 1811 763 1886 οἰκίας,
790 1813 849 1869 οὗ
882 1809 1029 1890 παρὰ
1053 1815 1156 1868 τῶν
1193 1810 1457 1888 τυχόντων
1490 1807 1773 1889 ἀνθρώπων
1800 1809 1936 1867 ἀλλὰ
1973 1807 2117 1888 παρὰ

564 1900 667 1954 τῶν
694 1896 1063 1977 πρωτευόντων
1102 1900 1155 1956 ἐν
1190 1902 1257 1976 τῇ
1298 1897 1443 1976 Ἀσίᾳ
1482 1895 1574 1954 καὶ
1601 1901 1665 1975 τῇ
1714 1897 1945 1975 Εὐρώπῃ
1969 1915 1985 1966 3
2028 1894 2118 1951 καὶ

566 1985 645 2066 ἐφ’
670 1974 745 2050 οἷς
768 1987 906 2043 ἐστιν
932 1986 993 2042 ἐκ
1014 1987 1117 2042 τῶν
1144 1983 1318 2060 νόμων
1343 1984 1503 2059 ζημία
1532 1985 1777 2054 θάνατος,
1794 1983 1963 2040 ταῦτά
1985 2005 2118 2048 τινες

564 2074 659 2131 οὐκ
700 2071 1031 2151 ἐξαρνοῦνται
1076 2070 1327 2150 πράττειν
1343 2117 1359 2142 ,
1410 2073 1525 2128 ἀλλ’
1574 2071 1911 2147 ὁμολογοῦσιν
1955 2072 2008 2128 ἐν
2041 2072 2117 2148 τῷ

484 2184 538 2222 25
568 2157 745 2238 δήμῳ,
766 2158 856 2216 καὶ
878 2159 970 2224 τὰς
986 2158 1259 2225 ἐπιστολὰς
1282 2157 1525 2228 ἀλλήλοις
1546 2155 2116 2236 παραναγινώσκουσιν,

564 2247 654 2304 καὶ
679 2245 1125 2325 παρακελεύονται
1151 2249 1273 2322 ὑμῖν
1294 2247 1341 2304 οἱ
1370 2245 1465 2320 μὲν
1493 2245 1703 2323 βλέπειν
1732 2247 1801 2310 εἷς
1826 2243 1893 2302 τὰ
1922 2248 2118 2302 ἑαυτῶν

566 2333 823 2413 πρόσωπα
852 2337 921 2398 ὡς
952 2331 1180 2412 φύλακες
1212 2337 1305 2402 τῆς
1342 2332 1722 2411 δημοκρατίας,
1760 2332 1924 2410 ἕτεροι
1953 2330 1998 2388 δ’
2031 2333 2116 2387 αἰ-

564 2427 712 2479 τοῦσι
730 2419 925 2500 δωρεὰς
942 2425 1011 2486 ὣς
1038 2425 1268 2500 σωτῆρες
1289 2425 1379 2491 τῆς
1402 2421 1601 2486 πόλεως
1626 2425 1786 2486 ὀντες.
1824 2420 1942 2498 (251)
1975 2417 2044 2478 ‘O
2065 2416 2120 2475 δὲ

565 2513 729 2587 δῆμος
752 2512 811 2568 ἐκ
836 2513 930 2578 τῆς
958 2508 1178 2585 ἀθυμίας
1194 2514 1297 2568 τῶν
1322 2509 1727 2585 συμὸεὸηκότων
1750 2508 1928 2585 ὥσπερ
1947 2530 2118 2586 παρα-

564 2595 865 2676 γεγηρακὼς
891 2593 925 2666 ἢ
954 2597 1240 2668 παρανοίας
1280 2599 1524 2662 ἑαλωκὼς
1550 2597 1679 2655 αὐτὸ
1712 2595 1865 2672 μόνον
1890 2593 2120 2670 τοῦνομα

565 2689 657 2754 τῆς
670 2685 1025 2763 δημοκρατίας
1044 2685 1411 2762 περιποιεῖται,
1434 2687 1539 2742 τῶν
1555 2685 1602 2742 δ’
1616 2683 1780 2763 ἔργων
1800 2683 1990 2762 ἑτέροις
2013 2705 2118 2738 πα-

485 2798 541 2836 30
573 2771 959 2851 ρακεχώρηκεν.
991 2769 1199 2830 'Eiram'
1226 2769 1515 2849 ἀπέρχεσθε
1536 2774 1593 2830 ἐκ
1615 2775 1719 2830 τῶν
1743 2773 2034 2842 ἐκκλησιῶν
2063 2770 2120 2827 οὗ

572 2858 998 2938 βουλευσάμενοι,
1020 2857 1137 2915 ἀλλ’
1154 2856 1334 2938 ὥσπερ
1357 2863 1415 2917 ἐκ
1437 2863 1541 2918 τῶν
1561 2859 1779 2939 ἐράνων,
1795 2857 1861 2916 τὰ
1876 2857 2121 2937 περιόντα

566 2945 891 3021 νειμάμενοι.
920 2941 1050 3004 Ὅτι
1075 2945 1119 3003 δ’
1142 2945 1202 3003 οὗ
1224 2947 1397 3025 ληρῶ,
1422 2947 1614 3005 ἐκεῖθεν
1639 2946 1728 3005 τὸν
1753 2946 1907 3024 λόγον
1935 2944 2122 3025 θεωρή·

570 3055 718 3092 σατε.
754 3034 875 3108 (252)
900 3031 1145 3109 Ἐγένετό
1170 3055 1247 3099 τις
1272 3036 1288 3110 (
1312 3033 1543 3112 ἄχθομαι
1566 3033 1619 3092 δὲ
1642 3033 1895 3100 πολλάκις
1921 3056 2121 3108 μεμνη-

570 3121 717 3199 μένος
739 3118 831 3186 τὰς
854 3120 1072 3199 ἀτυχίας
1093 3124 1187 3191 τῆς
1208 3121 1436 3198 πόλεως)
1465 3123 1663 3182 ἐνταῦθ’
1710 3122 1843 3200 ἀνὴρ
1882 3120 2090 3190 ἰδιώτης
2106 3164 2124 3193 ,

568 3203 623 3270 ὃς
642 3207 849 3264 ἐκπλεῖν
878 3209 948 3273 εἰς
968 3206 1151 3283 Σάμον
1176 3209 1510 3288 ἐπιχειρήσας
1536 3214 1605 3277 ὡς
1624 3209 1878 3289 προδότης
1904 3211 1998 3278 Τῆς
2019 3231 2122 3264 πα·

567 3292 737 3370 τρίδος
746 3294 1039 3374 αὐθημερὸν
1050 3294 1151 3353 ὑπὸ
1164 3300 1255 3367 τῆς
1265 3296 1315 3364 ἐξ
1328 3297 1521 3375 Ἀρείου
1532 3297 1702 3374 πάγου
1718 3299 1907 3375 βουλῆς
1919 3294 2124 3374 θανάτῳ

489 3409 543 3448 ³1,
571 3379 856 3457 ἐζημιώθη.
882 3380 1157 3464 ‘'Eupo-:8
1183 3385 1477 3451 ἐκπλεύσας
1507 3385 1713 3456 ἰδιώτης
1728 3386 1798 3450 εἰς
1826 3382 2026 3454 Ῥόδον,
2047 3381 2126 3440 ὅτι

568 3470 657 3526 τὸν
692 3467 853 3548 φόὸον
884 3467 1147 3549 ἀνάνδρως
1172 3471 1359 3548 ἤνεγκε
1380 3515 1396 3544 ,
1424 3472 1607 3552 πρῴην
1642 3471 1769 3530 ποτὲ
1816 3468 2123 3548 εἰσηγγέλθη

568 3555 661 3614 καὶ
686 3555 799 3614 ἴσαι
822 3559 876 3614 αἱ
898 3560 1063 3639 ψῆφοι
1082 3559 1225 3640 αὐτῷ
1246 3559 1493 3636 ἐγένοντο·
1518 3561 1564 3618 εἰ
1588 3558 1640 3618 δὲ
1668 3557 1761 3634 μία
1793 3557 1947 3634 μόνον
1972 3555 2126 3634 μετέ-

569 3667 745 3716 πεσεν,
758 3644 1073 3726 ὑπερώριστ’
1092 3644 1203 3718 ἀνῆ
1220 3646 1496 3706 ἀπέθανεν.
1518 3648 1637 3724 (2⁶³)
1652 3645 1962 3722 Ἀντιθῶμεν
1987 3643 2050 3716 δὴ
2065 3643 2128 3702 τὸ

570 3737 658 3790 νῦν
686 3731 973 3808 γινόμενον.
1008 3731 1162 3813 Ἀνὴρ
1196 3733 1388 3814 ῥήτωρ,
1413 3736 1441 3790 ὁ
1468 3734 1681 3791 πάντων
1708 3737 1811 3792 τῶν
1839 3735 2015 3790 κακῶν
2040 3731 2128 3789 αἴ-

571 3841 691 3888 τιος,
719 3817 865 3875 ἔλιπε
892 3817 987 3894 μὲν
1015 3818 1109 3888 τὴν
1140 3820 1243 3878 ἀπὸ
1266 3819 1619 3900 στρατοπέδου
1637 3819 1813 3896 τάξιν,
1836 3820 2040 3900 ἀπέδρα
2083 3818 2129 3878 δ’

573 3908 633 3962 ἐκ
646 3909 739 3974 τῆς
750 3904 967 3971 πόλεως·
984 3898 1130 3971 οὗτος
1144 3913 1397 3986 στεφανοῦ
1404 3913 1521 3965 σθαι
1537 3907 1766 3974 ἀξιοῖκαὶ
1784 3905 2128 3988 κηρύττεσθαι

573 3988 735 4048 οἴεται
758 3991 885 4051 δεῖν.
968 3994 1083 4050 Οὔκ
1102 3994 1441 4074 ἀποπέμψετε
1462 3993 1548 4053 τὸν
1575 3993 1845 4075 ἄνθρωπον
1864 3999 1933 4060 ὡς
1953 3993 2127 4064 κοινὴν

492 4109 546 4148 ⁴⁰
578 4081 676 4136 τῶν
716 4077 988 4148 Ἑλλήνων
1018 4080 1322 4160 συμφοράν;
1356 4079 1391 4152 ἢ
1433 4079 1781 4147 συλλαὸόντες
1818 4083 1887 4147 ὣς
1928 4079 2126 4160 λῃστὴν

574 4169 677 4224 τῶν
696 4165 1041 4246 πραγμάτων,
1062 4169 1143 4224 ἐπ’
1164 4169 1435 4244 ὀνομάτων
1455 4168 1539 4226 διὰ
1554 4172 1647 4239 τῆς
1669 4168 1932 4234 πολιτείας
1951 4168 2130 4227 πλέον·

578 4276 676 4326 τα,
707 4252 1097 4331 τιμωρήσεσθε,
1130 4256 1256 4333 (254)
1288 4256 1394 4314 Καὶ
1423 4255 1509 4312 τὸν
1546 4253 1728 4332 καιρὸν
1768 4254 2034 4332 μέμνησθε
2075 4258 2128 4314 ἐν

575 4333 619 4418 ᾧ
700 4364 740 4410 Ιν
769 4341 940 4420 ψῆφον
983 4339 1182 4420 φέρετε.
1267 4341 1513 4420 ἹΙμερῶν
1534 4339 1627 4416 μὲν
1656 4342 1839 4418 ὀλίγων
1858 4342 2038 4417 μέλλει
2063 4341 2131 4402 τὰ

577 4426 749 4488 Πύθια
772 4425 1003 4505 γίνεσθαι
1026 4427 1191 4487 καὶτὸ
1209 4429 1469 4509 συνέδριον
1495 4427 1555 4486 τὸ
1579 4431 1683 4487 τῶν
1709 4428 1981 4500 Ἑλλήνων
2005 4433 2128 4490 συλ-

575 4515 835 4594 λέγεσθαι·
870 4514 1212 4588 διαὸέὸληται
1247 4519 1293 4576 δ’
1320 4521 1353 4587 ἡ
1387 4516 1532 4582 πόλις
1560 4518 1621 4574 ἐκ
1645 4519 1748 4574 τῶν
1775 4517 2132 4593 Δημοσθένους

577 4601 973 4677 πολιτευμάτων
1008 4603 1129 4683 περὶ
1174 4602 1292 4670 τοὺς
1329 4609 1435 4660 νῦν,
1456 4601 1685 4680 καιρούς·
1714 4601 1885 4671 δόξετε
1923 4604 1967 4663 δ’
1983 4652 1999 4678 ,
2043 4605 2130 4664 ἐὰν

489 4707 561 4756 90
580 4687 676 4761 μὲν
706 4693 884 4747 τοῦτον
914 4688 1281 4771 στεφανώσητε
1297 4733 1316 4761 ,
1347 4689 1706 4766 ὁμογνώμονες
1733 4681 1866 4748 εἶναι
1892 4697 2000 4760 τοῖς
2025 4715 2132 4751 πα·

584 4775 887 4851 ραὸαίνουσι
914 4773 1009 4846 τὴν
1039 4775 1213 4847 κοινὴν
1244 4777 1483 4856 εἰρήνην,
1504 4777 1593 4835 ἐὰν
1616 4777 1671 4835 δὲ
1694 4779 1988 4838 τούναντίον
2011 4780 2128 4840 τού·

580 4884 671 4918 του
702 4859 958 4940 πράξητε,
982 4862 1274 4921 ἀπολύσετε
1292 4863 1381 4921 τὸν
1414 4865 1580 4938 δῆμον
1604 4868 1705 4922 τῶν
1731 4868 1932 4928 αἰτιῶν.

660 4969 763 5007 2⁶5.
796 4947 889 5018 Μὴ
918 4939 1005 5006 οὖν
1026 4952 1097 5016 ὣς
1118 4949 1247 5030 ὑπὲρ
1272 4951 1547 5029 ἀλλοτρίας
1564 4954 1682 5010 ἀλλ’
1700 4957 1770 5020 ὡς
1792 4952 1926 5034 ὑπὲρ
1941 4956 2134 5023 οἰκείας

582 5039 673 5106 τῆς
700 5035 898 5102 πόλεως
922 5037 1257 5115 βουλεύεσθε,
1290 5038 1381 5096 καὶ
1408 5038 1499 5105 τὰς
1524 5041 1818 5120 φιλοτιμίας
1848 5040 1924 5118 μὴ
1951 5041 2134 5119 νέμετε

582 5117 719 5176 ἀλλὰ
744 5120 971 5200 κρίνετε,
1000 5123 1206 5190 καὶτὰς
1240 5124 1433 5203 δωρεὰς
1463 5127 1533 5194 εἰς
1570 5125 1759 5206 βελτίω
1786 5125 2011 5204 σώματα
2041 5128 2132 5188 καὶ

582 5205 1009 5289 ἀξιολογωτέρους
1036 5208 1226 5290 ἄνδρας
1254 5211 1525 5274 ἀπόθεσθε.
1616 5215 1721 5274 Καὶ
1741 5213 1820 5292 μὴ
1844 5214 1999 5294 μόνον
2029 5221 2133 5283 τοῖς

2203 857 2288 918 qui
2309 857 2448 905 factis
2473 855 2814 918 longisn'meab
2832 856 2892 905 iis
2915 855 3108 906 distant.
3130 857 3258 917 (249)
3283 858 3451 918 ltaque
3473 869 3612 918 quum
3633 870 3720 904 ora·

2205 945 2360 992 torem
2395 944 2524 992 nacti
2547 943 2734 992 meritis
2755 955 3044 992 coronarum
3077 944 3384 992 externarum
3411 946 3460 992 et
3493 945 3722 1004 praeeonio·

2205 1043 2314 1078 rum
2335 1029 2464 1092 apud
2500 1034 2695 1080 Graeeos
2721 1029 3050 1080 faciendorum
3087 1030 3344 1092 cupidum,
3383 1043 3600 1080 revocare
3633 1045 3722 1080 euni

2201 1118 2368 1180 jubete
2385 1118 2642 1168 verborum
2661 1118 2986 1180 probationes,
3005 1117 3148 1167 sicuti
3164 1118 3402 1168 bonorum
3421 1121 3720 1180 possessionem

2205 1207 2492 1254 confirmare
2515 1207 2596 1255 lex
2612 1205 2770 1268 jubet,
2794 1205 2856 1254 ad
2889 1205 3041 1255 vitam
3079 1205 3368 1254 laudabilem
3391 1208 3442 1255 et
3475 1220 3621 1256 moroe
3635 1221 3722 1254 mo·

2206 1293 2364 1344 destos
2404 1315 2416 1342 ι
2451 1293 2530 1342 cui
2565 1306 2680 1342 vero
2703 1294 2808 1342 boec
2843 1294 3118 1342 testimonia
3145 1293 3344 1355 desunt,
3383 1294 3428 1344 ei
3458 1307 3562 1343 suas
3589 1294 3725 1344 laudes

2205 1381 2507 1430 constabilire
2528 1381 2692 1430 nolite.
2715 1383 2788 1430 lta
2810 1381 2938 1430 enim
2963 1380 3204 1443 popularis
3225 1381 3410 1443 imperii
3433 1395 3589 1430 curam
3607 1383 3724 1430 habe-

2207 1468 2318 1518 bitis
2331 1505 2345 1530 ,
2369 1468 2506 1517 vobis
2517 1469 2617 1529 jam
2637 1468 2866 1530 paulatim
2885 1467 2946 1517 de
2965 1468 3187 1518 manibus
3204 1469 3454 1518 elabentis.
3487 1470 3608 1528 (250)
3623 1469 3724 1528 Quid

2205 1557 2368 1605 enim?
2393 1570 2490 1604 non
2513 1555 2759 1618 indignum
2783 1556 2920 1606 vobis
2945 1555 3156 1616 videtur,
3187 1563 3410 1606 senatum
3435 1557 3724 1618 populumque

2206 1642 2410 1705 despici,
2435 1645 2596 1692 literas
2617 1647 2778 1692 autem
2799 1655 2858 1692 ac
2875 1643 3132 1706 legationes
3153 1643 3200 1692 in
3221 1644 3432 1706 privatas
3447 1644 3606 1692 domos
3627 1657 3717 1705 per-

2207 1731 2368 1780 venire
2379 1769 2393 1793 ‚
2413 1744 2508 1778 non
2528 1745 2610 1780 eas
2631 1743 2659 1779 a
2677 1731 2956 1792 vulgaribus
2971 1729 3165 1792 quidem
3185 1731 3464 1780 bominibus
3479 1732 3644 1791 missas,
3659 1730 3724 1780 aad

2207 1819 2268 1868 ab
2299 1817 2357 1868 iis
2387 1819 2470 1881 qui
2493 1821 2540 1868 in
2565 1817 2678 1867 Asia
2704 1821 2850 1880 atque
2877 1821 3067 1880 Europa
3089 1818 3408 1880 principatum
3429 1817 3659 1868 obtinent?
3678 1821 3724 1867 Et

2207 1906 2382 1968 qulbus
2405 1906 2692 1955 facinoribus
2713 1905 2916 1967 capitale
2934 1905 3118 1967 legibus
3141 1906 3426 1967 supplicium
3449 1905 3723 1956 constitutum

2208 1993 2306 2051 est,
2327 2006 2384 2042 ea
2415 2005 2467 2042 se
2489 1993 2706 2042 nonnulli
2729 1993 3032 2043 committere
3053 2006 3152 2059 non
3183 1993 3474 2048 infitiantur.
3497 1993 3574 2041 aed
3598 1993 3722 2054 palam

2209 2079 2334 2142 apud
2359 2080 2588 2142 populum
2611 2080 2923 2140 confitentur,
2943 2081 2993 2129 et
3013 2079 3176 2129 literas
3197 2079 3324 2129 inter
3340 2093 3394 2128 ae
3415 2081 3650 2130 conferunt
3663 2091 3720 2126 re—

2207 2169 2452 2230 citantqne
2465 2204 2480 2228 ‚
2509 2169 2653 2230 atque
2678 2167 2757 2217 alii
2777 2181 2864 2217 vos
2885 2167 3139 2216 hortantur
3153 2167 3270 2216 utin
3289 2179 3378 2216 ora
3399 2180 3483 2216 sua
3497 2203 3512 2228 ,
3533 2168 3650 2230 quasi
3663 2180 3722 2228 po·

2210 2255 2387 2316 pulsi-is
2414 2255 2597 2317 imperii
2629 2254 2726 2304 sint
2753 2255 3002 2316 custodes,
3040 2255 3206 2304 oculos
3241 2254 3424 2319 figatis,
3453 2255 3532 2305 alii
3563 2267 3722 2318 praemn

2211 2344 2413 2402 poscunt
2429 2379 2442 2402 ,
2465 2345 2696 2404 tanquam
2716 2341 2922 2404 public-m
2937 2342 3104 2391 salutis
3119 2345 3482 2392 conservatores
3503 2357 3516 2392 :
3531 2345 3646 2403 (251)
3661 2355 3722 2402 po-

2211 2427 2354 2490 pulus
2387 2431 2550 2478 autem
2575 2429 2640 2478 ob
2667 2443 2724 2479 ea
2747 2443 2859 2492 qum
2889 2429 3166 2479 acciderunt
3203 2430 3366 2478 anitno
3402 2430 3596 2486 fractus.
3615 2429 3722 2491 quasi

2165 2523 2171 2532 '
2210 2517 2340 2564 senio
2357 2517 2603 2566 confectus
2625 2521 2710 2566 aut
2732 2517 2900 2567 delirio
2917 2519 3085 2580 captus
3105 2517 3196 2578 sit,
3221 2531 3402 2566 nomen
3425 2519 3572 2568 solum
3597 2517 3722 2566 domi·

2211 2603 2417 2652 nationis
2435 2605 2678 2666 popularis
2701 2605 2900 2664 retinet,
2923 2618 2999 2654 res
3023 2603 3148 2666 ipsas
3167 2605 3272 2654 aliis
3306 2606 3551 2654 concessit.
3579 2603 3724 2654 Deinde·

2211 2703 2272 2738 ex
2309 2691 2618 2740 concionibus
2651 2692 2918 2752 disceditis,
2951 2705 3048 2742 nou
3089 2695 3148 2740 ut
3183 2693 3266 2754 qui
3305 2692 3638 2751 consultaritis,
3661 2689 3722 2740 sed

2215 2777 2358 2826 veluti
2395 2792 2456 2827 ex
2487 2791 2628 2828 coena
2659 2780 2889 2830 collatitia
2924 2780 3201 2841 fragmentis
3235 2793 3346 2842 qnae
3381 2783 3621 2843 supersunt
3649 2779 3723 2826 dis-

2215 2865 2427 2914 tributis.
2510 2869 2578 2916 Ut
2615 2870 2780 2917 autem
2819 2881 2917 2917 non
2948 2866 3106 2916 inania
3142 2881 3220 2917 me
3246 2867 3439 2917 effutire
3475 2869 3662 2924 constet,
3686 2863 3723 2911 id

2215 2953 2344 3014 quod
2363 2953 2471 3003 dico
2488 2965 2552 3004 ex
2565 2955 2640 3004 his
2651 2954 2960 3004 considerate.
3023 2955 3155 3016 (252)
3175 2957 3287 3005 Fuit
3309 2955 3612 3016 liic—magno
3625 2953 3726 3014 equi·

2213 3040 2324 3089 dem
2341 3055 2454 3090 cum
2471 3041 2638 3091 dolore
2659 3041 2871 3092 miserias
2889 3042 3098 3092 civitatis
3115 3042 3290 3104 saepius
3307 3041 3726 3093 commemoro—vir

2213 3127 2411 3190 quidam
2435 3129 2677 3192 privatus,
2698 3130 2784 3192 qui
2796 3129 2856 3178 ad
2879 3133 3078 3180 Samum
3105 3131 3294 3180 tantum
3325 3131 3546 3193 navigare
3575 3141 3724 3190 afflroe·

2214 3228 2295 3264 sus
2310 3252 2324 3276 ‚
2346 3219 2575 3279 tanquam
2595 3217 2810 3280 proditor
2835 3217 3004 3280 patria!
3019 3231 3080 3267 eo
3097 3217 3200 3280 ipso
3225 3217 3304 3268 die
3327 3231 3358 3266 a
3377 3222 3539 3268 senatu
3557 3223 3724 3276 Areopa·

2213 3303 2358 3364 gitico
2391 3308 2546 3354 morte
2567 3305 2827 3354 mulctatus
2848 3307 2938 3354 est.
3003 3305 3136 3354 Alter
3166 3305 3281 3354 item
3317 3305 3526 3367 privatus
3545 3304 3726 3354 Rhodum

2215 3391 2324 3440 navi
2358 3393 2630 3454 profectus,
2652 3393 2782 3454 quod
2805 3395 2988 3442 metum
3007 3391 3257 3454 publicum
3291 3405 3390 3441 non
3413 3393 3602 3441 viriliter
3619 3389 3726 3438 tulis·

2214 3483 2318 3541 set,
2335 3493 2488 3542 nuper
2504 3480 2632 3530 lmsee
2649 3479 2907 3542 majestatis
2923 3481 3194 3543 postulatus
3210 3483 3282 3529 est
3293 3515 3309 3538 ‚
3333 3481 3385 3530 et
3409 3492 3542 3543 pares
3557 3476 3728 3527 calculos

2215 3572 2384 3623 habuit
2409 3587 2421 3621 ε
2447 3573 2576 3635 quod
2599 3573 2639 3624 εἰ
2669 3585 2794 3622 unns
2813 3572 3068 3621 dumtaxat
3102 3571 3316 3621 calculus
3337 3572 3476 3622 aliter
3497 3569 3726 3625 cecidisset,

2215 3667 2301 3714 aut
2331 3664 2677 3714 exterminatus
2713 3669 2836 3714 esset
2866 3666 2953 3713 ant
2987 3665 3131 3714 morti
3166 3661 3404 3713 addictus.
3483 3663 3604 3726 (25³)
3627 3663 3725 3708 cum

2217 3751 2456 3814 {usigitur
2479 3751 2528 3801 id
2553 3751 2684 3815 quod
2719 3765 2851 3800 nnnc
2889 3752 2944 3802 fit
2971 3752 3289 3801 conferamus.
3369 3753 3544 3802 Orator
3571 3746 3728 3811 quidam

2215 3840 2457 3888 malorum
2486 3841 2704 3890 omnium
2735 3838 2918 3888 civitati
2951 3841 3121 3888 auctor
3145 3838 3304 3888 locum
3327 3841 3376 3888 ln
3409 3843 3507 3888 acle
3529 3833 3729 3888 desemii.

2217 3941 2278 3978 ex
2295 3927 2417 3977 urbe
2435 3927 2646 3990 profugit
2666 3945 2679 3975 ε
2703 3927 2741 3976 is
2758 3939 2809 3976 se
2831 3939 3010 3975 corona
3043 3926 3210 3975 donari
3240 3926 3452 3988 postulat
3471 3928 3517 3974 et
3540 3919 3731 3986 praeconis

2217 4029 2337 4065 voce
2351 4013 2597 4078 predicari
2607 4017 2829 4077 oportere
2841 4017 3018 4064 censet.
3083 4017 3187 4064 Non
3207 4027 3294 4062 vos
3309 4013 3546 4062 bominem
3560 4014 3608 4059 ut
3623 4019 3728 4057 coni·

2218 4115 2414 4154 munem
2447 4105 2728 4152 Graecorum
2763 4107 2942 4165 pestem
2973 4101 3289 4152 amandabitis
3306 4139 3321 4162 ,
3351 4105 3440 4152 aut
3465 4097 3730 4160 eomprehen-

2217 4205 2355 4254 sum,
2383 4193 2616 4254 tanquam
2649 4204 2810 4240 rerum
2841 4191 3114 4253 praedonem
3141 4189 3298 4240 verbis
3323 4189 3460 4252 quasi
3483 4185 3650 4247 navigio
3668 4193 3732 4242 per

2221 4280 2564 4343 rempublicam
2596 4279 2928 4341 navigantem,
2953 4277 3186 4340 supplicio
3209 4277 3455 4328 afficietis?
3543 4275 3656 4336 (254)
3681 4277 3732 4318 Ac

2221 4367 2448 4430 temporis
2471 4379 2665 4430 quoque
2683 4379 2922 4416 memores
2935 4365 3056 4426 sitis,
3076 4365 3124 4414 in
3147 4379 3246 4427 quo
3262 4364 3542 4414 sententiam
3557 4369 3731 4424 pronun·

2221 4455 2364 4505 tiatis.
2431 4457 2616 4504 Paucos
2628 4455 2728 4515 iam
2739 4454 2865 4504 intra
2878 4453 2982 4503 dies
2993 4452 3160 4516 Pythia
3171 4454 3334 4502 futura
3343 4455 3456 4502 sunt
3474 4453 3731 4501 Graecomm·

2221 4553 2316 4604 que
2337 4545 2532 4604 cogetur
2545 4545 2838 4604 conventus;
2857 4555 3029 4603 magna
3051 4541 3145 4590 hoc
3158 4541 3261 4603 ipso
3281 4543 3492 4602 tempore
3513 4534 3668 4587 invidia
3683 4531 3732 4579 la·

2223 4626 2364 4675 borat
2385 4625 2556 4674 civitas
2590 4628 2753 4675 nostra
2789 4629 2982 4687 propter
3008 4624 3342 4674 Demosthenis
3367 4623 3415 4672 ln
3437 4619 3658 4684 republica
3673 4627 3732 4676 ge·

2223 4711 2369 4761 renda
2391 4710 2586 4760 consilia
2611 4727 2625 4759 ε
2645 4711 2684 4759 si
2705 4709 2850 4772 igitur
2869 4709 2998 4758 hnnc
3013 4721 3192 4758 corona
3213 4706 3468 4764 donabitis,
3483 4716 3588 4753 cum
3605 4701 3653 4749 iis
3667 4695 3732 4759 qui

2221 4809 2524 4845 communem
2547 4807 2710 4857 pacem
2733 4793 2914 4844 violant
2931 4794 3200 4844 consentire
3215 4791 3515 4852 videbimini3
3533 4789 3602 4838 sin
3623 4785 3732 4834 aliter

2223 4879 2451 4938 feceritis,
2471 4878 2701 4939 populum
2721 4876 2794 4926 liis
2811 4876 3090 4926 criminibus
3111 4875 3382 4925 absolvetis.

2285 4973 2393 5015 255.
2417 4965 2490 5015 Ne
2511 4965 2656 5026 igitur
2685 4965 2822 5026 quasi
2846 4963 2906 5013 dc
2937 4963 3092 5014 aliena
3113 4963 3304 5012 civitate
3325 4959 3406 5012 sed
3440 4961 3494 5009 ut
3521 4957 3578 5006 de
3603 4956 3730 5002 vestra

2221 5051 2412 5115 propria
2429 5052 2695 5111 consulite,
2719 5063 2878 5113 neque
2899 5051 3108 5100 honores
3130 5049 3336 5112 spargite
3347 5047 3428 5098 sed
3443 5043 3614 5108 judicio
3630 5035 3732 5088 adlui-

2223 5140 2324 5188 bito
2357 5139 2582 5198 tribuite3
2615 5141 2664 5187 et
2699 5139 2894 5201 praemia
2933 5138 2984 5188 in
3017 5137 3294 5188 melioribus
3329 5133 3536 5200 personis
3561 5128 3732 5186 virssqfle

2223 5229 2372 5290 magis
2385 5226 2596 5290 probatis
2607 5226 2859 5289 collocate,
2869 5239 3026 5288 neque
3041 5227 3198 5276 solum
3221 5225 3416 5274 auribus
3433 5217 3728 5283 exquirentes·
