3825 5834
146 474 425 548 seu-m.)

850 630 974 688 xn.

136 751 219 832 'ru
248 751 485 834 Romu
518 751 641 808 κΑι
676 751 779 834 m
812 751 1017 832 ΛιιΜιι
1054 750 1211 810 των
1238 751 1642 810 mumius.

201 881 327 956 Ἐγὼ
352 883 644 962 προσῆλθον
678 885 757 962 τῷ
784 881 1143 940 πολιτεύεσθαι
1166 879 1387 958 γεγονὼς
1414 881 1505 950 ἔτη
1530 880 1645 960 τρία

135 967 205 1020 καὶ
225 966 519 1044 τριάκοντα,
570 967 648 1043 μὰ
693 967 776 1028 Δί’
803 970 861 1025 οὖ
894 972 1310 1047 τριταγωνιστεῖν
1344 969 1543 1043 μαθών,
1578 971 1647 1033 ὣς

134 1053 427 1126 Δημοσθένης
450 1054 644 1130 ἔλεγεν,
677 1053 815 1112 ἀλλὰ
851 1055 939 1112 καὶ
973 1055 1183 1133 τραφεὶς
1208 1055 1527 1132 ἐλευθερίως,
1557 1055 1647 1113 καὶ

88 1163 105 1196 ⁵
132 1139 333 1204 παιδείας
353 1141 625 1220 φροντίσας
652 1138 721 1198 τὰ
745 1139 931 1220 μέτρια
947 1186 965 1218 ,
994 1141 1084 1198 καὶ
1110 1141 1289 1220 λόγους
1318 1140 1451 1208 οἴους
1478 1141 1646 1218 λέγειν

132 1228 173 1280 ἐν
198 1225 409 1296 Ἀθήναις
432 1227 653 1306 ἔπρεπε.
728 1227 794 1305 (2)
822 1227 928 1286 Καὶ
956 1226 1167 1292 τούτους
1188 1229 1280 1286 οὐκ
1301 1230 1369 1294 εἷς
1390 1251 1645 1306 συκοφαν-

132 1311 223 1368 τίαν
246 1313 530 1390 γυμνάσας,
556 1312 679 1372 οὐδέ
704 1336 805 1371 τινι
830 1316 933 1371 τῶν
946 1314 1172 1372 πολιτῶν
1186 1313 1332 1385 δίκην
1361 1315 1645 1390 δικασάμε-

132 1421 197 1462 νος
218 1398 551 1477 εὑρεθήσομαι
584 1399 769 1458 >laeam
798 1397 1056 1480 ἀργύριον,
1097 1401 1212 1459 ozel
1250 1400 1425 1480 ῧὸρεις
1448 1401 1644 1461 ἀποδό-

130 1507 279 1556 μενος,
340 1489 455 1545 ἀλλ’
530 1487 654 1546 οῦδὲ
724 1486 979 1567 ὗὸρισθεῖς
1040 1487 1171 1553 ὅλως
1224 1489 1341 1546 οὐδὲ
1408 1489 1644 1569 ἀφορμὴν

74 1594 109 1628 ω
130 1576 529 1648 προπηλακισμοῦ
578 1572 897 1653 παρασχών,
936 1572 1053 1631 οὐδὲ
1106 1575 1177 1640 εἷς
1210 1573 1357 1645 δίκην
1391 1574 1507 1634 τινὰ
1542 1579 1646 1634 τῶν

128 1662 318 1718 πολιτῶν
340 1661 683 1732 καταστήσας
718 1661 817 1728 ἔξω
852 1661 1131 1739 Τιμάρχου
1173 1661 1351 1733 μόνου.
1442 1663 1505 1740 (τι)
1540 1663 1646 1722 Καὶ

132 1749 205 1804 οὐκ
240 1748 613 1824 ἀλαζονεύομαι
656 1747 783 1826 πρὸς
820 1752 955 1824 ὑμᾶς
1008 1751 1077 1814 ὡς
1104 1746 1277 1806 πολλὰ
1302 1749 1444 1808 πάνυ
1466 1749 1645 1808 λαὸιῖν

130 1831 219 1896 ἐξόν
241 1857 321 1908 μοι
355 1834 615 1914 χρήματα
666 1835 741 1910 μὴ
781 1834 979 1905 λαὸών,
1028 1834 1142 1893 ἀλλ’
1172 1838 1245 1902 ὥς
1273 1827 1337 1906 ἦν
1364 1841 1646 1914 προσῆκον,

130 1921 249 1990 δίκην
268 1923 395 1979 κατὰ
418 1923 537 1988 τοὺς
566 1922 757 1996 νόμους
786 1922 983 1980 λαὸών.
1058 1923 1166 1982 Καὶ
1195 1921 1329 1997 μετὰ
1349 1930 1513 1983 ταῦτα
1542 1925 1647 1982 πά-

72 2023 106 2057 is
127 2009 191 2062 λιν
214 2011 575 2090 Κτησιφῶντα,
623 2009 796 2068 πολλὰ
831 2010 923 2085 μὲν
954 2011 1039 2067 ὑπ’
1072 2011 1229 2068 αὐτοῦ
1262 2009 1444 2068 παθὼν
1476 2011 1645 2070 πολλὰ

129 2095 173 2150 δὲ
197 2096 283 2153 ὕπὸ
298 2096 688 2172 Δημοσθένους,
726 2096 1045 2174 παρανόμων
1076 2097 1407 2176 ἐγραψάμην,
1444 2099 1645 2156 δικαιο-

128 2183 281 2258 τάτην,
298 2174 339 2241 ὦ
360 2184 485 2261 θεοὶ,
508 2183 743 2264 γραφήν.
776 2185 840 2261 (ι)
862 2183 967 2242 Καὶ
987 2181 1132 2241 οὐδὲν
1162 2183 1462 2259 θαυμαστὸν
1490 2187 1534 2242 εἰ
1555 2184 1647 2242 καὶ

130 2273 211 2326 τῶν
228 2270 383 2346 νόμων
400 2274 503 2329 τῶν
540 2270 815 2349 ὑμετέρων
850 2269 941 2328 καὶ
978 2272 1081 2328 τῶν
1108 2272 1247 2346 ἐμῶν
1277 2269 1445 2348 λόγοιν
1475 2277 1507 2342 ἡ
1537 2278 1643 2342 Δη-

132 2359 365 2430 μοσθένους
382 2359 613 2432 δεινότης
638 2357 893 2439 κρείσσων
914 2357 1134 2436 ἐγένετο.
1222 2358 1423 2440 Ἐφάνη
1445 2359 1499 2418 δὲ
1522 2359 1647 2428 ἴσως

72 2469 111 2502 :o
132 2445 191 2520 ἐφ’
211 2437 273 2512 οἷς
296 2446 661 2526 κατηγορήθην
700 2445 951 2558 πρότερον
977 2445 1083 2502 ὑπὸ
1109 2445 1490 2522 Δημοσθένους,
1512 2447 1645 2506 πολὺ

132 2535 295 2604 μείζοσι
324 2535 553 2605 δηλονότι
600 2534 805 2592 τούτων
830 2557 943 2592 ουσι
972 2533 1040 2591 δι’
1067 2531 1103 2589 ἃ
1151 2539 1239 2591 νῦν
1284 2533 1543 2606 ἐξέπεσον,
1587 2538 1645 2593 οὗ

133 2619 281 2698 μικρὸν
300 2621 478 2699 δεῖγμα
518 2625 683 2678 τοῦτο
718 2623 807 2678 τοῦ
836 2621 1009 2685 καλῶς
1042 2617 1402 2678 πολιτεύεσθαι
1445 2623 1641 2696 νομίζε-

134 2713 255 2780 σθαι,
304 2706 379 2764 ὅτι
414 2707 533 2768 οὐδὲ
581 2707 949 2783 Δημοσθένους
994 2711 1403 2786 κατηγοροῦντος
1460 2709 1644 2768 ἑάλων.

137 2792 187 2868 (ε)
202 2793 333 2852 Μετὰ
350 2795 403 2852 δὲ
416 2795 619 2865 ταύτην
646 2791 743 2863 τὴν
765 2793 1035 2873 συμφορὰν
1052 2794 1143 2853 καὶ
1164 2794 1353 2862 τελέως
1370 2803 1645 2877 καταφανῆ

74 2902 113 2937 :s
134 2889 238 2938 πᾶσι
258 2890 353 2948 τοῖς
386 2881 678 2950 Ἕλλησιν,
721 2881 820 2958 οὐχ
854 2880 995 2947 ὅπως
1040 2880 1211 2956 μόνοις
1249 2886 1389 2958 ὑμῖν,
1422 2885 1647 2959 ἐμαυτὸν

134 2967 279 3042 οἴομαι
300 2968 581 3046 γεγονέναι.
674 2966 771 3033 Τίς
794 2965 893 3045 γὰρ
916 2969 1012 3026 οὖκ
1038 2958 1175 3026 οἶδεν
1198 2967 1277 3026 ὅτι
1307 2971 1647 3037 ἀποθανόντες

135 3057 171 3110 οἱ
190 3056 424 3134 ἅνθρωποι
450 3055 543 3114 καὶ
585 3055 864 3135 φεύγοντες
894 3057 954 3112 ἐκ
997 3058 1091 3126 τῆς
1127 3056 1402 3135 πατρίδος,
1438 3058 1553 3117 τότε
1582 3060 1646 3130 δὴ

137 3140 207 3195 καὶ
230 3145 469 3214 μάλιστα,
500 3141 679 3200 ὁποῖοί
704 3163 837 3206 τινες
865 3139 1097 3217 ἐγένοντο
1119 3139 1235 3208 τοὺς
1258 3143 1504 3222 τρόπους,
1534 3147 1649 3204 δια-

137 3227 408 3303 isim-naq
430 3231 495 3308 (ο)
519 3229 635 3290 Καὶ
659 3227 763 3307 γὰρ
786 3227 821 3286 ἃ
844 3226 1189 3306 συνέκρυπτον
1206 3230 1353 3288 αὐτοὶ
1375 3233 1645 3311 πρότερον,

79 3333 118 3370 20
140 3315 184 3369 ἐκ
206 3315 345 3387 μέσου
387 3315 684 3393 γενομένων
730 3314 1071 3395 ἀναφαίνεται
1110 3318 1374 3394 καθαρῶς·
1418 3319 1647 3376 αἰτιᾶται

137 3397 217 3478 γὰρ
234 3401 351 3460 πολὺ
383 3407 583 3479 μᾶλλον
606 3405 714 3460 τῶν
746 3403 943 3480 ἐχθρῶν
974 3401 1191 3468 ἕκαστος
1222 3401 1367 3461 οὐδὲν
1391 3407 1646 3463 ἀντειπεῖν

139 3487 424 3562 δυναμένους.
504 3493 577 3550 Οἱ
598 3487 661 3548 δὲ
678 3487 741 3560 δὴ
768 3489 1037 3570 φεύγοντες
1062 3490 1149 3548 ἐπὶ
1160 3489 1427 3557 τοιαύταις
1444 3493 1649 3564 αἰτίαις,

137 3577 191 3638 ὡς
208 3575 265 3632 τὰ
282 3581 373 3636 τῶν
394 3577 666 3654 πολεμίοιν
690 3576 771 3634 ἀεὶ
806 3577 1233 3658 προαιρούμενοι,
1260 3575 1351 3635 καὶ
1384 3582 1650 3646 παντελῶς

139 3661 379 3722 δεικνύουσι
394 3665 484 3722 καὶ
506 3663 627 3730 τοὺς
648 3663 869 3743 τρόπους
886 3665 975 3722 καὶ
1000 3663 1093 3730 τὰς
1114 3666 1167 3722 ἐν
1187 3668 1262 3744 τῷ
1286 3665 1647 3726 πολιτεύεσθαι

79 3763 117 3800 κ
141 3749 373 3824 γενομένας
392 3755 563 3819 αὑτοῖς
575 3751 792 3832 γνώμας
808 3753 1122 3830 καταφανεῖς
1135 3775 1148 3788 ·
1168 3752 1257 3808 καὶ
1278 3750 1379 3830 γὰρ
1398 3753 1489 3811 καὶ
1512 3752 1650 3819 ὅπως

140 3835 311 3912 φέρουσι
332 3839 419 3905 τὰς
436 3839 711 3919 συμφορὰς
738 3840 829 3897 καὶ
850 3842 921 3904 ὡς
956 3839 1239 3898 διάκεινται
1260 3839 1389 3952 πρὸς
1411 3839 1501 3906 τὰς
1527 3843 1649 3898 ἔαυ·

142 3924 223 3978 utu
246 3925 505 4004 πατρίδας,
552 3925 882 3994 ἐξετάζονται
925 3929 1121 4004 σαφῶς.
1208 3929 1272 4003 (7)
1322 3930 1416 4006 Ap’
1447 3919 1535 3984 οὗν
1558 3929 1649 3986 καὶ

146 4008 363 4090 Φιλίππῳ
381 4012 599 4091 προδοὺς
622 4012 721 4082 τὴν
748 4013 975 4088 ἐμαυτοῦ
996 4013 1223 4092 πατρίδα
1248 4014 1341 4072 καὶ
1368 4036 1645 4094 παραπρε-

147 4093 327 4162 σδεύσας
348 4104 557 4158 τοιαῦτα
580 4098 725 4158 κατὰ
750 4103 844 4169 τῆς
864 4099 1089 4171 πόλεως,
1116 4099 1207 4158 καὶ
1234 4099 1297 4170 δὴ
1326 4100 1649 4177 θεραπεύσας

92 4197 131 4231 ⁴⁰
148 4181 411 4252 Μακεδόνας
424 4229 440 4256 ,
474 4185 661 4257 ἐπειδὴ
694 4185 919 4264 τάχιστα
954 4185 1157 4266 φεύγων
1186 4186 1310 4266 παρ’
1340 4190 1487 4260 ὑμῶν
1514 4188 1651 4268 ᾠχό-

148 4289 243 4338 μην,
262 4272 377 4349 πρὸς
403 4273 735 4353 Ἀλέξανδρον
756 4274 1089 4350 ἀπηλλάγην,
1114 4274 1267 4352 χάριν
1294 4297 1351 4332 τε
1378 4267 1452 4333 ὧν
1479 4297 1648 4353 παρε-

148 4354 317 4430 ιηρμην
358 4361 497 4436 αὐτῷ
536 4359 881 4436 κομιούμενος
914 4360 1013 4418 καὶ
1048 4359 1369 4438 προμηθείας
1414 4361 1649 4431 δηλονότι

148 4441 397 4515 τευξόμενος
410 4451 537 4524 παρ’
558 4449 737 4528 αὗτῷ;
760 4445 825 4527 (a)
843 4446 953 4508 Καὶ
974 4449 1069 4504 οὐκ
1084 4446 1190 4504 ἔσθ’
1206 4445 1347 4513 ὅπως
1362 4449 1462 4526 οὐχ
1476 4445 1651 4526 ἑώρων

150 4523 199 4580 τὰ
218 4526 296 4600 μὲν
318 4531 369 4587 ἐν
391 4533 621 4612 Βοιωτίᾳ
638 4535 919 4593 πανδοκεῖα
943 4532 1197 4604 Δημάδην
1220 4533 1407 4611 ἔχοντα
1434 4534 1525 4592 καὶ
1544 4557 1649 4612 χω-

98 4631 135 4666 ⁴⁵
153 4609 215 4682 9¹¹⁸
238 4619 407 4691 ζευγῶν
436 4619 633 4677 εἴκοσιν
668 4623 889 4700 ἀροῦντα
908 4620 997 4678 καὶ
1018 4629 1215 4699 χρυσᾶς
1236 4619 1421 4698 ἔχοντα
1442 4621 1649 4700 φιάλας,

152 4693 385 4772 Ἡγήμονα
402 4702 455 4761 δὲ
474 4705 565 4762 καὶ
590 4705 1015 4781 Καλλιμέδοντα,
1040 4705 1127 4764 τὸν
1152 4704 1247 4782 μὲν
1272 4709 1325 4764 ἐν
1358 4706 1538 4784 Πέλλῃ
1562 4707 1649 4765 τὸν

152 4782 193 4837 δὲ
212 4787 255 4840 ἐν
270 4791 472 4869 Βερροία
490 4835 509 4862 ,
534 4793 627 4850 καὶ
652 4792 843 4872 δωρεὰς
870 4793 978 4870 ἅμα
1003 4795 1275 4873 εἰληφότας
1296 4794 1387 4852 καὶ
1404 4796 1649 4871 γυναῖκας

152 4870 523 4946 εὐπρεπεστάτας
550 4878 933 4955 γεγαμηκότας.
1025 4880 1085 4958 (9)
1124 4881 1227 4939 Καὶ
1252 4881 1355 4957 μὴν
1384 4880 1499 4938 οὐδὲ
1524 4881 1651 4959 πρὸς

152 4957 377 5027 θηίαίους
392 4965 496 5022 οὐδ’
515 4967 589 5030 εἷς
618 4967 913 5028 Θετταλίαν
946 4967 1163 5046 ᾠχόμην
1186 4967 1310 5046 παρ’
1340 4971 1507 5045 ὑμῶν,
1534 4968 1648 5026 οὐδὲ

98 5043 251 5117 ωῐρός
274 5047 447 5116 ἄλλους
482 5051 657 5123 τινάς,
692 5055 814 5128 παρ’
848 5045 921 5120 οἷς
958 5053 991 5124 ἢ
1032 5057 1281 5133 λοιδορεῖν
1309 5054 1412 5112 ἔδει
1456 5078 1521 5130 με
1554 5056 1649 5126 τὴν

156 5132 341 5206 πατρίδα
362 5134 449 5206 τὴν
476 5135 611 5212 ἐμὴν
634 5137 673 5206 ἢ
692 5139 1078 5216 λοιδορουμένης
1097 5143 1255 5212 αὐτῆς
1284 5140 1505 5212 ἀκούειν,
1534 5143 1649 5200 ἀλλ’

160 5217 211 5278 εἷς
232 5217 385 5279 Ῥόδον
420 5223 701 5304 &prndium
729 5224 841 5284 οὔτε
879 5224 953 5302 μὰ
988 5227 1074 5286 τὸν
1110 5227 1209 5288 Δία
1242 5232 1505 5303 δυσμενῶν
1530 5233 1649 5307 ὑμῖν

1240 467 1673 547 [AEscfflNis]
1688 475 2100 535 EPtSToLAE.

3179 496 3280 546 15³

2447 643 2496 694 X
2511 642 2576 695 ΙΙ.

1866 757 1996 812 SEN
2007 759 2184 814 ATUI
2223 760 2408 816 POPU
2421 763 2666 831 LOQL‘E
2701 761 3158 822 A'suENlssNsl.

1794 903 1893 964 Ego
1914 901 1976 950 ad
2013 903 2356 966 rempublicam
2387 907 2562 955 accessi
2593 919 2743 956 annos
2768 911 2866 958 troe
2899 913 2948 959 et
2975 911 3167 974 triginta
3201 927 3280 963 na·

1732 999 1825 1057 tus,
1839 1010 1992 1059 quum
2012 999 2284 1048 mehercule
2305 1013 2402 1048 non
2423 1001 2586 1052 tertias
2601 1003 2798 1053 actitare
2817 1007 2974 1066 partes
2995 1007 3283 1070 didicissem,

1733 1094 1789 1142 ut
1812 1095 2154 1144 Demosthenes
2175 1095 2389 1156 dicebat,
2413 1095 2494 1147 sed
2523 1097 2751 1148 educatus
2781 1101 2974 1152 fuissem
3011 1103 3283 1165 liberaliter,

1730 1191 1781 1238 et
1802 1189 2034 1240 doctrinm
2054 1191 2307 1254 mediocri,
2331 1195 2382 1243 et
2405 1192 2640 1256 ejusmodi
2669 1196 2961 1248 orationibus
2983 1213 3176 1262 operam
3198 1216 3284 1250 na·

1732 1294 1946 1343 vassem,
1983 1283 2150 1345 quales
2185 1285 2350 1334 haberi
2391 1286 2592 1338 Athenis
2630 1287 2836 1340 deceret.
2909 1291 2980 1354 (2)
3015 1295 3170 1356 Atque
3207 1308 3287 1344 eas

1730 1386 1827 1424 non
1866 1375 1929 1424 ad
1964 1376 2254 1427 calumniam
2299 1379 2582 1441 contulisse,
2627 1395 2784 1444 neque
2827 1384 2912 1432 ulli
2956 1385 3134 1436 civium
3149 1422 3164 1446 ,
3200 1401 3283 1438 ac·

1728 1473 1869 1534 cepta
1904 1473 2134 1534 pecunia,
2171 1473 2438 1534 periculum
2469 1487 2653 1526 creasse
2688 1479 2912 1539 reperiar,
2949 1491 3104 1541 neque
3140 1483 3284 1532 etiam

1731 1566 2048 1614 contumelias
2072 1566 2368 1624 vendidisse.
2387 1567 2470 1618 sed
2507 1581 2698 1631 prorsus
2720 1573 3024 1623 contumeliis
3043 1587 3138 1624 non
3163 1577 3280 1626 afte-

1730 1659 1837 1704 ctus
1874 1657 2042 1716 iniisse,
2069 1671 2228 1720 neque
2253 1673 2448 1710 eausam
2483 1665 2786 1714 contumelias
2807 1665 2926 1715 mihi
2951 1667 3178 1718 radendae
3199 1671 3284 1720 ulli

1730 1749 2053 1812 suppeditasse
2070 1787 2085 1811 ,
2108 1765 2166 1800 ac
2191 1765 2254 1800 ne
2291 1753 2340 1802 in
2355 1751 2592 1814 judicium
2625 1757 2822 1820 quidem
2841 1759 2994 1808 ulium
3019 1761 3174 1812 civem
3195 1763 3283 1810 ad-

1731 1846 1941 1906 duxisse,
1957 1850 2094 1898 extra
2107 1849 2264 1898 solum
2279 1851 2604 1902 Timarchum.
2623 1853 2692 1914 (3)
2717 1857 2880 1917 Neque
2893 1855 3022 1916 iacto
3035 1857 3160 1920 apud
3181 1873 3282 1920 vos,

1732 1953 1840 2002 me,
1873 1955 2026 2004 quum
2057 1944 2318 2005 permultas
2345 1944 2470 2007 apud
2499 1959 2584 1994 vos
2623 1949 2846 2010 pecunias
2868 1951 3080 2014 accipere
3105 1954 3284 2014 potuis·

1731 2047 1850 2094 sem,
1872 2047 1971 2084 non
1995 2037 2262 2098 accepisse:
2303 2037 2386 2086 sed
2403 2075 2420 2100 ,
2445 2041 2502 2088 ut
2538 2041 2882 2103 conveniebat,
2901 2055 3068 2105 poenas
3103 2044 3284 2107 legibus

1730 2131 2002 2193 sumpsisse.
2025 2133 2136 2182 Post
2145 2133 2288 2182 etiam
2300 2134 2676 2197 ctesiphontem,
2691 2137 2846 2186 multa
2863 2137 2924 2186 ab
2939 2151 2996 2188 eo
3005 2153 3254 2202 perpessus
3267 2179 3281 2201 ,

1734 2223 1888 2273 multa
1906 2224 2020 2273 item
2040 2225 2421 2285 aDemosthene‚
2447 2225 2732 2276 viciatarum
2762 2227 2920 2290 legum
2945 2243 3077 2278 reum
3093 2231 3284 2294 seci,ju-

1731 2321 1956 2380 stissimo,
1968 2333 1998 2369 o
2012 2321 2078 2370 dii
2093 2321 2401 2386 immortales,
2415 2323 2609 2386 judicio.
2628 2327 2694 2388 (4)
2707 2328 2871 2388 Neque
2881 2340 2994 2377 vero
3009 2327 3183 2378 mirum
3195 2333 3283 2388 est,

1734 2417 2065 2468 Demosthenis
2082 2418 2404 2481 eloquentiam
2427 2424 2476 2470 et
2513 2421 2694 2484 legibus
2721 2422 2890 2473 vestris
2924 2425 2974 2473 et
2988 2425 3144 2474 verbis
3169 2427 3287 2475 meis

1734 2515 1876 2566 fuisse
1893 2516 2204 2578 superiorem.
2227 2517 2354 2567 lllud
2372 2520 2534 2568 autem
2557 2532 2654 2570 non
2675 2519 2902 2582 exiguum
2923 2520 3130 2573 fortassis
3157 2525 3284 2585 apud

1732 2621 1817 2656 vos
1834 2609 2170 2670 argumentum
2187 2609 2370 2659 exstitit
2386 2610 2508 2661 bene
2521 2613 2666 2674 gesta
2681 2625 2711 2661 a
2735 2621 2814 2662 me
2833 2611 3128 2679 reipublicae,
3154 2616 3284 2678 qiiod

1732 2717 1793 2754 ne
1815 2706 2134 2756 Demosthene
2146 2707 2340 2768 quidem
2359 2711 2640 2773 accusante,
2661 2711 2852 2762 illorum
2867 2714 3139 2776 criminum,
3163 2732 3285 2779 quo-

1734 2815 1841 2850 rum
1872 2801 1952 2850 ille
1967 2815 2046 2850 me
2067 2815 2202 2851 reum
2219 2803 2468 2853 fecerat—
2483 2817 2634 2867 quum
2654 2807 2848 2869 quidem
2868 2809 2928 2858 iis
2942 2811 3006 2858 ob
3028 2825 3140 2874 quae
3159 2825 3286 2862 nunc

1734 2896 1901 2946 exsulo
1949 2895 2086 2958 longe
2129 2898 2346 2959 graviora
2387 2901 2544 2949 essent
2559 2927 2648 2962 —,
2697 2903 2871 2953 fuerim
2920 2906 3282 2959 condemnatus.

1736 2997 1804 3058 (5)
1833 2999 1949 3046 Post
1967 2997 2091 3045 hanc
2125 2999 2287 3047 autem
2305 2999 2626 3049 calamitatem
2640 3037 2655 3062 ,
2705 3015 2784 3051 me
2821 3003 3009 3065 penitus
3031 3019 3128 3054 non
3151 3009 3287 3060 vobis

1734 3091 2013 3152 dumtaxat,
2036 3093 2119 3142 sed
2157 3093 2381 3143 omnibus
2412 3095 2558 3146 etiam
2581 3099 2762 3148 Graecis
2789 3103 2958 3150 notum
2985 3115 3086 3152 esse
3105 3104 3286 3154 sactum

1734 3186 1918 3248 opinor.
1937 3187 2054 3245 Quis
2074 3189 2202 3238 enim
2225 3189 2403 3250 nescit,
2433 3190 2652 3241 homines
2685 3195 2740 3242 ut
2763 3199 2996 3258 mortuos,
3041 3197 3108 3248 ita
3141 3201 3286 3250 etiam

1734 3281 1889 3344 patria
1923 3282 2224 3343 exsulantes,
2244 3283 2327 3347 qui
2345 3285 2396 3334 et
2412 3285 2587 3347 quibus
2612 3289 2825 3340 moribus
2855 3292 3030 3343 merint
3043 3331 3059 3354 ,
3079 3296 3288 3345 maxime

1737 3377 1988 3438 cognosci?
2018 3377 2086 3438 (6)
2111 3381 2230 3428 Nam
2245 3380 2295 3428 et
2311 3393 2424 3442 qua>
2444 3381 2575 3443 prius
2593 3382 2678 3444 ipsi
2714 3387 3043 3450 contegebant,
3079 3403 3134 3440 ea
3149 3391 3242 3442 illis
3259 3409 3287 3440 e

1736 3472 1893 3522 medio
1910 3472 2110 3523 sublatis
2125 3475 2374 3536 perspicue
2391 3477 2677 3538 cernuntur;
2695 3482 2743 3529 et
2755 3491 2922 3530 omnes
2937 3483 3112 3532 inimici
3133 3487 3287 3536 multo

1736 3568 1887 3630 magis
1904 3570 2326 3634 eoscriminantur,
2341 3585 2490 3634 quum
2505 3574 2606 3635 jam
2624 3587 2676 3624 se
2690 3575 2943 3626 defendere
2961 3591 3058 3626 non
3071 3585 3285 3641 possunt.

1738 3658 1832 3714 Qui
1856 3659 2020 3708 autem
2035 3659 2100 3707 ob
2119 3657 2168 3706 id
2185 3659 2366 3709 crimen
2388 3663 2626 3718 exsulant,
2645 3664 2780 3726 quasi
2805 3665 3012 3715 hostium
3026 3668 3290 3717 cotnmodis

1738 3750 1968 3808 perpetuo
2007 3745 2308 3809 studuerint,
2345 3749 2541 3797 omnino
2573 3753 2624 3800 et
2657 3764 2813 3801 mores
2843 3756 2891 3802 et
2917 3754 3112 3804 consilia
3135 3756 3182 3804 in
3209 3771 3288 3819 ge-

1738 3834 1885 3882 renda
1925 3833 2166 3895 republica
2192 3847 2278 3884 sua
2309 3835 2556 3885 evidenter
2594 3838 2938 3890 demonstrant.
2975 3845 3139 3904 Neque
3161 3845 3288 3895 enim

1736 3937 1835 3985 quo
1853 3925 1994 3983 pacto
2017 3923 2312 3973 calamitates
2351 3925 2530 3986 serant,
2559 3929 2608 3975 et
2639 3929 2695 3976 ιιι
2735 3941 2844 3991 erga
2869 3930 3076 3991 patriam
3099 3935 3192 3984 siut
3221 3937 3286 3983 ai'·

1738 4013 1845 4062 secti
1861 4046 1876 4071 ‚
1902 4012 1999 4060 ulla
2025 4012 2206 4060 ratione
2232 4012 2384 4060 celare
2399 4013 2610 4075 possunt.
2621 4015 2689 4076 (7)
2709 4017 2948 4078 Numquid
2967 4032 3106 4082 ergo,
3131 4023 3288 4083 utqui

1736 4100 1938 4162 patriam
1963 4113 2118 4149 meam
2139 4100 2358 4160 Philippo
2381 4099 2671 4164 prodiderim
2689 4138 2704 4164 ,
2729 4105 2842 4154 etin
2865 4105 3138 4168 reipublicae
3159 4109 3288 4158 frau-

1737 4187 1845 4236 dem
1870 4188 1997 4237 mala
2025 4188 2118 4238 tide
2157 4189 2438 4250 legationem
2480 4191 2712 4252 obierim,
2755 4193 2934 4254 quippe
2973 4195 3287 4246 Macedonum

1738 4275 1912 4336 cultor,
1961 4277 2016 4324 ut
2043 4276 2250 4337 primum
2277 4289 2308 4325 a
2334 4277 2467 4326 vobis
2493 4278 2670 4338 ejectus
2709 4278 2824 4340 abii,
2869 4279 2930 4328 ad
2963 4281 3286 4333 Alexandrum

1738 4375 1817 4410 me
1838 4362 2040 4422 contuli,
2071 4363 2125 4410 ιιι
2144 4365 2192 4411 et
2210 4363 2361 4424 gratia
2391 4377 2478 4426 pro
2494 4365 2676 4413 meritis
2696 4365 2758 4414 ab
2779 4380 2838 4414 eo
2873 4367 2989 4416 inihi
3011 4368 3284 4429 referretur,

1737 4450 1786 4498 et
1804 4450 2068 4500 rationibus
2083 4451 2203 4500 meis
2237 4451 2600 4500 consuleretur?
2626 4453 2694 4516 (8)
2728 4456 2892 4516 Neque
2915 4467 3028 4504 vero
3043 4468 3138 4504 non
3158 4457 3286 4506 vide-

1736 4537 1865 4598 bam,
1896 4537 2156 4588 Demadem
2193 4551 2434 4597 cauponas
2466 4539 2670 4588 Bmotias
2699 4541 2886 4602 tenere,
2913 4542 2964 4590 et
2997 4541 3170 4590 fundos
3215 4556 3284 4591 xx

1738 4625 1883 4674 boum
1903 4625 2029 4686 iugis
2060 4639 2212 4687 arare,
2237 4631 2286 4674 et
2327 4638 2496 4675 aureas
2532 4627 2706 4676 habere
2747 4627 2944 4688 phialas,
2967 4631 3284 4690 Hegemone-m

1736 4717 1897 4762 autem
1921 4715 1972 4763 et
2003 4713 2432 4774 Callimedontem‚
2475 4715 2682 4764 alterum
2720 4715 2880 4773 Penne,
2931 4716 3133 4765 alterum
3179 4719 3283 4766 Ber-

1737 4800 1884 4849 rhoeoe
1902 4835 1916 4859 ,
1941 4814 2092 4862 quum
2129 4813 2328 4849 munera
2350 4801 2602 4863 accepisse,
2651 4807 2751 4849 tum
2782 4803 3024 4851 matronas
3048 4802 3282 4854 honestis-

1736 4888 1879 4938 simas
1901 4902 2075 4937 uxores
2093 4887 2304 4936 duxisse.
2391 4889 2458 4950 (9)
2495 4892 2658 4950 Neque
2681 4889 2826 4936 etiam
2859 4901 2886 4936 a
2907 4889 3041 4938 vobis
3067 4891 3126 4938 ad
3159 4893 3286 4942 The-

1738 4977 1885 5026 banos
1904 4976 2054 5024 autin
2076 4975 2364 5025 Thessaliam
2396 4976 2522 5036 abii,
2547 4977 2631 5023 aut
2653 4974 2714 5023 ad
2737 4976 2853 5025 alios
2871 4977 3122 5038 quosdam,
3158 4982 3284 5042 apud

1736 5075 1857 5126 quos
1878 5063 1992 5111 mihi
2015 5063 2228 5112 convicia
2243 5062 2288 5110 in
2311 5064 2512 5124 patriam
2541 5065 2624 5110 aut
2637 5062 2834 5111 dicenda
2849 5100 2864 5124 ‚
2893 5067 2976 5113 aut
2995 5064 3057 5112 ab
3076 5067 3178 5115 aliis
3198 5082 3284 5115 au-

1737 5149 1909 5198 dienda
1936 5153 2110 5211 essent,
2134 5150 2216 5198 sed
2257 5150 2477 5198 Rhodum
2521 5163 2626 5197 suun
2665 5151 2930 5212 profectus,
2953 5151 3000 5200 in
3039 5154 3284 5202 hominum

1738 5240 1905 5288 urbem
1923 5275 1936 5298 ,
1957 5240 2040 5300 qui
2078 5251 2166 5286 nec
2187 5237 2320 5286 vobis
2352 5237 2525 5286 inimici
2563 5241 2699 5296 sunt,
2725 5253 2810 5287 uec
2833 5240 3184 5288 inimicitiarum
3206 5255 3264 5300 ap
