3825 5834
1101 440 1691 505 ALCIDAMANTIS
1732 444 1857 507 ΟΒ.
1904 444 2006 507 ΒΕ
2047 446 2456 512 soPfflsTls.

3259 466 3370 519 205

132 572 238 629 τῶν
262 569 587 649 αὖτομάτων
615 572 831 650 ἀγαθῶν
873 572 1187 651 ἐπίπροσθεν
1228 577 1295 652 τῇ
1334 574 1527 654 χρήσει
1554 574 1716 635 καθέ·
1812 600 1954 637 usum
1981 589 2210 651 impediat
2231 596 2280 639 et
2309 593 2445 653 pejus
2477 592 2718 643 interdum
2759 606 2906 657 quam
2933 595 3126 646 fortuna
3145 596 3374 648 certami-

142 682 302 732 στηκε
334 658 429 718 καὶ
458 658 623 739 χείρω
660 664 755 731 τῆς
778 658 945 739 τύχης
987 660 1149 721 ἐνίοτε
1176 665 1285 729 τοῖς
1318 661 1717 739 ἀγωνιζομένοις

144 746 237 819 τὴν
266 746 577 827 ἐπικουρίαν
618 748 986 827 παραδίδωσι,
1016 746 1108 807 καὶ
1156 752 1263 807 τῶν
1311 748 1487 808 ἄλλων
1516 754 1716 831 τεχνῶν

142 836 231 895 ἐπὶ
259 835 323 895 τὸ
354 835 565 915 βέλτιον
590 836 740 915 ἄγειν
770 838 859 897 τὸν
886 840 989 897 τῶν
1014 838 1305 919 ἀνθρώπων
1340 830 1451 920 βίον
1476 838 1716 917 εἰθισμέ-

92 944 119 981 s
150 948 252 983 νων
288 926 427 997 αὐτὴ
470 924 566 983 καὶ
601 928 713 993 τοῖς
742 925 1053 1003 αὐτομάτοις
1082 928 1445 1009 εὖπορῆμασιν
1478 926 1721 1007 ἐμποδών

147 1014 311 1077 ἐστιν,

232 1121 297 1161 ιο.
344 1100 621 1180 Ἧγοῧμαι
640 1101 687 1161 δ’
713 1101 831 1162 οὐδὲ
855 1102 1039 1181 λόγους
1065 1102 1265 1163 δίκαιον
1285 1092 1419 1164 εἶναι
1440 1106 1715 1163 καλεῖσθαι

146 1190 265 1257 τοὺς
288 1190 695 1269 γεγραμμένους
712 1234 729 1263 ,
764 1189 881 1251 ἀλλ’
912 1189 1091 1272 ὥσπερ
1124 1190 1317 1252 εἴδωλα
1346 1192 1438 1251 καὶ
1466 1193 1721 1273 σχήματα

146 1279 238 1338 καὶ
270 1278 569 1357 μιμήματα
595 1280 792 1361 λόγων,
810 1280 901 1340 καὶ
928 1280 1026 1353 τὴν
1054 1280 1217 1353 αὐτὴν
1240 1282 1359 1340 κατ’
1380 1284 1549 1341 αὐτῶν
1587 1282 1721 1343 εἰκό-

70 1387 121 1424 ιο
147 1390 251 1434 τως
280 1366 345 1426 ἂν
374 1367 531 1436 δόξαν
566 1367 815 1448 ἔχοιμεν,
846 1367 1015 1449 ἥνπερ
1050 1370 1142 1429 καὶ
1186 1370 1326 1429 κατὰ
1368 1374 1473 1429 τῶν
1502 1374 1721 1451 χαλκῶν

146 1456 477 1537 ἀνδριάντων
520 1458 613 1515 καὶ
653 1458 863 1518 λιθίνων
916 1458 1238 1537 ἀγαλμάτων
1280 1460 1373 1519 καὶ
1416 1460 1723 1539 γεγραμμέ-

146 1570 253 1605 νων
279 1548 457 1615 ζώων.
542 1542 759 1630 Ὥσπερ
790 1547 893 1627 γὰρ
924 1556 1090 1609 ταῦτα
1121 1549 1411 1627 μιμήματα
1449 1554 1553 1610 τῶν
1594 1553 1725 1623 ἅλη-

148 1639 305 1693 θινῶν
334 1634 605 1711 σωμάτων
639 1636 779 1713 ἐστί,
802 1638 894 1695 καὶ
912 1636 1097 1717 τέρψιν
1127 1640 1223 1713 μὲν
1262 1638 1347 1699 ἐπὶ
1388 1642 1482 1710 τῆς
1510 1638 1727 1719 θεωρίας

149 1722 265 1801 ἔχει
286 1766 303 1793 ,
332 1727 533 1802 χρῆσιν
560 1724 607 1781 δ’
631 1722 877 1803 οὐδεμίαν
914 1728 987 1803 τῷ
1028 1728 1132 1782 τῶν
1157 1724 1445 1805 ἀνθρώπων
1486 1725 1585 1807 βίῳ
1616 1750 1726 1785 πα-

74 1832 123 1873 15
152 1814 415 1893 ραδίδωσι
432 1858 449 1890 ,
480 1813 567 1872 τὸν
590 1812 745 1873 αὐτὸν
770 1814 959 1894 τρόπον
991 1820 1020 1874 δ
1048 1814 1413 1895 γεγραμμένος
1440 1816 1619 1895 λόγος,
1652 1817 1728 1875 ἐνὶ

150 1900 401 1980 σχήματι
422 1900 516 1961 καὶ
540 1900 686 1970 τάξει
712 1903 1059 1982 κεχρημένος,
1090 1906 1149 1963 ἐκ
1182 1903 1393 1982 βιὸλίου
1424 1902 1726 1983 θεωρούμε-

148 2014 239 2057 νος
258 1990 373 2069 ἔχει
402 1990 549 2057 τινὰς
576 1988 871 2064 ἐκπλήξεις,
910 1991 995 2051 ἐπὶ
1033 1990 1087 2049 δὲ
1123 1994 1229 2069 τῶν
1258 1995 1454 2070 καιρῶν
1488 1991 1729 2062 ἀκίνητος

148 2077 225 2137 ὧν
252 2078 511 2157 οὐδεμίαν
539 2076 795 2158 ὠφέλειαν
840 2089 946 2145 τοῖς
978 2079 1317 2155 κεκτημένοις
1342 2079 1727 2155 παραδίδωσιν·

152 2168 273 2227 ἀλλ’
302 2168 493 2246 ὥσπερ
522 2165 843 2247 ἀνδριάντων
878 2169 1055 2227 καλῶν
1081 2166 1303 2239 ἀληθινὰ
1334 2166 1559 2245 σώματα
1590 2167 1725 2226 πολὺ

73 2276 129 2313 2⁰
154 2254 371 2334 χείρους
404 2254 499 2321 τὰς
531 2254 775 2333 εὐπορίας
805 2252 997 2333 ἔχοντα
1035 2254 1461 2321 πολλαπλασίους
1508 2254 1596 2313 ἐπὶ
1624 2259 1729 2315 τῶν

150 2344 325 2423 ἔργων
360 2342 459 2410 τὰς
482 2342 741 2425 ὠφελείας
784 2342 1145 2423 παραδίδωσιν
1164 2388 1185 2422 ,
1223 2341 1359 2403 οὕτω
1399 2343 1491 2403 καὶ
1528 2344 1680 2422 λόγος
1704 2348 1733 2402 ὁ

152 2436 253 2507 μὲν
276 2435 376 2491 ἀπ’
402 2432 570 2503 αὐτῆς
588 2436 681 2503 τῆς
698 2432 929 2497 διανοίας
953 2434 1007 2490 ἐν
1031 2435 1107 2513 τῷ
1127 2430 1427 2511 παραυτίκα
1456 2432 1735 2511 λεγόμενος

150 2519 403 2600 ἔμψυχός
438 2522 552 2578 ἐστι
584 2518 677 2579 καὶ
708 2522 773 2599 ζῇ
802 2520 893 2579 καὶ
921 2530 1028 2587 τοῖς
1067 2521 1377 2601 πράγμασιν
1420 2518 1602 2579 ἕπεται
1632 2522 1729 2581 καὶ

148 2618 261 2675 τοῖς
284 2608 544 2679 ἀληθέσιν
566 2610 909 2689 ἀφωμοίωται
940 2608 1185 2689 σώμασιν
1200 2656 1217 2685 ,
1243 2614 1271 2669 ὁ
1299 2611 1353 2671 δὲ
1374 2610 1735 2690 γεγραμμένος

70 2714 125 2751 25
154 2697 319 2757 εἰκόνι
342 2696 509 2776 λόγου
536 2697 635 2771 τὴν
662 2698 815 2779 φύσιν
844 2698 1029 2777 ὁμοίαν
1059 2698 1200 2779 ἔχων
1230 2698 1443 2773 ἀπάσης
1471 2699 1734 2781 ἐνεργείας

152 2790 381 2867 ἄμοιρος
402 2788 757 2858 καθέστηκεν.

236 2898 311 2937 11.
358 2873 527 2942 Ἴσως
563 2872 626 2933 ἂν
656 2866 749 2935 οὗν
777 2872 916 2933 εἴποι
943 2896 1019 2941 τις
1052 2876 1124 2942 ὥς
1152 2873 1340 2954 ἄλογόν
1367 2876 1477 2935 ἐστι
1512 2898 1735 2953 κατηγο·

154 2974 263 3047 ρεῖν
290 2966 391 3043 μὲν
422 2969 519 3035 τῆς
542 2966 805 3045 γραφικῆς
834 2964 1135 3041 δυνάμεως,
1166 2962 1321 3022 αὐτὸν
1352 2959 1407 3020 δὲ
1437 2962 1521 3021 διὰ
1544 2964 1738 3033 ταύτης

154 3054 446 3133 φαίνεσθαι
474 3052 575 3121 τὰς
605 3052 877 3121 ἐπιδείξεις
908 3052 1219 3130 ποιούμενον
1238 3097 1255 3124 ,
1280 3052 1371 3111 καὶ
1394 3050 1737 3132 προδιαὸάλ-

80 3165 131 3203 so
154 3146 269 3203 λειν
318 3145 427 3217 τὴν
468 3140 843 3223 πραγματείαν
878 3142 1075 3214 ταύτην
1118 3142 1185 3199 δι’
1212 3132 1275 3215 ἧς
1304 3140 1594 3216 εὐδοκιμεῖν
1635 3163 1739 3197 πα·

156 3234 554 3312 ρασκευάζεται
578 3230 729 3311 παρὰ
747 3236 857 3297 τοῖς
877 3226 1169 3305 Ἕλλησιν,
1201 3228 1280 3288 ἔτι
1302 3228 1357 3288 δὲ
1383 3228 1504 3307 περὶ
1529 3230 1738 3307 φιλοσο·

155 3326 281 3403 φίαν
306 3318 657 3401 διατρίὸοντα
675 3316 795 3385 τοὺς
823 3316 1353 3397 αιίτοο-χεδιαστικοὺς
1376 3315 1563 3397 λόγους
1590 3318 1741 3375 ἐπαι-

156 3414 263 3471 νεῖν
308 3411 413 3470 καὶ
476 3406 909 3490 προυργιαίτερον
964 3411 1206 3485 ἡγεῖσθαι
1264 3406 1363 3479 τὴν
1428 3405 1597 3487 τύχην
1648 3412 1743 3478 τῆς

156 3500 419 3583 προνοίας
448 3498 543 3559 καὶ
586 3496 1007 3579 φρονιμωτέρους
1050 3495 1171 3563 τοὺς
1218 3497 1335 3577 εἰκῇ
1362 3496 1611 3574 λέγοντας
1639 3502 1743 3556 τῶν

82 3612 133 3651 ³5
162 3591 299 3671 μετὰ
328 3592 681 3669 παρασκευῆς
718 3586 1049 3668 γραφόντων.
1130 3584 1277 3665 Ἐγὼ
1306 3584 1363 3644 δὲ
1395 3589 1608 3665 πρῶτον
1646 3584 1741 3661 μὲν

160 3688 219 3743 οὗ
236 3682 523 3746 παντελῶς
544 3675 948 3753 ἀποδοκιμάζων
966 3672 1061 3746 τὴν
1080 3676 1342 3755 γραφικὴν
1368 3674 1585 3753 δύναμιν
1609 3673 1747 3733 ἀλλὰ

158 3774 328 3853 χείρω
356 3774 458 3841 τῆς
490 3768 999 3847 αὗτοσχεδιαστικῆς
1028 3764 1313 3843 ἡγούμενος
1341 3754 1473 3823 εἶναι
1492 3809 1509 3843 ,
1538 3766 1627 3823 καὶ
1656 3770 1745 3827 τοῦ

160 3864 428 3919 δύνασθαι
461 3856 635 3936 λέγειν
670 3855 923 3929 πλείστην
951 3854 1256 3931 ἐπιμέλειαν
1290 3852 1523 3930 οἰόμενος
1552 3857 1746 3934 χρῆναι

161 3952 470 4020 ποιεῖσθαι,
494 3944 707 4012 τούτους
739 3942 925 4025 εἴρηκα
957 3941 1075 4009 τοὺς
1106 3939 1309 4020 λόγους·
1337 3940 1525 4001 ἔπειτα
1569 3964 1749 4022 προσ-

92 4068 143 4105 to
162 4044 391 4121 χρῶμαι
425 4038 503 4115 τῷ
540 4034 757 4114 γράφειν
788 4034 883 4094 οὗκ
914 4031 1000 4092 ἐπὶ
1036 4030 1206 4110 τούτῳ
1235 4028 1481 4109 μέγιστον
1518 4034 1745 4111 φρονῶν,

164 4130 282 4188 ἀλλ’
305 4126 377 4185 ἵν’
414 4122 655 4191 ἐπιδείξω
690 4124 797 4190 τοῖς
831 4120 917 4181 ἐπὶ
949 4119 1115 4200 ταύτῃ
1144 4124 1211 4199 τῇ
1242 4118 1459 4197 δυνάμει
1501 4141 1749 4195 σεμνυνο-

166 4220 343 4295 μένοις
396 4212 483 4273 ὅτι
532 4213 697 4292 μικρὰ
739 4212 1060 4283 πονήσαντες
1109 4213 1262 4285 ἡμεῖς
1305 4210 1609 4291 ἀποκρύψαι
1657 4210 1748 4268 καὶ

166 4310 477 4365 καταλῦσαι
499 4302 617 4368 τοὺς
638 4301 824 4379 λόγους
852 4302 1027 4358 αὐτῶν
1052 4289 1149 4357 οἶοί
1176 4298 1223 4357 τ’
1248 4296 1497 4373 ἐσόμεθα.
1606 4298 1750 4377 Πρὸς

171 4394 223 4453 δὲ
248 4394 463 4459 τούτοις
482 4391 699 4452 καὶτῶν
725 4390 1019 4459 ἐπιδείξεων
1040 4388 1193 4447 ἕνεκα
1210 4390 1312 4447 τῶν
1334 4388 1406 4453 εἷς
1425 4386 1545 4455 τοὺς
1564 4386 1750 4467 ὄχλους

98 4504 149 4541 ⁴5
174 4482 543 4564 ἐκφερομένων
588 4482 826 4559 ἅπτομαι
870 4484 961 4538 τοῦ
1002 4478 1240 4559 γράφειν.
1352 4477 1476 4545 Τοῖς
1517 4476 1613 4553 μὲν
1647 4475 1749 4555 γὰρ

174 4571 439 4637 πολλάκις
481 4573 611 4646 ἡμῖν
652 4566 1054 4648 ἐντυγχάνουσιν
1098 4566 1151 4634 ἐξ
1193 4562 1391 4624 ἐκείνου
1436 4568 1527 4624 τοῦ
1554 4563 1751 4643 τρόπου

176 4656 617 4741 παρακελεύομαι
656 4657 844 4734 πεῖραν
890 4658 1042 4733 ἡμῶν
1086 4652 1411 4731 λαμὸάνειν,
1444 4649 1569 4710 ὅταν
1618 4650 1751 4733 ὑπὲρ

176 4750 413 4815 ἅπαντος
438 4750 533 4805 τοῦ
559 4743 895 4825 προτεθέντος
914 4742 1165 4821 εὐκαίρως
1184 4742 1275 4801 καὶ
1298 4744 1562 4818 μουσικῶς
1584 4744 1749 4801 εἰπεῖν

178 4830 275 4898 οἶοί
300 4840 349 4895 τ’
386 4825 561 4913 ἔξιμεν·
588 4841 695 4900 τοῖς
728 4833 784 4892 δὲ
818 4834 904 4891 διὰ
940 4830 1133 4911 χρόνου
1166 4829 1261 4908 μὲν
1291 4829 1383 4889 ἐπὶ
1420 4827 1514 4896 τὰς
1558 4830 1749 4911 ἅκροά·

103 4946 153 4985 ιο
176 4950 279 4992 σεις
312 4921 651 5006 ἀπριγμένοις,
688 4918 1041 4999 μηδεπώποτε
1070 4920 1127 4980 δὲ
1156 4918 1411 4999 πρότερον
1438 4916 1567 4991 ἡμῖν
1612 4920 1755 4976 ἐντε-

174 5017 469 5097 τυχηκόσιν
488 5008 863 5092 ἐπιχειρῶμέν
874 5033 923 5068 τι
942 5008 1205 5069 δεικνύναι
1218 5010 1323 5067 τῶν
1349 5006 1747 5088 γεγραμμένων·

176 5106 461 5182 εἰθισμένοι
490 5100 595 5181 γὰρ
615 5103 907 5177 ἀκροᾶσθαι
936 5100 1039 5157 τῶν
1066 5096 1243 5156 ἄλλων
1270 5094 1391 5162 τοὺς
1414 5096 1598 5173 λόγους
1628 5093 1753 5161 ἴσως

178 5194 239 5253 ἂν
282 5200 443 5273 ἡμῶν
498 5188 1011 5271 αὖτοοχεδιαζόντων
1054 5184 1335 5251 ἀκούοντες
1378 5185 1631 5245 ἐλάττονα
1658 5186 1753 5253 τῆς

178 5282 319 5351 ἀξίας
362 5283 529 5353 δόξαν
556 5279 675 5339 καθ’
716 5280 873 5357 ἡμῶν
909 5276 1142 5336 λα’ὅοιεν.
1234 5271 1409 5353 Χωρὶς
1451 5274 1506 5331 δὲ
1557 5269 1750 5331 τούτων

1813 709 1903 759 bus
1922 710 2151 761 auxilium
2184 714 2416 777 proebeat,
2451 721 2500 765 et
2535 731 2686 779 quum
2720 724 2895 769 ceterae
2924 727 3052 771 artes
3087 722 3148 771 ad
3188 722 3382 772 meliora

1815 832 1966 883 vitam
1981 833 2244 885 humanam
2261 837 2498 889 adducere
2519 840 2724 903 soleant,
2745 842 2890 893 etiam
2907 844 3034 895 ultro
3051 858 3157 897 scae
3173 846 3382 897 ol'l'eren·

1817 954 1947 1007 tibus
1967 958 2233 1009 commodis
2245 960 2308 1009 sit
2327 960 2669 1025 impedimento
2683 969 2706 1014 ἰ·

1880 1116 1955 1161 10.
1989 1113 2202 1163 Omnino
2235 1116 2398 1164 autem
2427 1116 2604 1179 scripta
2651 1118 2769 1179 ista,
2807 1132 2886 1169 me
2913 1120 3102 1183 judice,
3151 1134 3246 1171 non
3285 1124 3386 1171 tam

1815 1204 2056 1255 orationes
2086 1206 2382 1268 appellandae
2405 1210 2520 1258 sunt
2555 1222 2702 1272 quam
2735 1212 2876 1275 quasi
2921 1212 3179 1262 simulacra
3211 1214 3386 1263 oratio·

1815 1318 1936 1355 num
1959 1308 2010 1357 et
2045 1308 2229 1370 speeies
2269 1313 2319 1361 et
2359 1310 2655 1372 imitamina,
2707 1324 2862 1376 neque
2901 1314 3038 1363 aliter
3087 1314 3148 1363 de
3179 1314 3238 1364 iis
3280 1314 3388 1375 iure

1818 1408 1989 1455 merito
2012 1408 2277 1458 sentiamus
2294 1422 2440 1471 quam
2463 1410 2526 1461 de
2545 1412 2717 1462 statuis
2738 1414 2887 1462 aeneis
2907 1412 2980 1462 vel
3005 1412 3200 1477 lapideis
3221 1413 3387 1475 imagi·

1817 1504 1963 1555 nibus
2001 1505 2078 1555 vel
2109 1494 2400 1557 animalibus
2434 1508 2591 1571 pictis.
2659 1510 3080 1569 Quemadmodum
3127 1513 3254 1561 enim
3285 1512 3391 1561 boec

1818 1618 2048 1655 verorum
2071 1620 2329 1670 corporum
2353 1610 2468 1659 sunt
2483 1608 2774 1659 imitationes
2801 1614 2852 1661 et
2880 1612 3174 1675 voluptatem
3195 1612 3388 1675 quidem

1816 1704 2046 1767 adspectu
2071 1717 2158 1755 suo
2187 1706 2428 1768 praebent,
2463 1706 2720 1757 utilitatem
2745 1721 2860 1757 vero
2883 1708 3134 1759 bominum
3164 1710 3274 1759 vitae
3298 1722 3392 1759 non

1820 1804 2059 1867 atterunt,
2087 1806 2156 1855 sic
2173 1806 2328 1855 oratio
2351 1807 2526 1870 scripta
2549 1821 2698 1858 unam
2723 1810 2936 1872 aliquam
2968 1810 3162 1859 babitus
3193 1810 3389 1873 disposi-

1827 1910 2007 1959 tionem
2026 1910 2282 1973 exhiiwm,
2298 1912 2338 1961 si
2356 1911 2404 1961 iu
2425 1911 2550 1963 libro
2571 1916 2829 1976 spectetur,
2843 1914 3159 1965 admiratione
3175 1914 3386 1977 quadam

1822 2014 2065 2076 percellit,
2114 2013 2164 2063 in
2205 2016 2450 2066 actionum
2491 2030 2606 2067 vero
2649 2017 2898 2080 periculis,
2945 2030 3096 2081 quum
3135 2017 3396 2067 immobilis

1822 2126 1882 2176 sit
1898 2162 1913 2187 ,
1941 2127 2122 2177 nuliam
2148 2140 2206 2178 ea
2229 2128 2476 2179 instructis
2497 2128 2750 2179 utilitatem
2773 2132 2982 2193 praeetat.
3050 2130 3109 2179 Et
3129 2130 3257 2178 sicut
3281 2142 3394 2179 vera

1823 2247 2042 2298 corpora,
2071 2238 2294 2299 quamvis
2328 2238 2502 2289 statuis
2527 2238 2740 2302 pulchris
2775 2238 2914 2301 longe
2937 2238 3098 2288 minus
3129 2237 3396 2287 luculenter

1826 2347 2030 2399 formata
2059 2349 2186 2409 sint,
2213 2348 2502 2413 multiplices
2537 2350 2586 2401 in
2629 2350 2856 2413 operibus
2881 2350 3116 2401 utilitates
3157 2350 3394 2412 praebent,

1824 2456 1895 2505 sic
1927 2456 2112 2517 oratio,
2141 2468 2290 2519 quam
2311 2470 2370 2506 ex
2397 2456 2588 2519 ingenio
2621 2456 2670 2507 ln
2711 2456 2810 2519 ipsa
2831 2457 3020 2506 actione
3061 2456 3266 2517 promis,
3291 2457 3394 2504 ani-

1829 2564 1959 2611 mata
1992 2568 2065 2613 est
2091 2574 2149 2612 ac
2171 2562 2292 2613 vivit
2321 2567 2370 2613 et
2395 2564 2498 2625 pari
2519 2576 2682 2625 gressu
2717 2576 2794 2613 res
2827 2562 3046 2627 sequitur
3067 2566 3116 2611 et
3142 2562 3266 2611 veris
3286 2574 3396 2611 cor-

1830 2666 2032 2729 poribus
2063 2664 2399 2729 aequiparanda
2433 2668 2532 2729 est,
2561 2664 2677 2713 dum
2707 2664 2883 2727 scripta
2913 2664 3170 2715 simulacro
3193 2663 3398 2713 similem

1832 2777 2052 2823 naturam
2083 2772 2264 2824 liabens
2285 2772 2444 2822 omnis
2466 2771 2692 2822 efficacioe
2715 2784 2888 2833 expers
2911 2771 2992 2821 sit.

1896 2882 1972 2927 tt.
2007 2879 2070 2925 At
2097 2874 2292 2925 forsitan
2316 2874 2580 2925 absurdum
2609 2886 2714 2925 esse
2737 2874 2916 2923 dixeris
2941 2884 3164 2923 accusare
3190 2872 3400 2937 aliquem

1829 2981 2064 3031 scribendi
2093 2981 2366 3030 facultatem
2381 3016 2396 3043 ,
2416 2982 2748 3030 accusatorem
2770 2992 2886 3030 vero
2907 2992 2964 3029 ea
2986 2978 3088 3043 ipsa
3111 2978 3260 3029 videri
3280 2980 3400 3029 artis

1828 3099 1932 3136 suoe
1959 3084 2223 3149 specimina
2246 3096 2538 3147 proponere,
2563 3082 2778 3147 adeoque
2799 3086 2910 3133 ante
2935 3084 3268 3134 criminatione
3289 3089 3397 3133 stu-

1832 3190 1968 3241 dium
2009 3189 2306 3248 insimulare,
2349 3202 2446 3251 quo
2488 3187 2588 3250 ipse
2621 3188 2795 3237 famam
2831 3186 2918 3237 sibi
2953 3201 3231 3250 comparare
3271 3188 3400 3251 apud

1834 3300 2030 3349 Graecos
2053 3295 2289 3355 instituat,
2317 3307 2460 3357 porro
2477 3292 2790 3357 philosophiae
2813 3292 3030 3343 deditum
3048 3294 3404 3358 extemporales

1832 3405 2074 3455 orationes
2116 3399 2454 3452 commendare
2489 3402 2539 3449 et
2563 3399 2759 3461 majoris
2804 3400 3044 3447 fortunam
3077 3400 3234 3449 iacere
3255 3412 3403 3463 quam

1836 3509 2185 3574 providentiam
2203 3544 2218 3571 ,
2247 3510 2393 3573 atque
2419 3510 2602 3557 temere
2624 3505 2839 3555 dicentes
2874 3517 3022 3568 quam
3047 3504 3271 3553 consulto
3289 3506 3404 3555 scri-

1836 3616 2006 3666 bentes
2031 3614 2209 3664 babere
2239 3612 2566 3676 sapientiores.
2630 3612 2732 3671 Ego
2759 3622 2874 3659 vero
2907 3609 3120 3671 primum
3143 3622 3240 3659 non
3265 3622 3403 3671 pror-

1838 3736 1924 3773 sus
1969 3719 2236 3785 improbavi
2277 3730 2388 3781 quae
2425 3718 2476 3767 in
2526 3714 2782 3767 scribendo
2829 3716 3046 3765 versatur
3095 3714 3403 3776 facultatem,

1837 3830 1920 3880 sed
1943 3842 2051 3879 eam
2079 3824 2390 3889 extemporali
2413 3822 2639 3873 facultate
2662 3820 2937 3870 interiorem
2962 3832 3066 3869 esse
3087 3832 3283 3869 censens
3307 3832 3407 3868 ma·

1834 3936 2012 3999 iusque
2050 3932 2266 3985 studium
2305 3932 2354 3983 in
2391 3928 2578 3981 dicendi
2611 3932 2766 3979 artem
2801 3924 3146 3976 conferendum
3179 3939 3281 3975 esse
3301 3928 3406 3991 opi-

1840 4058 1986 4105 nans,
2025 4042 2132 4093 liaec
2175 4038 2391 4089 disserui.
2473 4035 2660 4087 Deinde
2707 4037 2868 4085 sutem
2909 4034 3146 4084 scribendi
3185 4034 3410 4083 facultate

1840 4164 1968 4203 nunc
1988 4163 2075 4213 ego
2095 4150 2223 4208 utor,
2249 4158 2344 4194 non
2363 4141 2492 4206 quod
2517 4141 2639 4191 banc
2661 4138 2838 4190 summi
2869 4138 3018 4197 facio,
3045 4138 3130 4188 sed
3159 4141 3216 4187 ut
3234 4151 3289 4187 ea
3309 4138 3409 4199 glo·

1843 4256 2077 4307 riantibus
2117 4250 2366 4303 ostendam
2404 4260 2555 4311 parvo
2589 4260 2668 4297 me
2711 4246 2873 4295 labore
2913 4246 3154 4294 orationes
3192 4244 3408 4307 ipsorum

1841 4357 2100 4408 obscurare
2131 4365 2270 4417 posse
2307 4352 2356 4401 et
2383 4348 2592 4399 abolere.
2657 4348 2897 4397 Praeterea
2937 4346 3054 4397 artis
3090 4347 3409 4408 speciminum

1842 4460 1890 4511 in
1916 4459 2088 4521 vulgus
2111 4454 2406 4506 edendorum
2426 4464 2572 4502 causa
2597 4450 2658 4499 ad
2687 4448 2994 4499 scribendum
3013 4447 3210 4498 accedo.
3288 4450 3408 4498 Nam

1840 4561 1924 4626 qui
1946 4560 2220 4621 frequenter
2247 4552 2674 4603 declamationibus
2701 4550 2820 4599 meis
2845 4548 3038 4627 adsunt,
3065 4562 3122 4597 eo
3145 4548 3248 4611 ipso
3269 4551 3408 4599 velim

1843 4668 1938 4717 mei
1957 4662 2224 4729 periculum
2257 4656 2440 4709 faciant
2465 4654 2758 4716 videantque
2786 4666 2850 4701 an
2877 4652 2938 4701 de
2963 4650 3206 4714 proposito
3234 4654 3409 4714 quovis

1842 4768 2124 4831 argumento
2147 4762 2268 4811 scite
2290 4758 2624 4820 eleganterque
2649 4753 2812 4804 dicere
2835 4754 3038 4803 valeam.
3119 4752 3214 4811 Qui
3245 4755 3410 4803 autem

1843 4882 1952 4918 sero
1977 4862 2168 4915 tandem
2187 4860 2251 4911 ad
2273 4871 2352 4909 me
2365 4854 2656 4907 audiendum
2677 4856 2913 4903 venerunt
2935 4864 3026 4903 nec
3042 4856 3180 4901 antea
3197 4862 3410 4913 uuquam

1846 4984 1926 5023 me
1963 4962 2360 5029 frequentarunt,
2391 4960 2450 5009 iis
2487 4958 2718 5019 scriptum
2751 4953 2944 5015 aliquod
2981 4952 3210 5003 exhibere
3251 4952 3407 5014 cupio.

1846 5072 1905 5123 tlt
1936 5068 2066 5120 enim
2091 5077 2242 5128 quum
2273 5061 2478 5110 aliorum
2517 5056 2813 5107 orationibus
2842 5054 3023 5105 assueti
3050 5054 3170 5113 sint,
3203 5066 3261 5101 ex
3294 5058 3412 5102 tem-

1848 5186 1964 5237 pore
1991 5170 2229 5220 dicentem
2263 5178 2342 5213 me
2380 5161 2628 5213 audientes
2667 5160 2864 5207 fortasse
2895 5170 2993 5204 non
3029 5154 3146 5204 satis
3189 5160 3315 5204 recte
3351 5154 3412 5205 de

1849 5274 2022 5325 merito
2045 5284 2153 5323 meo
2181 5263 2432 5319 senserint.
2501 5262 2736 5313 l’roeterea
2773 5258 3182 5307 incrementorum
3209 5265 3320 5316 qum
3341 5266 3414 5301 m·
