<?xml version="1.0" encoding="UTF-8"?>
<!DOCTYPE html PUBLIC "-//W3C//DTD XHTML 1.0 Transitional//EN"
    "http://www.w3.org/TR/xhtml1/DTD/xhtml1-transitional.dtd">
<html xmlns="http://www.w3.org/1999/xhtml" xml:lang="en" lang="en">
 <head>
  <title>
</title>
<meta http-equiv="Content-Type" content="text/html;charset=utf-8" />
  <meta name='ocr-system' content='tesseract 3.04.00' />
  <meta name='ocr-capabilities' content='ocr_page ocr_carea ocr_par ocr_line ocrx_word'/>
</head>
<body>
  <div class='ocr_page' id='page_1' title='image "./oratoresatticia02unkngoog/oratoresatticia02unkngoog_0056.png"; bbox 0 0 3825 5834; ppageno 0'>
   <div class='ocr_carea' id='block_1_1' title="bbox 25 3515 29 4604">
    <p class='ocr_par' dir='ltr' id='par_1_1' title="bbox 25 3515 29 4604">
     <span class='ocr_line' id='line_1_1' title="bbox 25 3515 29 4604; baseline 0 0"><span class='ocrx_word' id='word_1_1' title='bbox 25 3515 29 4604; x_wconf 95' lang='lat' dir='ltr'> </span> 
     </span>
    </p>
   </div>
   <div class='ocr_carea' id='block_1_2' title="bbox 24 3515 30 5298">
    <p class='ocr_par' dir='ltr' id='par_1_2' title="bbox 24 3515 30 5298">
     <span class='ocr_line' id='line_1_2' title="bbox 24 3515 30 5298; baseline 0 0"><span class='ocrx_word' id='word_1_2' title='bbox 24 3515 30 5298; x_wconf 95' lang='lat' dir='ltr'> </span> 
     </span>
    </p>
   </div>
   <div class='ocr_carea' id='block_1_3' title="bbox 551 449 2737 516">
    <p class='ocr_par' dir='ltr' id='par_1_3' title="bbox 551 449 2737 516">
     <span class='ocr_line' id='line_1_3' title="bbox 551 449 2737 516; baseline -0.005 0"><span class='ocrx_word' id='word_1_3' title='bbox 551 465 628 516; x_wconf 74' lang='grc'>48</span> <span class='ocrx_word' id='word_1_4' title='bbox 1559 449 1934 511; x_wconf 76' lang='grc' dir='ltr'><strong>ΑΙΣΧΙΝΟΥ</strong></span> <span class='ocrx_word' id='word_1_5' title='bbox 1976 451 2027 508; x_wconf 85' lang='grc'>0</span> <span class='ocrx_word' id='word_1_6' title='bbox 2070 450 2279 510; x_wconf 83' lang='grc' dir='ltr'><strong>ΚΑΤΑ</strong></span> <span class='ocrx_word' id='word_1_7' title='bbox 2320 449 2737 510; x_wconf 76' lang='grc' dir='ltr'>ΤἸΜΑΡΧΟΥ.</span> 
     </span>
    </p>
   </div>
   <div class='ocr_carea' id='block_1_4' title="bbox 456 577 2096 5262">
    <p class='ocr_par' dir='ltr' id='par_1_4' title="bbox 465 577 2091 1094">
     <span class='ocr_line' id='line_1_4' title="bbox 465 577 2089 664; baseline -0.002 -24"><span class='ocrx_word' id='word_1_8' title='bbox 465 601 519 640; x_wconf 79' lang='lat' dir='ltr'>ao</span> <span class='ocrx_word' id='word_1_9' title='bbox 541 592 760 664; x_wconf 80' lang='grc' dir='ltr'>πρᾶγμα</span> <span class='ocrx_word' id='word_1_10' title='bbox 785 586 1022 661; x_wconf 81' lang='grc' dir='ltr'>θεωρεῖτε</span> <span class='ocrx_word' id='word_1_11' title='bbox 1049 579 1126 657; x_wconf 72' lang='grc' dir='ltr'>μὴ</span> <span class='ocrx_word' id='word_1_12' title='bbox 1153 582 1216 638; x_wconf 72' lang='grc' dir='ltr'>ἐκ</span> <span class='ocrx_word' id='word_1_13' title='bbox 1239 577 1612 660; x_wconf 68' lang='grc' dir='ltr'>τοῦ-παρόντος,</span> <span class='ocrx_word' id='word_1_14' title='bbox 1637 580 1756 638; x_wconf 74' lang='grc' dir='ltr'>ἀλλ’</span> <span class='ocrx_word' id='word_1_15' title='bbox 1779 583 1840 638; x_wconf 75' lang='grc' dir='ltr'>ἐκ</span> <span class='ocrx_word' id='word_1_16' title='bbox 1864 584 1956 638; x_wconf 79' lang='grc' dir='ltr'>τοῦ</span> <span class='ocrx_word' id='word_1_17' title='bbox 1984 601 2089 636; x_wconf 84' lang='grc' dir='ltr'>πα-</span> 
     </span>
     <span class='ocr_line' id='line_1_5' title="bbox 543 663 2091 749; baseline -0.003 -21"><span class='ocrx_word' id='word_1_18' title='bbox 543 668 878 749; x_wconf 83' lang='grc' dir='ltr'>ρεληλυθότος</span> <span class='ocrx_word' id='word_1_19' title='bbox 901 669 1108 748; x_wconf 84' lang='grc' dir='ltr'>χρόνου.</span> <span class='ocrx_word' id='word_1_20' title='bbox 1194 669 1264 727; x_wconf 81' lang='grc' dir='ltr'>Οἱ</span> <span class='ocrx_word' id='word_1_21' title='bbox 1295 666 1388 742; x_wconf 81' lang='grc' dir='ltr'>μὲν</span> <span class='ocrx_word' id='word_1_22' title='bbox 1409 663 1512 746; x_wconf 71' lang='grc' dir='ltr'>γὰρ</span> <span class='ocrx_word' id='word_1_23' title='bbox 1534 669 1590 726; x_wconf 70' lang='grc' dir='ltr'>ἐν</span> <span class='ocrx_word' id='word_1_24' title='bbox 1611 669 1690 746; x_wconf 59' lang='lat' dir='ltr'>ri}</span> <span class='ocrx_word' id='word_1_25' title='bbox 1713 666 2091 746; x_wconf 73' lang='grc' dir='ltr'>παρεληλυθότι</span> 
     </span>
     <span class='ocr_line' id='line_1_6' title="bbox 541 751 2091 838; baseline 0.001 -27"><span class='ocrx_word' id='word_1_26' title='bbox 541 756 714 838; x_wconf 75' lang='grc' dir='ltr'>χρόνῳ</span> <span class='ocrx_word' id='word_1_27' title='bbox 738 755 884 832; x_wconf 85' lang='grc' dir='ltr'>λόγοι</span> <span class='ocrx_word' id='word_1_28' title='bbox 903 755 1172 834; x_wconf 80' lang='grc' dir='ltr'>λεγόμενοι</span> <span class='ocrx_word' id='word_1_29' title='bbox 1205 754 1323 833; x_wconf 75' lang='grc' dir='ltr'>περὶ</span> <span class='ocrx_word' id='word_1_30' title='bbox 1350 752 1629 834; x_wconf 76' lang='grc' dir='ltr'>Τιμάρχου</span> <span class='ocrx_word' id='word_1_31' title='bbox 1655 754 1747 813; x_wconf 75' lang='grc' dir='ltr'>καὶ</span> <span class='ocrx_word' id='word_1_32' title='bbox 1775 758 1880 812; x_wconf 82' lang='grc' dir='ltr'>τῶν</span> <span class='ocrx_word' id='word_1_33' title='bbox 1903 751 2091 814; x_wconf 79' lang='grc' dir='ltr'>τούτου</span> 
     </span>
     <span class='ocr_line' id='line_1_7' title="bbox 540 840 2089 919; baseline -0.003 -17"><span class='ocrx_word' id='word_1_34' title='bbox 540 842 962 918; x_wconf 77' lang='grc' dir='ltr'>ἐπιτηδευμάτων</span> <span class='ocrx_word' id='word_1_35' title='bbox 982 843 1068 900; x_wconf 78' lang='grc' dir='ltr'>διὰ</span> <span class='ocrx_word' id='word_1_36' title='bbox 1089 840 1184 913; x_wconf 79' lang='grc' dir='ltr'>τὴν</span> <span class='ocrx_word' id='word_1_37' title='bbox 1208 841 1452 912; x_wconf 72' lang='grc' dir='ltr'>ἀλήθειαν</span> <span class='ocrx_word' id='word_1_38' title='bbox 1473 841 1708 919; x_wconf 77' lang='grc' dir='ltr'>ἐλέγοντο</span> <span class='ocrx_word' id='word_1_39' title='bbox 1721 887 1738 919; x_wconf 81' lang='lat'><strong>,</strong></span> <span class='ocrx_word' id='word_1_40' title='bbox 1763 845 1811 900; x_wconf 81' lang='grc' dir='ltr'>οἱ</span> <span class='ocrx_word' id='word_1_41' title='bbox 1833 843 1877 899; x_wconf 86' lang='grc' dir='ltr'>δ’</span> <span class='ocrx_word' id='word_1_42' title='bbox 1899 843 1953 900; x_wconf 76' lang='grc' dir='ltr'>ἐν</span> <span class='ocrx_word' id='word_1_43' title='bbox 1967 841 2089 918; x_wconf 76' lang='grc' dir='ltr'>τῇδε</span> 
     </span>
     <span class='ocr_line' id='line_1_8' title="bbox 539 925 2090 1010; baseline -0.001 -24"><span class='ocrx_word' id='word_1_44' title='bbox 539 934 604 1007; x_wconf 86' lang='grc' dir='ltr'>τῇ</span> <span class='ocrx_word' id='word_1_45' title='bbox 638 928 811 1008; x_wconf 68' lang='grc' dir='ltr'>ἡμέρα</span> <span class='ocrx_word' id='word_1_46' title='bbox 859 928 1203 1010; x_wconf 72' lang='grc' dir='ltr'>ῥηθησόμενοι</span> <span class='ocrx_word' id='word_1_47' title='bbox 1242 927 1328 986; x_wconf 79' lang='grc' dir='ltr'>διὰ</span> <span class='ocrx_word' id='word_1_48' title='bbox 1367 925 1461 998; x_wconf 83' lang='grc' dir='ltr'>τὴν</span> <span class='ocrx_word' id='word_1_49' title='bbox 1500 926 1667 1006; x_wconf 80' lang='grc' dir='ltr'>κρίσιν</span> <span class='ocrx_word' id='word_1_50' title='bbox 1711 931 1802 999; x_wconf 83' lang='grc' dir='ltr'>τῆς</span> <span class='ocrx_word' id='word_1_51' title='bbox 1841 929 2090 1006; x_wconf 80' lang='grc' dir='ltr'>ὑμετέρας</span> 
     </span>
     <span class='ocr_line' id='line_1_9' title="bbox 537 1005 2090 1094; baseline -0.002 -21"><span class='ocrx_word' id='word_1_52' title='bbox 537 1015 744 1088; x_wconf 71' lang='grc' dir='ltr'>ἀπάτης</span> <span class='ocrx_word' id='word_1_53' title='bbox 778 1014 947 1074; x_wconf 72' lang='grc' dir='ltr'>ἕνεκα.</span> <span class='ocrx_word' id='word_1_54' title='bbox 1031 1015 1272 1074; x_wconf 80' lang='grc' dir='ltr'>Ἀπόδοτε</span> <span class='ocrx_word' id='word_1_55' title='bbox 1321 1005 1406 1072; x_wconf 65' lang='grc' dir='ltr'>οὖν</span> <span class='ocrx_word' id='word_1_56' title='bbox 1444 1011 1538 1085; x_wconf 71' lang='grc' dir='ltr'>τὴν</span> <span class='ocrx_word' id='word_1_57' title='bbox 1567 1017 1735 1094; x_wconf 50' lang='grc' dir='ltr'>ᾔφον</span> <span class='ocrx_word' id='word_1_58' title='bbox 1773 1016 1848 1094; x_wconf 80' lang='grc' dir='ltr'>τῷ</span> <span class='ocrx_word' id='word_1_59' title='bbox 1891 1013 2090 1072; x_wconf 87' lang='grc' dir='ltr'>πλείονι</span> 
     </span>
    </p>

    <p class='ocr_par' dir='ltr' id='par_1_5' title="bbox 456 1093 2096 5262">
     <span class='ocr_line' id='line_1_10' title="bbox 459 1093 1985 1183; baseline -0.001 -22"><span class='ocrx_word' id='word_1_60' title='bbox 459 1105 462 1109; x_wconf 68' lang='grc'>’</span> <span class='ocrx_word' id='word_1_61' title='bbox 537 1101 708 1183; x_wconf 81' lang='grc' dir='ltr'>χρόνῳ</span> <span class='ocrx_word' id='word_1_62' title='bbox 727 1102 816 1160; x_wconf 82' lang='grc' dir='ltr'>καὶ</span> <span class='ocrx_word' id='word_1_63' title='bbox 839 1107 903 1181; x_wconf 82' lang='grc' dir='ltr'>τῇ</span> <span class='ocrx_word' id='word_1_64' title='bbox 934 1102 1148 1182; x_wconf 74' lang='grc' dir='ltr'>ἀληθείᾳ</span> <span class='ocrx_word' id='word_1_65' title='bbox 1177 1101 1270 1160; x_wconf 74' lang='grc' dir='ltr'>καὶ</span> <span class='ocrx_word' id='word_1_66' title='bbox 1300 1093 1374 1168; x_wconf 77' lang='grc' dir='ltr'>οἶς</span> <span class='ocrx_word' id='word_1_67' title='bbox 1407 1099 1552 1159; x_wconf 76' lang='grc' dir='ltr'>αὐτοὶ</span> <span class='ocrx_word' id='word_1_68' title='bbox 1579 1105 1726 1177; x_wconf 87' lang='grc' dir='ltr'>ὑμεῖς</span> <span class='ocrx_word' id='word_1_69' title='bbox 1759 1101 1985 1159; x_wconf 87' lang='grc' dir='ltr'>σύνιστε.</span> 
     </span>
     <span class='ocr_line' id='line_1_11' title="bbox 615 1185 2089 1270; baseline -0.003 -20"><span class='ocrx_word' id='word_1_70' title='bbox 615 1209 688 1250; x_wconf 76' lang='grc'>94.</span> <span class='ocrx_word' id='word_1_71' title='bbox 737 1187 920 1249; x_wconf 78' lang='grc' dir='ltr'>Καίτοι</span> <span class='ocrx_word' id='word_1_72' title='bbox 946 1190 1262 1270; x_wconf 75' lang='grc' dir='ltr'>λογογράφος</span> <span class='ocrx_word' id='word_1_73' title='bbox 1283 1185 1344 1265; x_wconf 83' lang='grc' dir='ltr'>γέ</span> <span class='ocrx_word' id='word_1_74' title='bbox 1365 1187 1443 1255; x_wconf 91' lang='grc' dir='ltr'>τίς</span> <span class='ocrx_word' id='word_1_75' title='bbox 1469 1209 1641 1268; x_wconf 83' lang='grc' dir='ltr'>φησιν,</span> <span class='ocrx_word' id='word_1_76' title='bbox 1667 1191 1694 1246; x_wconf 82' lang='lat'><em>6</em></span> <span class='ocrx_word' id='word_1_77' title='bbox 1714 1187 2089 1266; x_wconf 78' lang='grc' dir='ltr'>μηχανώμενος</span> 
     </span>
     <span class='ocr_line' id='line_1_12' title="bbox 458 1275 2087 1356; baseline -0.002 -20"><span class='ocrx_word' id='word_1_78' title='bbox 458 1299 514 1338; x_wconf 65' lang='lat' dir='ltr'>ab</span> <span class='ocrx_word' id='word_1_79' title='bbox 538 1279 712 1342; x_wconf 78' lang='grc' dir='ltr'>αὐτοῖς</span> <span class='ocrx_word' id='word_1_80' title='bbox 746 1275 842 1346; x_wconf 76' lang='grc' dir='ltr'>τὴν</span> <span class='ocrx_word' id='word_1_81' title='bbox 869 1277 1176 1355; x_wconf 75' lang='grc' dir='ltr'>ἀπολογίαν,</span> <span class='ocrx_word' id='word_1_82' title='bbox 1207 1275 1412 1335; x_wconf 71' lang='grc' dir='ltr'>ἐναντία</span> <span class='ocrx_word' id='word_1_83' title='bbox 1441 1299 1508 1352; x_wconf 84' lang='grc' dir='ltr'>με</span> <span class='ocrx_word' id='word_1_84' title='bbox 1535 1275 1700 1353; x_wconf 79' lang='grc' dir='ltr'>λέγειν</span> <span class='ocrx_word' id='word_1_85' title='bbox 1729 1278 1958 1356; x_wconf 73' lang='grc' dir='ltr'>ἐμαυτῷ.</span> <span class='ocrx_word' id='word_1_86' title='bbox 2005 1277 2087 1335; x_wconf 82' lang='grc' dir='ltr'>Οὐ</span> 
     </span>
     <span class='ocr_line' id='line_1_13' title="bbox 536 1355 2087 1444; baseline -0.001 -22"><span class='ocrx_word' id='word_1_87' title='bbox 536 1362 638 1442; x_wconf 78' lang='grc' dir='ltr'>γὰρ</span> <span class='ocrx_word' id='word_1_88' title='bbox 661 1362 724 1437; x_wconf 73' lang='grc' dir='ltr'>δὴ</span> <span class='ocrx_word' id='word_1_89' title='bbox 755 1363 895 1422; x_wconf 80' lang='grc' dir='ltr'>δοκεῖ</span> <span class='ocrx_word' id='word_1_90' title='bbox 929 1355 1060 1422; x_wconf 74' lang='grc' dir='ltr'>εἶναι</span> <span class='ocrx_word' id='word_1_91' title='bbox 1093 1365 1237 1444; x_wconf 78' lang='grc' dir='ltr'>αὐτῷ</span> <span class='ocrx_word' id='word_1_92' title='bbox 1273 1361 1488 1420; x_wconf 81' lang='grc' dir='ltr'>δυνατὸν</span> <span class='ocrx_word' id='word_1_93' title='bbox 1519 1361 1609 1420; x_wconf 83' lang='grc' dir='ltr'>τὸν</span> <span class='ocrx_word' id='word_1_94' title='bbox 1643 1361 1798 1420; x_wconf 81' lang='grc' dir='ltr'>αὐτὸν</span> <span class='ocrx_word' id='word_1_95' title='bbox 1821 1361 2087 1440; x_wconf 77' lang='grc' dir='ltr'>ἄνθρωπον</span> 
     </span>
     <span class='ocr_line' id='line_1_14' title="bbox 537 1449 2085 1531; baseline 0 -23"><span class='ocrx_word' id='word_1_96' title='bbox 537 1455 914 1531; x_wconf 79' lang='grc' dir='ltr'>πεπορνεῦσθαι</span> <span class='ocrx_word' id='word_1_97' title='bbox 953 1449 1042 1507; x_wconf 82' lang='grc' dir='ltr'>καὶ</span> <span class='ocrx_word' id='word_1_98' title='bbox 1079 1449 1148 1508; x_wconf 76' lang='grc' dir='ltr'>τὰ</span> <span class='ocrx_word' id='word_1_99' title='bbox 1183 1451 1406 1528; x_wconf 79' lang='grc' dir='ltr'>πατρῷα</span> <span class='ocrx_word' id='word_1_100' title='bbox 1445 1449 1871 1522; x_wconf 72' lang='grc' dir='ltr'>κατεδηδοκέναι·</span> <span class='ocrx_word' id='word_1_101' title='bbox 1901 1449 1961 1508; x_wconf 83' lang='grc' dir='ltr'>τὸ</span> <span class='ocrx_word' id='word_1_102' title='bbox 1990 1451 2085 1526; x_wconf 84' lang='grc' dir='ltr'>μὲν</span> 
     </span>
     <span class='ocr_line' id='line_1_15' title="bbox 537 1527 2086 1617; baseline 0.001 -23"><span class='ocrx_word' id='word_1_103' title='bbox 537 1534 638 1614; x_wconf 74' lang='grc' dir='ltr'>γὰρ</span> <span class='ocrx_word' id='word_1_104' title='bbox 667 1535 1030 1617; x_wconf 78' lang='grc' dir='ltr'>ἡμαρτηκέναι</span> <span class='ocrx_word' id='word_1_105' title='bbox 1057 1559 1108 1592; x_wconf 87' lang='grc' dir='ltr'>τι</span> <span class='ocrx_word' id='word_1_106' title='bbox 1135 1537 1256 1616; x_wconf 75' lang='grc' dir='ltr'>περὶ</span> <span class='ocrx_word' id='word_1_107' title='bbox 1281 1535 1341 1593; x_wconf 88' lang='grc' dir='ltr'>τὸ</span> <span class='ocrx_word' id='word_1_108' title='bbox 1369 1538 1523 1613; x_wconf 84' lang='grc' dir='ltr'>σῶμα</span> <span class='ocrx_word' id='word_1_109' title='bbox 1551 1535 1732 1603; x_wconf 80' lang='grc' dir='ltr'>παιδὸς</span> <span class='ocrx_word' id='word_1_110' title='bbox 1771 1527 1900 1594; x_wconf 73' lang='grc' dir='ltr'>εἶναί</span> <span class='ocrx_word' id='word_1_111' title='bbox 1929 1560 2086 1617; x_wconf 83' lang='grc' dir='ltr'>φησι,</span> 
     </span>
     <span class='ocr_line' id='line_1_16' title="bbox 537 1615 2088 1702; baseline 0.001 -23"><span class='ocrx_word' id='word_1_112' title='bbox 537 1621 597 1679; x_wconf 81' lang='grc' dir='ltr'>τὸ</span> <span class='ocrx_word' id='word_1_113' title='bbox 624 1621 677 1679; x_wconf 87' lang='grc' dir='ltr'>δὲ</span> <span class='ocrx_word' id='word_1_114' title='bbox 700 1621 766 1678; x_wconf 80' lang='grc' dir='ltr'>τὰ</span> <span class='ocrx_word' id='word_1_115' title='bbox 788 1623 1011 1702; x_wconf 81' lang='grc' dir='ltr'>πατρῷα</span> <span class='ocrx_word' id='word_1_116' title='bbox 1036 1621 1433 1694; x_wconf 82' lang='grc' dir='ltr'>κατεδηδοκέναι</span> <span class='ocrx_word' id='word_1_117' title='bbox 1461 1620 1658 1702; x_wconf 76' lang='grc' dir='ltr'>ἀνδρός.</span> <span class='ocrx_word' id='word_1_118' title='bbox 1741 1615 1861 1682; x_wconf 83' lang='grc' dir='ltr'>Ἔτι</span> <span class='ocrx_word' id='word_1_119' title='bbox 1889 1622 1944 1680; x_wconf 81' lang='grc' dir='ltr'>δὲ</span> <span class='ocrx_word' id='word_1_120' title='bbox 1971 1622 2088 1689; x_wconf 82' lang='grc' dir='ltr'>τοὺς</span> 
     </span>
     <span class='ocr_line' id='line_1_17' title="bbox 538 1706 2085 1787; baseline 0.001 -23"><span class='ocrx_word' id='word_1_121' title='bbox 538 1707 976 1785; x_wconf 78' lang='grc' dir='ltr'>καταισχύνοντας</span> <span class='ocrx_word' id='word_1_122' title='bbox 1016 1706 1198 1774; x_wconf 76' lang='grc' dir='ltr'>αὑτοὺς</span> <span class='ocrx_word' id='word_1_123' title='bbox 1240 1709 1450 1785; x_wconf 87' lang='grc' dir='ltr'>μισθούς</span> <span class='ocrx_word' id='word_1_124' title='bbox 1484 1729 1610 1787; x_wconf 87' lang='grc' dir='ltr'>φησι</span> <span class='ocrx_word' id='word_1_125' title='bbox 1650 1707 1969 1786; x_wconf 86' lang='grc' dir='ltr'>πράττεσθαι</span> <span class='ocrx_word' id='word_1_126' title='bbox 1996 1713 2085 1766; x_wconf 79' lang='grc' dir='ltr'>τοῦ</span> 
     </span>
     <span class='ocr_line' id='line_1_18' title="bbox 537 1785 2087 1874; baseline 0.002 -24"><span class='ocrx_word' id='word_1_127' title='bbox 537 1793 872 1872; x_wconf 86' lang='grc' dir='ltr'>πράγματος·</span> <span class='ocrx_word' id='word_1_128' title='bbox 916 1795 1296 1870; x_wconf 74' lang='grc' dir='ltr'>ἀποθαυμάζων</span> <span class='ocrx_word' id='word_1_129' title='bbox 1326 1785 1412 1854; x_wconf 69' lang='grc' dir='ltr'>οὗν</span> <span class='ocrx_word' id='word_1_130' title='bbox 1454 1795 1784 1874; x_wconf 79' lang='grc' dir='ltr'>περιέρχεται</span> <span class='ocrx_word' id='word_1_131' title='bbox 1816 1795 1906 1854; x_wconf 82' lang='grc' dir='ltr'>καὶ</span> <span class='ocrx_word' id='word_1_132' title='bbox 1931 1818 2087 1873; x_wconf 87' lang='grc' dir='ltr'>τερα-</span> 
     </span>
     <span class='ocr_line' id='line_1_19' title="bbox 458 1879 2085 1960; baseline 0 -20"><span class='ocrx_word' id='word_1_133' title='bbox 458 1881 804 1957; x_wconf 54' lang='grc' dir='ltr'>εορτευόμενος</span> <span class='ocrx_word' id='word_1_134' title='bbox 831 1879 965 1938; x_wconf 79' lang='grc' dir='ltr'>κατὰ</span> <span class='ocrx_word' id='word_1_135' title='bbox 987 1879 1082 1950; x_wconf 68' lang='grc' dir='ltr'>τὴν</span> <span class='ocrx_word' id='word_1_136' title='bbox 1110 1880 1328 1960; x_wconf 78' lang='grc' dir='ltr'>ἀγοράν,</span> <span class='ocrx_word' id='word_1_137' title='bbox 1360 1883 1404 1938; x_wconf 80' lang='grc' dir='ltr'>εἶ</span> <span class='ocrx_word' id='word_1_138' title='bbox 1427 1886 1456 1939; x_wconf 86' lang='lat'><em>6</em></span> <span class='ocrx_word' id='word_1_139' title='bbox 1475 1880 1628 1946; x_wconf 77' lang='grc' dir='ltr'>αὐτὸς</span> <span class='ocrx_word' id='word_1_140' title='bbox 1647 1881 1995 1960; x_wconf 87' lang='grc' dir='ltr'>πεπόρνευταί</span> <span class='ocrx_word' id='word_1_141' title='bbox 2028 1905 2085 1940; x_wconf 89' lang='grc' dir='ltr'>τε</span> 
     </span>
     <span class='ocr_line' id='line_1_20' title="bbox 538 1965 2086 2048; baseline 0.001 -24"><span class='ocrx_word' id='word_1_142' title='bbox 538 1966 628 2024; x_wconf 80' lang='grc' dir='ltr'>καὶ</span> <span class='ocrx_word' id='word_1_143' title='bbox 649 1966 716 2025; x_wconf 73' lang='grc' dir='ltr'>τὰ</span> <span class='ocrx_word' id='word_1_144' title='bbox 729 1969 951 2048; x_wconf 78' lang='grc' dir='ltr'>πατρῷα</span> <span class='ocrx_word' id='word_1_145' title='bbox 973 1967 1335 2038; x_wconf 80' lang='grc' dir='ltr'>κατεδήδοκεν.</span> <span class='ocrx_word' id='word_1_146' title='bbox 1365 1969 1462 2046; x_wconf 71' lang='grc' dir='ltr'>(οι)</span> <span class='ocrx_word' id='word_1_147' title='bbox 1485 1969 1552 2027; x_wconf 79' lang='lat' dir='ltr'>Ei</span> <span class='ocrx_word' id='word_1_148' title='bbox 1567 1965 1622 2025; x_wconf 79' lang='grc' dir='ltr'>δέ</span> <span class='ocrx_word' id='word_1_149' title='bbox 1645 1991 1720 2034; x_wconf 88' lang='grc' dir='ltr'>τις</span> <span class='ocrx_word' id='word_1_150' title='bbox 1743 1971 1918 2047; x_wconf 75' lang='grc' dir='ltr'>ἀγνοεῖ</span> <span class='ocrx_word' id='word_1_151' title='bbox 1939 1972 2086 2026; x_wconf 77' lang='grc' dir='ltr'>ταῦθ’</span> 
     </span>
     <span class='ocr_line' id='line_1_21' title="bbox 537 2053 2085 2136; baseline 0.001 -24"><span class='ocrx_word' id='word_1_152' title='bbox 537 2053 676 2120; x_wconf 81' lang='grc' dir='ltr'>ὅπως</span> <span class='ocrx_word' id='word_1_153' title='bbox 704 2053 844 2132; x_wconf 83' lang='grc' dir='ltr'>ἔχει,</span> <span class='ocrx_word' id='word_1_154' title='bbox 883 2053 988 2128; x_wconf 76' lang='grc' dir='ltr'>ἐγὼ</span> <span class='ocrx_word' id='word_1_155' title='bbox 1014 2053 1329 2136; x_wconf 74' lang='grc' dir='ltr'>σαφέστερον</span> <span class='ocrx_word' id='word_1_156' title='bbox 1357 2053 1492 2114; x_wconf 74' lang='grc' dir='ltr'>αὐτὰ</span> <span class='ocrx_word' id='word_1_157' title='bbox 1518 2055 1837 2134; x_wconf 87' lang='grc' dir='ltr'>πειράσομαι</span> <span class='ocrx_word' id='word_1_158' title='bbox 1865 2056 2085 2132; x_wconf 85' lang='grc' dir='ltr'>διορίσαι</span> 
     </span>
     <span class='ocr_line' id='line_1_22' title="bbox 535 2139 2086 2222; baseline 0.004 -26"><span class='ocrx_word' id='word_1_159' title='bbox 535 2143 610 2219; x_wconf 78' lang='grc' dir='ltr'>τῷ</span> <span class='ocrx_word' id='word_1_160' title='bbox 656 2140 812 2220; x_wconf 84' lang='grc' dir='ltr'>λόγῳ.</span> <span class='ocrx_word' id='word_1_161' title='bbox 896 2139 1040 2208; x_wconf 83' lang='grc' dir='ltr'>Ἕως</span> <span class='ocrx_word' id='word_1_162' title='bbox 1082 2141 1176 2214; x_wconf 83' lang='grc' dir='ltr'>μὲν</span> <span class='ocrx_word' id='word_1_163' title='bbox 1211 2142 1312 2220; x_wconf 82' lang='grc' dir='ltr'>γὰρ</span> <span class='ocrx_word' id='word_1_164' title='bbox 1341 2141 1582 2220; x_wconf 78' lang='grc' dir='ltr'>ἀντήρκει</span> <span class='ocrx_word' id='word_1_165' title='bbox 1624 2146 1658 2212; x_wconf 98' lang='grc' dir='ltr'>ἡ</span> <span class='ocrx_word' id='word_1_166' title='bbox 1686 2145 1777 2212; x_wconf 78' lang='grc' dir='ltr'>τῆς</span> <span class='ocrx_word' id='word_1_167' title='bbox 1805 2141 2086 2222; x_wconf 77' lang='grc' dir='ltr'>ἐπικλήρου</span> 
     </span>
     <span class='ocr_line' id='line_1_23' title="bbox 536 2225 2087 2308; baseline 0.003 -25"><span class='ocrx_word' id='word_1_168' title='bbox 536 2225 682 2284; x_wconf 79' lang='grc' dir='ltr'>οὗσία</span> <span class='ocrx_word' id='word_1_169' title='bbox 699 2273 714 2300; x_wconf 86' lang='grc'>,</span> <span class='ocrx_word' id='word_1_170' title='bbox 737 2225 801 2298; x_wconf 80' lang='grc' dir='ltr'>ἣν</span> <span class='ocrx_word' id='word_1_171' title='bbox 825 2231 854 2286; x_wconf 87' lang='lat'><em>6</em></span> <span class='ocrx_word' id='word_1_172' title='bbox 881 2227 1238 2308; x_wconf 76' lang='grc' dir='ltr'>Ἡγήσανδρος</span> <span class='ocrx_word' id='word_1_173' title='bbox 1265 2233 1292 2286; x_wconf 98' lang='lat'><em>6</em></span> <span class='ocrx_word' id='word_1_174' title='bbox 1319 2233 1495 2286; x_wconf 78' lang='grc' dir='ltr'>τοῦτον</span> <span class='ocrx_word' id='word_1_175' title='bbox 1526 2228 1659 2306; x_wconf 87' lang='grc' dir='ltr'>ἔχων</span> <span class='ocrx_word' id='word_1_176' title='bbox 1689 2228 1883 2308; x_wconf 76' lang='grc' dir='ltr'>ἴγημε,</span> <span class='ocrx_word' id='word_1_177' title='bbox 1918 2230 2007 2288; x_wconf 83' lang='grc' dir='ltr'>καὶ</span> <span class='ocrx_word' id='word_1_178' title='bbox 2028 2231 2087 2288; x_wconf 83' lang='grc' dir='ltr'>τὸ</span> 
     </span>
     <span class='ocr_line' id='line_1_24' title="bbox 535 2305 2083 2395; baseline 0.005 -25"><span class='ocrx_word' id='word_1_179' title='bbox 535 2312 774 2393; x_wconf 79' lang='grc' dir='ltr'>ἀργύριον</span> <span class='ocrx_word' id='word_1_180' title='bbox 793 2313 819 2372; x_wconf 86' lang='grc'><strong>8</strong></span> <span class='ocrx_word' id='word_1_181' title='bbox 841 2305 994 2386; x_wconf 68' lang='grc' dir='ltr'>ἦλθεν</span> <span class='ocrx_word' id='word_1_182' title='bbox 1017 2314 1150 2393; x_wconf 83' lang='grc' dir='ltr'>ἔχων</span> <span class='ocrx_word' id='word_1_183' title='bbox 1173 2317 1233 2373; x_wconf 76' lang='grc' dir='ltr'>ἐκ</span> <span class='ocrx_word' id='word_1_184' title='bbox 1254 2318 1344 2384; x_wconf 79' lang='grc' dir='ltr'>τῆς</span> <span class='ocrx_word' id='word_1_185' title='bbox 1371 2313 1504 2392; x_wconf 74' lang='grc' dir='ltr'>μετὰ</span> <span class='ocrx_word' id='word_1_186' title='bbox 1532 2315 1849 2395; x_wconf 83' lang='grc' dir='ltr'>Τιμομάχου</span> <span class='ocrx_word' id='word_1_187' title='bbox 1882 2319 2083 2389; x_wconf 79' lang='grc' dir='ltr'>ἀποδη-</span> 
     </span>
     <span class='ocr_line' id='line_1_25' title="bbox 537 2391 2085 2482; baseline 0.004 -26"><span class='ocrx_word' id='word_1_188' title='bbox 537 2399 690 2472; x_wconf 87' lang='grc' dir='ltr'>μίας,</span> <span class='ocrx_word' id='word_1_189' title='bbox 713 2391 846 2470; x_wconf 71' lang='grc' dir='ltr'>ἦσαν</span> <span class='ocrx_word' id='word_1_190' title='bbox 871 2399 955 2458; x_wconf 74' lang='grc' dir='ltr'>ἐπὶ</span> <span class='ocrx_word' id='word_1_191' title='bbox 982 2403 1179 2470; x_wconf 69' lang='grc' dir='ltr'>πολλῆς</span> <span class='ocrx_word' id='word_1_192' title='bbox 1209 2401 1478 2479; x_wconf 78' lang='grc' dir='ltr'>ἀσελγείας</span> <span class='ocrx_word' id='word_1_193' title='bbox 1501 2401 1591 2460; x_wconf 78' lang='grc' dir='ltr'>καὶ</span> <span class='ocrx_word' id='word_1_194' title='bbox 1619 2402 1887 2482; x_wconf 77' lang='grc' dir='ltr'>ἀφθονίας·</span> <span class='ocrx_word' id='word_1_195' title='bbox 1907 2401 2085 2474; x_wconf 65' lang='grc' dir='ltr'>ἔπιδ’)Ι</span> 
     </span>
     <span class='ocr_line' id='line_1_26' title="bbox 537 2483 2087 2571; baseline 0.005 -29"><span class='ocrx_word' id='word_1_196' title='bbox 537 2483 592 2542; x_wconf 79' lang='grc' dir='ltr'>δὲ</span> <span class='ocrx_word' id='word_1_197' title='bbox 611 2490 772 2543; x_wconf 80' lang='grc' dir='ltr'>ταῦτα</span> <span class='ocrx_word' id='word_1_198' title='bbox 795 2485 890 2562; x_wconf 83' lang='grc' dir='ltr'>μὲν</span> <span class='ocrx_word' id='word_1_199' title='bbox 909 2487 1184 2544; x_wconf 78' lang='grc' dir='ltr'>ἀπωλώλει</span> <span class='ocrx_word' id='word_1_200' title='bbox 1203 2487 1292 2545; x_wconf 76' lang='grc' dir='ltr'>καὶ</span> <span class='ocrx_word' id='word_1_201' title='bbox 1309 2487 1717 2546; x_wconf 75' lang='grc' dir='ltr'>κατεκεκύὸευτο</span> <span class='ocrx_word' id='word_1_202' title='bbox 1737 2489 1828 2546; x_wconf 81' lang='grc' dir='ltr'>καὶ</span> <span class='ocrx_word' id='word_1_203' title='bbox 1847 2494 2087 2571; x_wconf 74' lang='grc' dir='ltr'>κατωψο·</span> 
     </span>
     <span class='ocr_line' id='line_1_27' title="bbox 456 2567 2088 2650; baseline 0.003 -21"><span class='ocrx_word' id='word_1_204' title='bbox 456 2590 508 2629; x_wconf 73' lang='lat' dir='ltr'>as</span> <span class='ocrx_word' id='word_1_205' title='bbox 537 2567 767 2650; x_wconf 85' lang='grc' dir='ltr'>φάγητο,</span> <span class='ocrx_word' id='word_1_206' title='bbox 809 2571 984 2630; x_wconf 88' lang='grc' dir='ltr'>οὑτοσὶ</span> <span class='ocrx_word' id='word_1_207' title='bbox 1018 2574 1064 2629; x_wconf 85' lang='grc' dir='ltr'>δ’</span> <span class='ocrx_word' id='word_1_208' title='bbox 1095 2570 1281 2649; x_wconf 73' lang='grc' dir='ltr'>ἔξωρος</span> <span class='ocrx_word' id='word_1_209' title='bbox 1313 2573 1539 2650; x_wconf 77' lang='grc' dir='ltr'>ἐγένετο,</span> <span class='ocrx_word' id='word_1_210' title='bbox 1583 2573 1748 2633; x_wconf 78' lang='grc' dir='ltr'>ἐδίδου</span> <span class='ocrx_word' id='word_1_211' title='bbox 1791 2575 1835 2632; x_wconf 90' lang='grc' dir='ltr'>δ’</span> <span class='ocrx_word' id='word_1_212' title='bbox 1875 2574 2088 2642; x_wconf 81' lang='grc' dir='ltr'>εἰκότως</span> 
     </span>
     <span class='ocr_line' id='line_1_28' title="bbox 535 2655 2090 2741; baseline 0.004 -27"><span class='ocrx_word' id='word_1_213' title='bbox 535 2655 699 2724; x_wconf 75' lang='grc' dir='ltr'>οὐδεὶς</span> <span class='ocrx_word' id='word_1_214' title='bbox 721 2657 796 2716; x_wconf 76' lang='grc' dir='ltr'>ἔτι</span> <span class='ocrx_word' id='word_1_215' title='bbox 825 2656 990 2730; x_wconf 79' lang='grc' dir='ltr'>οὐδέν,</span> <span class='ocrx_word' id='word_1_216' title='bbox 1017 2663 1050 2730; x_wconf 86' lang='grc' dir='ltr'>ἡ</span> <span class='ocrx_word' id='word_1_217' title='bbox 1077 2657 1131 2716; x_wconf 77' lang='grc' dir='ltr'>δὲ</span> <span class='ocrx_word' id='word_1_218' title='bbox 1156 2658 1378 2739; x_wconf 79' lang='grc' dir='ltr'>βδελυρὰ</span> <span class='ocrx_word' id='word_1_219' title='bbox 1407 2659 1553 2741; x_wconf 84' lang='grc' dir='ltr'>φύσις</span> <span class='ocrx_word' id='word_1_220' title='bbox 1582 2661 1673 2718; x_wconf 83' lang='grc' dir='ltr'>καὶ</span> <span class='ocrx_word' id='word_1_221' title='bbox 1697 2659 1896 2728; x_wconf 80' lang='grc' dir='ltr'>ἀνόσιος</span> <span class='ocrx_word' id='word_1_222' title='bbox 1920 2666 1954 2734; x_wconf 90' lang='grc' dir='ltr'>ἡ</span> <span class='ocrx_word' id='word_1_223' title='bbox 1974 2661 2090 2720; x_wconf 88' lang='grc' dir='ltr'>τού-</span> 
     </span>
     <span class='ocr_line' id='line_1_29' title="bbox 537 2743 2085 2829; baseline 0.006 -29"><span class='ocrx_word' id='word_1_224' title='bbox 537 2765 626 2801; x_wconf 90' lang='grc' dir='ltr'>του</span> <span class='ocrx_word' id='word_1_225' title='bbox 646 2743 726 2802; x_wconf 71' lang='grc' dir='ltr'>ἀεὶ</span> <span class='ocrx_word' id='word_1_226' title='bbox 752 2748 855 2803; x_wconf 84' lang='grc' dir='ltr'>τῶν</span> <span class='ocrx_word' id='word_1_227' title='bbox 873 2747 1040 2803; x_wconf 74' lang='grc' dir='ltr'>αὐτῶν</span> <span class='ocrx_word' id='word_1_228' title='bbox 1067 2745 1309 2822; x_wconf 76' lang='grc' dir='ltr'>ἐπεθύμει</span> <span class='ocrx_word' id='word_1_229' title='bbox 1338 2746 1428 2805; x_wconf 72' lang='grc' dir='ltr'>καὶ</span> <span class='ocrx_word' id='word_1_230' title='bbox 1456 2749 1570 2805; x_wconf 87' lang='grc' dir='ltr'>καθ’</span> <span class='ocrx_word' id='word_1_231' title='bbox 1601 2747 1890 2827; x_wconf 77' lang='grc' dir='ltr'>ὑπερὸολὴν</span> <span class='ocrx_word' id='word_1_232' title='bbox 1922 2751 2085 2829; x_wconf 81' lang='grc' dir='ltr'>ἀκρα-</span> 
     </span>
     <span class='ocr_line' id='line_1_30' title="bbox 535 2830 2089 2917; baseline 0.005 -29"><span class='ocrx_word' id='word_1_233' title='bbox 535 2830 652 2897; x_wconf 86' lang='grc' dir='ltr'>σίας</span> <span class='ocrx_word' id='word_1_234' title='bbox 671 2831 840 2910; x_wconf 82' lang='grc' dir='ltr'>ἕτερον</span> <span class='ocrx_word' id='word_1_235' title='bbox 865 2831 943 2913; x_wconf 77' lang='grc' dir='ltr'>ἐφ’</span> <span class='ocrx_word' id='word_1_236' title='bbox 967 2831 1126 2913; x_wconf 82' lang='grc' dir='ltr'>ἑτέρῳ</span> <span class='ocrx_word' id='word_1_237' title='bbox 1145 2833 1408 2910; x_wconf 78' lang='grc' dir='ltr'>ἐπίταγμα</span> <span class='ocrx_word' id='word_1_238' title='bbox 1434 2833 1678 2893; x_wconf 80' lang='grc' dir='ltr'>ἐπέταττε</span> <span class='ocrx_word' id='word_1_239' title='bbox 1693 2834 1782 2893; x_wconf 77' lang='grc' dir='ltr'>καὶ</span> <span class='ocrx_word' id='word_1_240' title='bbox 1803 2835 2089 2917; x_wconf 77' lang='grc' dir='ltr'>ἀπεφέρετο</span> 
     </span>
     <span class='ocr_line' id='line_1_31' title="bbox 537 2917 2089 3000; baseline 0.005 -25"><span class='ocrx_word' id='word_1_241' title='bbox 537 2919 608 2984; x_wconf 77' lang='grc' dir='ltr'>εἰς</span> <span class='ocrx_word' id='word_1_242' title='bbox 633 2917 692 2975; x_wconf 78' lang='grc' dir='ltr'>τὸ</span> <span class='ocrx_word' id='word_1_243' title='bbox 721 2922 839 2976; x_wconf 88' lang='grc' dir='ltr'>καθ’</span> <span class='ocrx_word' id='word_1_244' title='bbox 879 2919 1079 2999; x_wconf 81' lang='grc' dir='ltr'>ἡμέραν</span> <span class='ocrx_word' id='word_1_245' title='bbox 1109 2919 1248 2996; x_wconf 78' lang='grc' dir='ltr'>ἔθος,</span> <span class='ocrx_word' id='word_1_246' title='bbox 1283 2923 1504 2978; x_wconf 74' lang='grc' dir='ltr'>ἐνταῦθα</span> <span class='ocrx_word' id='word_1_247' title='bbox 1534 2919 1597 2990; x_wconf 80' lang='grc' dir='ltr'>δὴ</span> <span class='ocrx_word' id='word_1_248' title='bbox 1631 2919 1882 3000; x_wconf 80' lang='grc' dir='ltr'>ἐτράπετο</span> <span class='ocrx_word' id='word_1_249' title='bbox 1915 2923 2003 2981; x_wconf 71' lang='grc' dir='ltr'>ἐπὶ</span> <span class='ocrx_word' id='word_1_250' title='bbox 2030 2923 2089 2982; x_wconf 81' lang='grc' dir='ltr'>τὸ</span> 
     </span>
     <span class='ocr_line' id='line_1_32' title="bbox 537 3004 2089 3087; baseline 0.003 -25"><span class='ocrx_word' id='word_1_251' title='bbox 537 3010 856 3083; x_wconf 83' lang='grc' dir='ltr'>καταφαγεῖν</span> <span class='ocrx_word' id='word_1_252' title='bbox 888 3004 982 3076; x_wconf 76' lang='grc' dir='ltr'>τὴν</span> <span class='ocrx_word' id='word_1_253' title='bbox 1019 3005 1270 3087; x_wconf 81' lang='grc' dir='ltr'>πατρῴαν</span> <span class='ocrx_word' id='word_1_254' title='bbox 1293 3005 1491 3065; x_wconf 75' lang='grc' dir='ltr'>οὐσίαν.</span> <span class='ocrx_word' id='word_1_255' title='bbox 1581 3007 1672 3086; x_wconf 74' lang='grc'>(96)</span> <span class='ocrx_word' id='word_1_256' title='bbox 1701 3008 1810 3066; x_wconf 77' lang='grc' dir='ltr'>Καὶ</span> <span class='ocrx_word' id='word_1_257' title='bbox 1835 3009 1896 3067; x_wconf 81' lang='grc' dir='ltr'>οὔ</span> <span class='ocrx_word' id='word_1_258' title='bbox 1934 3008 2089 3084; x_wconf 85' lang='grc' dir='ltr'>μόνον</span> 
     </span>
     <span class='ocr_line' id='line_1_33' title="bbox 538 3084 2087 3172; baseline 0.002 -20"><span class='ocrx_word' id='word_1_259' title='bbox 538 3091 855 3172; x_wconf 80' lang='grc' dir='ltr'>κατέφαγεν,</span> <span class='ocrx_word' id='word_1_260' title='bbox 891 3093 1007 3152; x_wconf 82' lang='grc' dir='ltr'>ἀλλ’</span> <span class='ocrx_word' id='word_1_261' title='bbox 1044 3095 1090 3154; x_wconf 81' lang='grc' dir='ltr'>εἰ</span> <span class='ocrx_word' id='word_1_262' title='bbox 1125 3084 1276 3154; x_wconf 77' lang='grc' dir='ltr'>οἷόντ’</span> <span class='ocrx_word' id='word_1_263' title='bbox 1307 3094 1446 3154; x_wconf 75' lang='grc' dir='ltr'>ἰστὶν</span> <span class='ocrx_word' id='word_1_264' title='bbox 1481 3095 1642 3154; x_wconf 80' lang='grc' dir='ltr'>εἰπεῖν</span> <span class='ocrx_word' id='word_1_265' title='bbox 1657 3138 1672 3165; x_wconf 90' lang='grc'>,</span> <span class='ocrx_word' id='word_1_266' title='bbox 1706 3094 1796 3154; x_wconf 85' lang='grc' dir='ltr'>καὶ</span> <span class='ocrx_word' id='word_1_267' title='bbox 1827 3094 2087 3155; x_wconf 78' lang='grc' dir='ltr'>κατέπιεν.</span> 
     </span>
     <span class='ocr_line' id='line_1_34' title="bbox 459 3179 2089 3260; baseline 0.004 -24"><span class='ocrx_word' id='word_1_268' title='bbox 459 3197 514 3237; x_wconf 66' lang='grc' dir='ltr'>ευ</span> <span class='ocrx_word' id='word_1_269' title='bbox 547 3179 654 3240; x_wconf 75' lang='grc' dir='ltr'>Καὶ</span> <span class='ocrx_word' id='word_1_270' title='bbox 672 3179 773 3260; x_wconf 83' lang='grc' dir='ltr'>γὰρ</span> <span class='ocrx_word' id='word_1_271' title='bbox 791 3180 906 3241; x_wconf 79' lang='grc' dir='ltr'>οὐδὲ</span> <span class='ocrx_word' id='word_1_272' title='bbox 926 3186 1018 3254; x_wconf 78' lang='grc' dir='ltr'>τῆς</span> <span class='ocrx_word' id='word_1_273' title='bbox 1037 3180 1178 3250; x_wconf 73' lang='grc' dir='ltr'>ἀξίας</span> <span class='ocrx_word' id='word_1_274' title='bbox 1193 3182 1414 3241; x_wconf 75' lang='grc' dir='ltr'>ἕκαστον</span> <span class='ocrx_word' id='word_1_275' title='bbox 1435 3184 1537 3240; x_wconf 78' lang='grc' dir='ltr'>τῶν</span> <span class='ocrx_word' id='word_1_276' title='bbox 1552 3183 1834 3258; x_wconf 78' lang='grc' dir='ltr'>κτημάτων</span> <span class='ocrx_word' id='word_1_277' title='bbox 1849 3183 2089 3260; x_wconf 82' lang='grc' dir='ltr'>ἀπέδοτο,</span> 
     </span>
     <span class='ocr_line' id='line_1_35' title="bbox 539 3265 2088 3345; baseline 0.008 -26"><span class='ocrx_word' id='word_1_278' title='bbox 539 3265 645 3322; x_wconf 79' lang='grc' dir='ltr'>οὐδ’</span> <span class='ocrx_word' id='word_1_279' title='bbox 679 3267 878 3325; x_wconf 79' lang='grc' dir='ltr'>ἐδύνατ’</span> <span class='ocrx_word' id='word_1_280' title='bbox 919 3267 1191 3344; x_wconf 81' lang='grc' dir='ltr'>ἀναμένειν</span> <span class='ocrx_word' id='word_1_281' title='bbox 1231 3269 1291 3326; x_wconf 84' lang='grc' dir='ltr'>τὸ</span> <span class='ocrx_word' id='word_1_282' title='bbox 1329 3271 1485 3328; x_wconf 82' lang='grc' dir='ltr'>πλέον</span> <span class='ocrx_word' id='word_1_283' title='bbox 1527 3267 1643 3328; x_wconf 70' lang='grc' dir='ltr'>οὐδὲ</span> <span class='ocrx_word' id='word_1_284' title='bbox 1671 3269 1730 3326; x_wconf 80' lang='grc' dir='ltr'>τὸ</span> <span class='ocrx_word' id='word_1_285' title='bbox 1774 3272 2088 3345; x_wconf 79' lang='grc' dir='ltr'>λυσιτελοῦν,</span> 
     </span>
     <span class='ocr_line' id='line_1_36' title="bbox 539 3352 2089 3440; baseline 0.006 -31"><span class='ocrx_word' id='word_1_286' title='bbox 539 3352 676 3411; x_wconf 74' lang='grc' dir='ltr'>ἀλλὰ</span> <span class='ocrx_word' id='word_1_287' title='bbox 699 3359 792 3414; x_wconf 76' lang='grc' dir='ltr'>τοῦ</span> <span class='ocrx_word' id='word_1_288' title='bbox 825 3355 926 3426; x_wconf 87' lang='grc' dir='ltr'>ἤδη</span> <span class='ocrx_word' id='word_1_289' title='bbox 969 3355 1287 3437; x_wconf 78' lang='grc' dir='ltr'>εὑρίσκοντος</span> <span class='ocrx_word' id='word_1_290' title='bbox 1321 3356 1622 3416; x_wconf 80' lang='grc' dir='ltr'>ἀπεδίδοτο·</span> <span class='ocrx_word' id='word_1_291' title='bbox 1659 3355 1820 3424; x_wconf 78' lang='grc' dir='ltr'>οὕτως</span> <span class='ocrx_word' id='word_1_292' title='bbox 1847 3359 2089 3440; x_wconf 80' lang='grc' dir='ltr'>ἠπείγετο</span> 
     </span>
     <span class='ocr_line' id='line_1_37' title="bbox 538 3439 2088 3525; baseline 0.008 -30"><span class='ocrx_word' id='word_1_293' title='bbox 538 3439 734 3520; x_wconf 68' lang='grc' dir='ltr'>σφζδρα</span> <span class='ocrx_word' id='word_1_294' title='bbox 763 3441 889 3522; x_wconf 78' lang='grc' dir='ltr'>πρὸς</span> <span class='ocrx_word' id='word_1_295' title='bbox 928 3441 1021 3509; x_wconf 76' lang='grc' dir='ltr'>τὰς</span> <span class='ocrx_word' id='word_1_296' title='bbox 1054 3443 1257 3514; x_wconf 78' lang='grc' dir='ltr'>ἡδονάς.</span> <span class='ocrx_word' id='word_1_297' title='bbox 1346 3443 1656 3524; x_wconf 77' lang='grc' dir='ltr'>(97).Τούτῳ</span> <span class='ocrx_word' id='word_1_298' title='bbox 1680 3443 1780 3525; x_wconf 82' lang='grc' dir='ltr'>γὰρ</span> <span class='ocrx_word' id='word_1_299' title='bbox 1813 3445 2088 3506; x_wconf 86' lang='grc' dir='ltr'>κατέλιπεν</span> 
     </span>
     <span class='ocr_line' id='line_1_38' title="bbox 537 3521 2092 3616; baseline 0.006 -32"><span class='ocrx_word' id='word_1_300' title='bbox 537 3530 566 3584; x_wconf 88' lang='lat'><em>6</em></span> <span class='ocrx_word' id='word_1_301' title='bbox 593 3527 772 3610; x_wconf 78' lang='grc' dir='ltr'>πατὴρ</span> <span class='ocrx_word' id='word_1_302' title='bbox 813 3529 991 3587; x_wconf 79' lang='grc' dir='ltr'>οὐσίαν</span> <span class='ocrx_word' id='word_1_303' title='bbox 1019 3532 1109 3610; x_wconf 76' lang='grc' dir='ltr'>ἀφ’</span> <span class='ocrx_word' id='word_1_304' title='bbox 1131 3521 1192 3602; x_wconf 70' lang='grc' dir='ltr'>ἧς</span> <span class='ocrx_word' id='word_1_305' title='bbox 1227 3528 1394 3609; x_wconf 72' lang='grc' dir='ltr'>ἕτερος</span> <span class='ocrx_word' id='word_1_306' title='bbox 1431 3532 1523 3608; x_wconf 83' lang='grc' dir='ltr'>μὲν</span> <span class='ocrx_word' id='word_1_307' title='bbox 1547 3531 1610 3590; x_wconf 74' lang='grc' dir='ltr'>ἃν</span> <span class='ocrx_word' id='word_1_308' title='bbox 1637 3531 1726 3590; x_wconf 76' lang='grc' dir='ltr'>καὶ</span> <span class='ocrx_word' id='word_1_309' title='bbox 1756 3532 2092 3616; x_wconf 74' lang='grc' dir='ltr'>ἐλειτούργει,</span> 
     </span>
     <span class='ocr_line' id='line_1_39' title="bbox 535 3605 2091 3698; baseline 0.006 -26"><span class='ocrx_word' id='word_1_310' title='bbox 535 3605 683 3682; x_wconf 59' lang='grc' dir='ltr'>οὗτος</span> <span class='ocrx_word' id='word_1_311' title='bbox 711 3615 764 3674; x_wconf 73' lang='grc' dir='ltr'>δὲ</span> <span class='ocrx_word' id='word_1_312' title='bbox 807 3617 912 3675; x_wconf 79' lang='grc' dir='ltr'>οὔδ’</span> <span class='ocrx_word' id='word_1_313' title='bbox 943 3621 1085 3696; x_wconf 81' lang='grc' dir='ltr'>αὑτῷ</span> <span class='ocrx_word' id='word_1_314' title='bbox 1115 3617 1424 3698; x_wconf 71' lang='grc' dir='ltr'>διαφυλάξαι</span> <span class='ocrx_word' id='word_1_315' title='bbox 1465 3619 1700 3691; x_wconf 76' lang='grc' dir='ltr'>ἐδυνήθη.</span> <span class='ocrx_word' id='word_1_316' title='bbox 1783 3621 1973 3680; x_wconf 83' lang='grc' dir='ltr'>Οἰκίαν</span> <span class='ocrx_word' id='word_1_317' title='bbox 1998 3621 2091 3697; x_wconf 72' lang='grc' dir='ltr'>μὲν</span> 
     </span>
     <span class='ocr_line' id='line_1_40' title="bbox 539 3700 2090 3787; baseline 0.005 -27"><span class='ocrx_word' id='word_1_318' title='bbox 539 3700 642 3781; x_wconf 80' lang='grc' dir='ltr'>γὰρ</span> <span class='ocrx_word' id='word_1_319' title='bbox 661 3701 870 3762; x_wconf 84' lang='grc' dir='ltr'>ὄπισθεν</span> <span class='ocrx_word' id='word_1_320' title='bbox 895 3708 988 3775; x_wconf 74' lang='grc' dir='ltr'>τῆς</span> <span class='ocrx_word' id='word_1_321' title='bbox 1009 3705 1237 3778; x_wconf 86' lang='grc' dir='ltr'>πόλεως,</span> <span class='ocrx_word' id='word_1_322' title='bbox 1266 3705 1517 3784; x_wconf 73' lang='grc' dir='ltr'>ἐσχατιὰν</span> <span class='ocrx_word' id='word_1_323' title='bbox 1547 3706 1600 3764; x_wconf 76' lang='grc' dir='ltr'>δὲ</span> <span class='ocrx_word' id='word_1_324' title='bbox 1637 3709 1898 3787; x_wconf 83' lang='grc' dir='ltr'>Σφηττοῖ,</span> <span class='ocrx_word' id='word_1_325' title='bbox 1932 3708 2090 3770; x_wconf 79' lang='grc' dir='ltr'>Ἀλω-</span> 
     </span>
     <span class='ocr_line' id='line_1_41' title="bbox 537 3790 2094 3877; baseline 0.008 -33"><span class='ocrx_word' id='word_1_326' title='bbox 537 3792 730 3859; x_wconf 78' lang='grc' dir='ltr'>πεκῆσι</span> <span class='ocrx_word' id='word_1_327' title='bbox 757 3791 804 3848; x_wconf 90' lang='grc' dir='ltr'>δ’</span> <span class='ocrx_word' id='word_1_328' title='bbox 822 3790 992 3870; x_wconf 77' lang='grc' dir='ltr'>ἕτερον</span> <span class='ocrx_word' id='word_1_329' title='bbox 1021 3791 1235 3872; x_wconf 78' lang='grc' dir='ltr'>χωρίον,</span> <span class='ocrx_word' id='word_1_330' title='bbox 1256 3791 1414 3872; x_wconf 82' lang='grc' dir='ltr'>χωρὶς</span> <span class='ocrx_word' id='word_1_331' title='bbox 1443 3790 1494 3851; x_wconf 83' lang='grc' dir='ltr'>δὲ</span> <span class='ocrx_word' id='word_1_332' title='bbox 1523 3791 1724 3861; x_wconf 79' lang='grc' dir='ltr'>οἰκέτας</span> <span class='ocrx_word' id='word_1_333' title='bbox 1752 3796 2094 3877; x_wconf 76' lang='grc' dir='ltr'>δημιουργοὺς</span> 
     </span>
     <span class='ocr_line' id='line_1_42' title="bbox 472 3869 2093 3956; baseline 0.005 -21"><span class='ocrx_word' id='word_1_334' title='bbox 472 3877 630 3943; x_wconf 52' lang='lat' dir='ltr'>urz&lt;</span> <span class='ocrx_word' id='word_1_335' title='bbox 665 3882 1038 3952; x_wconf 71' lang='grc' dir='ltr'>σκυτοτομικῆς</span> <span class='ocrx_word' id='word_1_336' title='bbox 1071 3877 1257 3956; x_wconf 82' lang='grc' dir='ltr'>τέχνης</span> <span class='ocrx_word' id='word_1_337' title='bbox 1294 3877 1437 3936; x_wconf 83' lang='grc' dir='ltr'>ἐννέα</span> <span class='ocrx_word' id='word_1_338' title='bbox 1478 3877 1513 3948; x_wconf 84' lang='grc' dir='ltr'>ἢ</span> <span class='ocrx_word' id='word_1_339' title='bbox 1561 3878 1714 3950; x_wconf 85' lang='grc' dir='ltr'>δέκα,</span> <span class='ocrx_word' id='word_1_340' title='bbox 1764 3869 1836 3940; x_wconf 68' lang='grc' dir='ltr'>ὧν</span> <span class='ocrx_word' id='word_1_341' title='bbox 1878 3881 2093 3950; x_wconf 68' lang='grc' dir='ltr'>ἕκαστος</span> 
     </span>
     <span class='ocr_line' id='line_1_43' title="bbox 539 3959 2096 4050; baseline 0.007 -32"><span class='ocrx_word' id='word_1_342' title='bbox 539 3959 705 4041; x_wconf 84' lang='grc' dir='ltr'>τούτῳ</span> <span class='ocrx_word' id='word_1_343' title='bbox 723 3961 800 4019; x_wconf 88' lang='grc' dir='ltr'>δύ’</span> <span class='ocrx_word' id='word_1_344' title='bbox 823 3961 1030 4030; x_wconf 74' lang='grc' dir='ltr'>ὅὸολοῦς</span> <span class='ocrx_word' id='word_1_345' title='bbox 1043 3963 1310 4045; x_wconf 77' lang='grc' dir='ltr'>ἀποφορὰν</span> <span class='ocrx_word' id='word_1_346' title='bbox 1329 3963 1476 4045; x_wconf 81' lang='grc' dir='ltr'>ἔφερε</span> <span class='ocrx_word' id='word_1_347' title='bbox 1500 3969 1590 4035; x_wconf 79' lang='grc' dir='ltr'>τῆς</span> <span class='ocrx_word' id='word_1_348' title='bbox 1615 3965 1836 4045; x_wconf 82' lang='grc' dir='ltr'>ἡμέρας,</span> <span class='ocrx_word' id='word_1_349' title='bbox 1852 3972 1880 4025; x_wconf 89' lang='lat'><em>6</em></span> <span class='ocrx_word' id='word_1_350' title='bbox 1911 3969 1956 4027; x_wconf 84' lang='grc' dir='ltr'>δ’</span> <span class='ocrx_word' id='word_1_351' title='bbox 1977 3973 2096 4050; x_wconf 86' lang='grc' dir='ltr'>ἡγε-</span> 
     </span>
     <span class='ocr_line' id='line_1_44' title="bbox 542 4045 2093 4131; baseline 0.009 -29"><span class='ocrx_word' id='word_1_352' title='bbox 542 4045 656 4120; x_wconf 86' lang='grc' dir='ltr'>μὼν</span> <span class='ocrx_word' id='word_1_353' title='bbox 707 4053 799 4106; x_wconf 81' lang='grc' dir='ltr'>τοῦ</span> <span class='ocrx_word' id='word_1_354' title='bbox 845 4051 1185 4131; x_wconf 75' lang='grc' dir='ltr'>ἐργαστηρίου</span> <span class='ocrx_word' id='word_1_355' title='bbox 1228 4049 1534 4130; x_wconf 75' lang='grc' dir='ltr'>τριώὸολον·</span> <span class='ocrx_word' id='word_1_356' title='bbox 1585 4051 1660 4110; x_wconf 82' lang='grc' dir='ltr'>ἔτι</span> <span class='ocrx_word' id='word_1_357' title='bbox 1699 4051 1755 4110; x_wconf 76' lang='grc' dir='ltr'>δὲ</span> <span class='ocrx_word' id='word_1_358' title='bbox 1803 4054 1931 4131; x_wconf 83' lang='grc' dir='ltr'>πρὸς</span> <span class='ocrx_word' id='word_1_359' title='bbox 1962 4056 2093 4116; x_wconf 87' lang='grc' dir='ltr'>τού-</span> 
     </span>
     <span class='ocr_line' id='line_1_45' title="bbox 541 4135 2093 4220; baseline 0.008 -33"><span class='ocrx_word' id='word_1_360' title='bbox 541 4151 646 4198; x_wconf 86' lang='grc' dir='ltr'>τοις</span> <span class='ocrx_word' id='word_1_361' title='bbox 691 4135 914 4208; x_wconf 84' lang='grc' dir='ltr'>γυναῒκα</span> <span class='ocrx_word' id='word_1_362' title='bbox 955 4136 1213 4216; x_wconf 70' lang='grc' dir='ltr'>ἀμόργινα</span> <span class='ocrx_word' id='word_1_363' title='bbox 1256 4137 1604 4214; x_wconf 64' lang='grc' dir='ltr'>ἕπισταμένην</span> <span class='ocrx_word' id='word_1_364' title='bbox 1649 4140 1953 4220; x_wconf 74' lang='grc' dir='ltr'>ἐργάζεσθαι</span> <span class='ocrx_word' id='word_1_365' title='bbox 2003 4143 2093 4202; x_wconf 78' lang='grc' dir='ltr'>καὶ</span> 
     </span>
     <span class='ocr_line' id='line_1_46' title="bbox 541 4214 2089 4305; baseline 0.009 -31"><span class='ocrx_word' id='word_1_366' title='bbox 541 4214 669 4296; x_wconf 71' lang='grc' dir='ltr'>ἔργα</span> <span class='ocrx_word' id='word_1_367' title='bbox 711 4219 877 4279; x_wconf 78' lang='grc' dir='ltr'>λεπτὰ</span> <span class='ocrx_word' id='word_1_368' title='bbox 919 4223 990 4288; x_wconf 82' lang='grc' dir='ltr'>είς</span> <span class='ocrx_word' id='word_1_369' title='bbox 1029 4222 1126 4293; x_wconf 80' lang='grc' dir='ltr'>τὴν</span> <span class='ocrx_word' id='word_1_370' title='bbox 1163 4222 1354 4303; x_wconf 76' lang='grc' dir='ltr'>ἀγορὰν</span> <span class='ocrx_word' id='word_1_371' title='bbox 1401 4224 1746 4304; x_wconf 75' lang='grc' dir='ltr'>ἐκφέρουσαν,</span> <span class='ocrx_word' id='word_1_372' title='bbox 1793 4228 1882 4286; x_wconf 83' lang='grc' dir='ltr'>καὶ</span> <span class='ocrx_word' id='word_1_373' title='bbox 1928 4229 2089 4305; x_wconf 80' lang='grc' dir='ltr'>ἄνδρα</span> 
     </span>
     <span class='ocr_line' id='line_1_47' title="bbox 540 4305 2094 4394; baseline 0.01 -33"><span class='ocrx_word' id='word_1_374' title='bbox 540 4305 830 4380; x_wconf 73' lang='grc' dir='ltr'>ποικιλτήν,</span> <span class='ocrx_word' id='word_1_375' title='bbox 871 4309 962 4366; x_wconf 80' lang='grc' dir='ltr'>καὶ</span> <span class='ocrx_word' id='word_1_376' title='bbox 997 4309 1292 4390; x_wconf 84' lang='grc' dir='ltr'>ὀφείλοντάς</span> <span class='ocrx_word' id='word_1_377' title='bbox 1337 4334 1480 4377; x_wconf 85' lang='grc' dir='ltr'>τινας</span> <span class='ocrx_word' id='word_1_378' title='bbox 1519 4314 1660 4392; x_wconf 80' lang='grc' dir='ltr'>αὐτῷ</span> <span class='ocrx_word' id='word_1_379' title='bbox 1703 4313 1962 4394; x_wconf 77' lang='grc' dir='ltr'>ἀργύριον,</span> <span class='ocrx_word' id='word_1_380' title='bbox 2005 4319 2094 4376; x_wconf 83' lang='grc' dir='ltr'>καὶ</span> 
     </span>
     <span class='ocr_line' id='line_1_48' title="bbox 473 4390 2094 4478; baseline 0.007 -27"><span class='ocrx_word' id='word_1_381' title='bbox 473 4415 499 4451; x_wconf 79' lang='lat' dir='ltr'><strong>s</strong></span> <span class='ocrx_word' id='word_1_382' title='bbox 543 4390 756 4451; x_wconf 79' lang='grc' dir='ltr'>ἔπιπλα,</span> <span class='ocrx_word' id='word_1_383' title='bbox 793 4393 878 4476; x_wconf 78' lang='lat' dir='ltr'><strong>(aa)</strong></span> <span class='ocrx_word' id='word_1_384' title='bbox 900 4395 1030 4457; x_wconf 73' lang='lat' dir='ltr'><strong>“Ort</strong></span> <span class='ocrx_word' id='word_1_385' title='bbox 1053 4397 1106 4456; x_wconf 86' lang='grc' dir='ltr'>δὲ</span> <span class='ocrx_word' id='word_1_386' title='bbox 1132 4401 1280 4456; x_wconf 79' lang='grc' dir='ltr'>ταῦτ’</span> <span class='ocrx_word' id='word_1_387' title='bbox 1303 4400 1470 4471; x_wconf 78' lang='grc' dir='ltr'>ἀληθῆ</span> <span class='ocrx_word' id='word_1_388' title='bbox 1489 4399 1658 4478; x_wconf 84' lang='grc' dir='ltr'>λέγω,</span> <span class='ocrx_word' id='word_1_389' title='bbox 1682 4403 1898 4462; x_wconf 79' lang='grc' dir='ltr'>ἐνταῦθα</span> <span class='ocrx_word' id='word_1_390' title='bbox 1918 4403 2094 4478; x_wconf 82' lang='grc' dir='ltr'>μέντοι</span> 
     </span>
     <span class='ocr_line' id='line_1_49' title="bbox 542 4477 2095 4569; baseline 0.008 -33"><span class='ocrx_word' id='word_1_391' title='bbox 542 4477 603 4551; x_wconf 73' lang='grc' dir='ltr'>νὴ</span> <span class='ocrx_word' id='word_1_392' title='bbox 634 4482 735 4539; x_wconf 88' lang='grc' dir='ltr'>Δία</span> <span class='ocrx_word' id='word_1_393' title='bbox 761 4487 935 4564; x_wconf 81' lang='grc' dir='ltr'>σαφῶς</span> <span class='ocrx_word' id='word_1_394' title='bbox 966 4484 1103 4542; x_wconf 89' lang='grc' dir='ltr'>πάνυ</span> <span class='ocrx_word' id='word_1_395' title='bbox 1132 4485 1222 4543; x_wconf 76' lang='grc' dir='ltr'>καὶ</span> <span class='ocrx_word' id='word_1_396' title='bbox 1250 4485 1532 4566; x_wconf 81' lang='grc' dir='ltr'>διαρρήδην</span> <span class='ocrx_word' id='word_1_397' title='bbox 1565 4486 1668 4564; x_wconf 79' lang='grc' dir='ltr'>ἐγὼ</span> <span class='ocrx_word' id='word_1_398' title='bbox 1708 4496 2095 4569; x_wconf 76' lang='grc' dir='ltr'>μαρτυροῦντας</span> 
     </span>
     <span class='ocr_line' id='line_1_50' title="bbox 542 4568 2090 4654; baseline 0.008 -31"><span class='ocrx_word' id='word_1_399' title='bbox 542 4570 664 4644; x_wconf 81' lang='grc' dir='ltr'>ὑμῖν</span> <span class='ocrx_word' id='word_1_400' title='bbox 703 4568 818 4636; x_wconf 78' lang='grc' dir='ltr'>τοὺς</span> <span class='ocrx_word' id='word_1_401' title='bbox 849 4571 1115 4651; x_wconf 87' lang='grc' dir='ltr'>μάρτυρας</span> <span class='ocrx_word' id='word_1_402' title='bbox 1151 4571 1468 4651; x_wconf 84' lang='grc' dir='ltr'>παρέξομαι·</span> <span class='ocrx_word' id='word_1_403' title='bbox 1506 4574 1668 4638; x_wconf 79' lang='grc' dir='ltr'>οὐδεὶς</span> <span class='ocrx_word' id='word_1_404' title='bbox 1705 4573 1805 4654; x_wconf 77' lang='grc' dir='ltr'>γὰρ</span> <span class='ocrx_word' id='word_1_405' title='bbox 1832 4576 2090 4653; x_wconf 82' lang='grc' dir='ltr'>κίνδυνος,</span> 
     </span>
     <span class='ocr_line' id='line_1_51' title="bbox 541 4651 2092 4742; baseline 0.008 -33"><span class='ocrx_word' id='word_1_406' title='bbox 541 4651 718 4736; x_wconf 74' lang='grc' dir='ltr'>ὥσπερ</span> <span class='ocrx_word' id='word_1_407' title='bbox 741 4657 863 4730; x_wconf 75' lang='grc' dir='ltr'>ἐκεῖ,</span> <span class='ocrx_word' id='word_1_408' title='bbox 885 4661 990 4716; x_wconf 78' lang='grc' dir='ltr'>οὐδ’</span> <span class='ocrx_word' id='word_1_409' title='bbox 1019 4658 1240 4738; x_wconf 73' lang='grc' dir='ltr'>αἰσχύνη</span> <span class='ocrx_word' id='word_1_410' title='bbox 1261 4661 1533 4739; x_wconf 84' lang='grc' dir='ltr'>πρόσεστιν</span> <span class='ocrx_word' id='word_1_411' title='bbox 1555 4660 1768 4738; x_wconf 83' lang='grc' dir='ltr'>οὐδεμία</span> <span class='ocrx_word' id='word_1_412' title='bbox 1797 4664 1871 4742; x_wconf 78' lang='grc' dir='ltr'>τῷ</span> <span class='ocrx_word' id='word_1_413' title='bbox 1892 4664 2092 4735; x_wconf 77' lang='grc' dir='ltr'>τάληθῆ</span> 
     </span>
     <span class='ocr_line' id='line_1_52' title="bbox 545 4747 2090 4828; baseline 0.008 -32"><span class='ocrx_word' id='word_1_414' title='bbox 545 4763 716 4819; x_wconf 88' lang='grc' dir='ltr'>μαρτυ</span> <span class='ocrx_word' id='word_1_415' title='bbox 774 4750 908 4806; x_wconf 79' lang='grc' dir='ltr'>’“ντι.</span> <span class='ocrx_word' id='word_1_416' title='bbox 990 4747 1104 4818; x_wconf 82' lang='grc' dir='ltr'>Τὴν</span> <span class='ocrx_word' id='word_1_417' title='bbox 1134 4747 1226 4823; x_wconf 81' lang='grc' dir='ltr'>μὲν</span> <span class='ocrx_word' id='word_1_418' title='bbox 1253 4747 1354 4828; x_wconf 82' lang='grc' dir='ltr'>γὰρ</span> <span class='ocrx_word' id='word_1_419' title='bbox 1377 4747 1542 4806; x_wconf 79' lang='grc' dir='ltr'>οἰκίαν</span> <span class='ocrx_word' id='word_1_420' title='bbox 1571 4747 1664 4820; x_wconf 77' lang='grc' dir='ltr'>τὴν</span> <span class='ocrx_word' id='word_1_421' title='bbox 1693 4751 1747 4808; x_wconf 78' lang='grc' dir='ltr'>ἐν</span> <span class='ocrx_word' id='word_1_422' title='bbox 1773 4749 1923 4808; x_wconf 75' lang='grc' dir='ltr'>ἄστει</span> <span class='ocrx_word' id='word_1_423' title='bbox 1957 4749 2090 4809; x_wconf 79' lang='grc' dir='ltr'>ἀπέ-</span> 
     </span>
     <span class='ocr_line' id='line_1_53' title="bbox 545 4767 2093 4918; baseline 0.008 -34"><span class='ocrx_word' id='word_1_424' title='bbox 545 4828 648 4885; x_wconf 85' lang='grc' dir='ltr'>δοθ’</span> <span class='ocrx_word' id='word_1_425' title='bbox 675 4767 817 4898; x_wconf 49' lang='lat' dir='ltr'>effi</span> <span class='ocrx_word' id='word_1_426' title='bbox 841 4834 1194 4914; x_wconf 78' lang='grc' dir='ltr'>Ναυσικράτει</span> <span class='ocrx_word' id='word_1_427' title='bbox 1217 4837 1292 4915; x_wconf 77' lang='grc' dir='ltr'>τῷ</span> <span class='ocrx_word' id='word_1_428' title='bbox 1323 4839 1542 4916; x_wconf 77' lang='grc' dir='ltr'>κωμικῷ</span> <span class='ocrx_word' id='word_1_429' title='bbox 1576 4839 1854 4914; x_wconf 79' lang='grc' dir='ltr'>ὑποκριτῇ,</span> <span class='ocrx_word' id='word_1_430' title='bbox 1884 4837 2093 4918; x_wconf 75' lang='grc' dir='ltr'>ὕστερον</span> 
     </span>
     <span class='ocr_line' id='line_1_54' title="bbox 547 4913 2094 5002; baseline 0.007 -31"><span class='ocrx_word' id='word_1_431' title='bbox 547 4913 591 4971; x_wconf 87' lang='grc' dir='ltr'>δ’</span> <span class='ocrx_word' id='word_1_432' title='bbox 625 4915 784 4987; x_wconf 71' lang='grc' dir='ltr'>αὐτὴν</span> <span class='ocrx_word' id='word_1_433' title='bbox 809 4921 1024 4998; x_wconf 81' lang='grc' dir='ltr'>ἐπρίατο</span> <span class='ocrx_word' id='word_1_434' title='bbox 1051 4921 1197 5000; x_wconf 80' lang='grc' dir='ltr'>παρὰ</span> <span class='ocrx_word' id='word_1_435' title='bbox 1233 4927 1324 4980; x_wconf 79' lang='grc' dir='ltr'>τοῦ</span> <span class='ocrx_word' id='word_1_436' title='bbox 1349 4922 1737 5002; x_wconf 76' lang='grc' dir='ltr'>Ναυσικράτους</span> <span class='ocrx_word' id='word_1_437' title='bbox 1761 4922 1923 4982; x_wconf 77' lang='grc' dir='ltr'>εἴκοσι</span> <span class='ocrx_word' id='word_1_438' title='bbox 1953 4928 2094 5000; x_wconf 85' lang='grc' dir='ltr'>μνῶν</span> 
     </span>
     <span class='ocr_line' id='line_1_55' title="bbox 473 5001 2094 5091; baseline 0.006 -30"><span class='ocrx_word' id='word_1_439' title='bbox 473 5023 522 5061; x_wconf 77' lang='grc' dir='ltr'>ιο</span> <span class='ocrx_word' id='word_1_440' title='bbox 549 5001 853 5072; x_wconf 85' lang='grc' dir='ltr'>Κλεαίνετος</span> <span class='ocrx_word' id='word_1_441' title='bbox 874 5010 902 5064; x_wconf 88' lang='lat'><em>6</em></span> <span class='ocrx_word' id='word_1_442' title='bbox 928 5007 1390 5086; x_wconf 85' lang='grc' dir='ltr'>χοροδιδάσκαλος·</span> <span class='ocrx_word' id='word_1_443' title='bbox 1422 5008 1514 5080; x_wconf 79' lang='grc' dir='ltr'>τὴν</span> <span class='ocrx_word' id='word_1_444' title='bbox 1540 5009 1588 5068; x_wconf 84' lang='grc' dir='ltr'>δ’</span> <span class='ocrx_word' id='word_1_445' title='bbox 1607 5008 1853 5088; x_wconf 76' lang='grc' dir='ltr'>ἐσχατιὰν</span> <span class='ocrx_word' id='word_1_446' title='bbox 1880 5011 2094 5091; x_wconf 77' lang='grc' dir='ltr'>ἐπρίατο</span> 
     </span>
     <span class='ocr_line' id='line_1_56' title="bbox 547 5089 2092 5176; baseline 0.007 -31"><span class='ocrx_word' id='word_1_447' title='bbox 547 5089 670 5168; x_wconf 83' lang='grc' dir='ltr'>παρ’</span> <span class='ocrx_word' id='word_1_448' title='bbox 718 5093 874 5151; x_wconf 79' lang='grc' dir='ltr'>αὑτοῦ</span> <span class='ocrx_word' id='word_1_449' title='bbox 922 5095 1209 5164; x_wconf 86' lang='grc' dir='ltr'>Μνησίθεος</span> <span class='ocrx_word' id='word_1_450' title='bbox 1260 5100 1287 5154; x_wconf 85' lang='grc' dir='ltr'>ὁ</span> <span class='ocrx_word' id='word_1_451' title='bbox 1335 5095 1737 5176; x_wconf 87' lang='grc' dir='ltr'>Μυρρινούσιος,</span> <span class='ocrx_word' id='word_1_452' title='bbox 1791 5096 1948 5157; x_wconf 88' lang='grc' dir='ltr'>τόπον</span> <span class='ocrx_word' id='word_1_453' title='bbox 1998 5098 2092 5174; x_wconf 83' lang='grc' dir='ltr'>μὲν</span> 
     </span>
     <span class='ocr_line' id='line_1_57' title="bbox 547 5175 2093 5262; baseline 0.009 -32"><span class='ocrx_word' id='word_1_454' title='bbox 547 5175 733 5248; x_wconf 81' lang='grc' dir='ltr'>πολύν,</span> <span class='ocrx_word' id='word_1_455' title='bbox 771 5179 943 5246; x_wconf 80' lang='grc' dir='ltr'>δεινῶς</span> <span class='ocrx_word' id='word_1_456' title='bbox 981 5182 1027 5238; x_wconf 83' lang='grc' dir='ltr'>δ’</span> <span class='ocrx_word' id='word_1_457' title='bbox 1067 5181 1436 5260; x_wconf 75' lang='grc' dir='ltr'>ἐξηγριωμένον</span> <span class='ocrx_word' id='word_1_458' title='bbox 1465 5183 1568 5242; x_wconf 85' lang='grc' dir='ltr'>ὑπὸ</span> <span class='ocrx_word' id='word_1_459' title='bbox 1611 5185 1792 5246; x_wconf 87' lang='grc' dir='ltr'>τούτου</span> <span class='ocrx_word' id='word_1_460' title='bbox 1808 5204 1822 5218; x_wconf 94' lang='grc'>·</span> <span class='ocrx_word' id='word_1_461' title='bbox 1907 5187 1995 5262; x_wconf 69' lang='lat' dir='ltr'><strong>(aa)</strong></span> <span class='ocrx_word' id='word_1_462' title='bbox 2034 5185 2093 5246; x_wconf 81' lang='grc' dir='ltr'>τὸ</span> 
     </span>
    </p>
   </div>
   <div class='ocr_carea' id='block_1_5' title="bbox 3452 453 3719 527">
    <p class='ocr_par' dir='ltr' id='par_1_6' title="bbox 3452 453 3719 527">
     <span class='ocr_line' id='line_1_58' title="bbox 3452 453 3719 527; baseline -0.007 0"><span class='ocrx_word' id='word_1_463' title='bbox 3452 453 3719 527; x_wconf 67' lang='lat' dir='ltr'>(tw—¹¹⁹)</span> 
     </span>
    </p>
   </div>
   <div class='ocr_carea' id='block_1_6' title="bbox 2172 587 3727 5164">
    <p class='ocr_par' dir='ltr' id='par_1_7' title="bbox 2178 587 3723 1146">
     <span class='ocr_line' id='line_1_59' title="bbox 2180 587 3719 655; baseline 0.003 -19"><span class='ocrx_word' id='word_1_464' title='bbox 2180 599 2282 636; x_wconf 66' lang='lat' dir='ltr'><strong>ran</strong></span> <span class='ocrx_word' id='word_1_465' title='bbox 2310 587 2545 638; x_wconf 64' lang='lat' dir='ltr'><strong>antimate</strong></span> <span class='ocrx_word' id='word_1_466' title='bbox 2574 599 2671 636; x_wconf 88' lang='lat' dir='ltr'>non</span> <span class='ocrx_word' id='word_1_467' title='bbox 2692 599 2755 636; x_wconf 86' lang='lat' dir='ltr'>ex</span> <span class='ocrx_word' id='word_1_468' title='bbox 2772 587 2996 649; x_wconf 79' lang='lat' dir='ltr'><strong>proesenti</strong></span> <span class='ocrx_word' id='word_1_469' title='bbox 3010 623 3025 649; x_wconf 95' lang='lat'><strong>,</strong></span> <span class='ocrx_word' id='word_1_470' title='bbox 3050 588 3133 638; x_wconf 80' lang='lat' dir='ltr'>sed</span> <span class='ocrx_word' id='word_1_471' title='bbox 3154 601 3215 638; x_wconf 81' lang='lat' dir='ltr'>ex</span> <span class='ocrx_word' id='word_1_472' title='bbox 3234 591 3480 651; x_wconf 68' lang='lat' dir='ltr'><strong>praeterito</strong></span> <span class='ocrx_word' id='word_1_473' title='bbox 3494 593 3719 655; x_wconf 79' lang='lat' dir='ltr'><strong>tempore.</strong></span> 
     </span>
     <span class='ocr_line' id='line_1_60' title="bbox 2178 687 3722 751; baseline 0.004 -14"><span class='ocrx_word' id='word_1_474' title='bbox 2178 689 2299 737; x_wconf 81' lang='lat' dir='ltr'>Nam</span> <span class='ocrx_word' id='word_1_475' title='bbox 2322 689 2404 751; x_wconf 89' lang='lat' dir='ltr'>qui</span> <span class='ocrx_word' id='word_1_476' title='bbox 2430 700 2675 738; x_wconf 82' lang='lat' dir='ltr'><strong>sermones</strong></span> <span class='ocrx_word' id='word_1_477' title='bbox 2692 687 2929 750; x_wconf 79' lang='lat' dir='ltr'><strong>superiori</strong></span> <span class='ocrx_word' id='word_1_478' title='bbox 2948 690 3163 750; x_wconf 87' lang='lat' dir='ltr'><strong>tempore</strong></span> <span class='ocrx_word' id='word_1_479' title='bbox 3188 689 3365 740; x_wconf 79' lang='lat' dir='ltr'><strong>fiebant</strong></span> <span class='ocrx_word' id='word_1_480' title='bbox 3394 690 3456 742; x_wconf 89' lang='lat' dir='ltr'>de</span> <span class='ocrx_word' id='word_1_481' title='bbox 3476 693 3722 743; x_wconf 80' lang='lat' dir='ltr'><strong>Timarcho</strong></span> 
     </span>
     <span class='ocr_line' id='line_1_61' title="bbox 2178 785 3720 850; baseline 0 -12"><span class='ocrx_word' id='word_1_482' title='bbox 2178 787 2377 850; x_wconf 77' lang='lat' dir='ltr'><strong>eiusque</strong></span> <span class='ocrx_word' id='word_1_483' title='bbox 2390 787 2576 850; x_wconf 84' lang='lat' dir='ltr'><strong>studiis,</strong></span> <span class='ocrx_word' id='word_1_484' title='bbox 2597 800 2655 838; x_wconf 88' lang='lat' dir='ltr'>eo</span> <span class='ocrx_word' id='word_1_485' title='bbox 2672 786 2800 850; x_wconf 85' lang='lat' dir='ltr'><strong>quod</strong></span> <span class='ocrx_word' id='word_1_486' title='bbox 2822 789 2922 836; x_wconf 83' lang='lat' dir='ltr'><strong>veri</strong></span> <span class='ocrx_word' id='word_1_487' title='bbox 2936 789 3116 847; x_wconf 74' lang='lat' dir='ltr'><strong>essent,</strong></span> <span class='ocrx_word' id='word_1_488' title='bbox 3130 785 3311 838; x_wconf 77' lang='lat' dir='ltr'><strong>fiebant</strong></span> <span class='ocrx_word' id='word_1_489' title='bbox 3331 807 3343 834; x_wconf 92' lang='lat'><em>=</em></span> <span class='ocrx_word' id='word_1_490' title='bbox 3360 788 3443 850; x_wconf 89' lang='lat' dir='ltr'>qui</span> <span class='ocrx_word' id='word_1_491' title='bbox 3458 791 3622 840; x_wconf 84' lang='lat' dir='ltr'><strong>autem</strong></span> <span class='ocrx_word' id='word_1_492' title='bbox 3643 790 3720 838; x_wconf 82' lang='lat' dir='ltr'><strong>boc</strong></span> 
     </span>
     <span class='ocr_line' id='line_1_62' title="bbox 2178 888 3723 954; baseline -0.001 -12"><span class='ocrx_word' id='word_1_493' title='bbox 2178 891 2255 942; x_wconf 88' lang='lat' dir='ltr'>die</span> <span class='ocrx_word' id='word_1_494' title='bbox 2272 891 2513 953; x_wconf 82' lang='lat' dir='ltr'><strong>dicentur,</strong></span> <span class='ocrx_word' id='word_1_495' title='bbox 2526 891 2719 954; x_wconf 85' lang='lat' dir='ltr'><strong>propter</strong></span> <span class='ocrx_word' id='word_1_496' title='bbox 2739 889 2832 940; x_wconf 87' lang='lat' dir='ltr'>boc</span> <span class='ocrx_word' id='word_1_497' title='bbox 2848 888 3120 949; x_wconf 72' lang='lat' dir='ltr'>discrimen,</span> <span class='ocrx_word' id='word_1_498' title='bbox 3140 891 3285 940; x_wconf 79' lang='lat' dir='ltr'><strong>vestri</strong></span> <span class='ocrx_word' id='word_1_499' title='bbox 3298 889 3567 953; x_wconf 84' lang='lat' dir='ltr'><strong>decipiendi</strong></span> <span class='ocrx_word' id='word_1_500' title='bbox 3584 893 3723 954; x_wconf 80' lang='lat' dir='ltr'><strong>gratia</strong></span> 
     </span>
     <span class='ocr_line' id='line_1_63' title="bbox 2178 992 3721 1056; baseline -0.001 -12"><span class='ocrx_word' id='word_1_501' title='bbox 2178 993 2313 1044; x_wconf 75' lang='lat' dir='ltr'><strong>liunt.</strong></span> <span class='ocrx_word' id='word_1_502' title='bbox 2342 993 2731 1056; x_wconf 72' lang='lat' dir='ltr'><strong>appenditeergo</strong></span> <span class='ocrx_word' id='word_1_503' title='bbox 2746 993 2985 1044; x_wconf 56' lang='lat' dir='ltr'><strong>Quum</strong></span> <span class='ocrx_word' id='word_1_504' title='bbox 3017 992 3217 1056; x_wconf 80' lang='lat' dir='ltr'>longiori</span> <span class='ocrx_word' id='word_1_505' title='bbox 3242 995 3445 1056; x_wconf 78' lang='lat' dir='ltr'><strong>tempori</strong></span> <span class='ocrx_word' id='word_1_506' title='bbox 3470 997 3525 1044; x_wconf 88' lang='lat' dir='ltr'>et</span> <span class='ocrx_word' id='word_1_507' title='bbox 3542 995 3721 1044; x_wconf 78' lang='lat' dir='ltr'><strong>veritali</strong></span> 
     </span>
     <span class='ocr_line' id='line_1_64' title="bbox 2178 1095 2771 1146; baseline -0.002 0"><span class='ocrx_word' id='word_1_508' title='bbox 2178 1098 2229 1146; x_wconf 83' lang='lat' dir='ltr'>et</span> <span class='ocrx_word' id='word_1_509' title='bbox 2252 1095 2555 1146; x_wconf 62' lang='lat' dir='ltr'><strong>conscientia</strong></span> <span class='ocrx_word' id='word_1_510' title='bbox 2580 1099 2771 1146; x_wconf 71' lang='lat' dir='ltr'><strong>vestrae.</strong></span> 
     </span>
    </p>

    <p class='ocr_par' dir='ltr' id='par_1_8' title="bbox 2172 1199 3727 5164">
     <span class='ocr_line' id='line_1_65' title="bbox 2238 1199 3720 1265; baseline 0.002 -16"><span class='ocrx_word' id='word_1_511' title='bbox 2238 1204 2316 1249; x_wconf 75' lang='lat'>94.</span> <span class='ocrx_word' id='word_1_512' title='bbox 2354 1199 2609 1249; x_wconf 73' lang='lat' dir='ltr'><strong>Enimvero</strong></span> <span class='ocrx_word' id='word_1_513' title='bbox 2630 1199 2833 1263; x_wconf 77' lang='lat' dir='ltr'>scriptor</span> <span class='ocrx_word' id='word_1_514' title='bbox 2850 1199 3046 1262; x_wconf 87' lang='lat' dir='ltr'><strong>quidam</strong></span> <span class='ocrx_word' id='word_1_515' title='bbox 3072 1200 3347 1250; x_wconf 62' lang='lat' dir='ltr'><strong>orationum</strong></span> <span class='ocrx_word' id='word_1_516' title='bbox 3360 1237 3377 1263; x_wconf 88' lang='lat'><strong>,</strong></span> <span class='ocrx_word' id='word_1_517' title='bbox 3396 1202 3483 1265; x_wconf 84' lang='lat' dir='ltr'>qui</span> <span class='ocrx_word' id='word_1_518' title='bbox 3501 1201 3720 1251; x_wconf 77' lang='lat' dir='ltr'><strong>detensio—</strong></span> 
     </span>
     <span class='ocr_line' id='line_1_66' title="bbox 2179 1295 3719 1358; baseline -0.001 -12"><span class='ocrx_word' id='word_1_519' title='bbox 2179 1309 2291 1346; x_wconf 89' lang='lat' dir='ltr'>nem</span> <span class='ocrx_word' id='word_1_520' title='bbox 2330 1296 2397 1344; x_wconf 79' lang='lat' dir='ltr'>eia</span> <span class='ocrx_word' id='word_1_521' title='bbox 2436 1296 2721 1356; x_wconf 88' lang='lat' dir='ltr'><strong>concinnat,</strong></span> <span class='ocrx_word' id='word_1_522' title='bbox 2760 1307 2839 1344; x_wconf 89' lang='lat' dir='ltr'>me</span> <span class='ocrx_word' id='word_1_523' title='bbox 2878 1295 3034 1358; x_wconf 83' lang='lat' dir='ltr'><strong>ipsum</strong></span> <span class='ocrx_word' id='word_1_524' title='bbox 3071 1308 3279 1358; x_wconf 84' lang='lat' dir='ltr'><strong>pugnare</strong></span> <span class='ocrx_word' id='word_1_525' title='bbox 3319 1309 3515 1346; x_wconf 85' lang='lat' dir='ltr'><strong>mecum</strong></span> <span class='ocrx_word' id='word_1_526' title='bbox 3548 1298 3719 1348; x_wconf 59' lang='lat' dir='ltr'><strong>mut.</strong></span> 
     </span>
     <span class='ocr_line' id='line_1_67' title="bbox 2178 1391 3723 1455; baseline 0 -13"><span class='ocrx_word' id='word_1_527' title='bbox 2178 1395 2341 1454; x_wconf 80' lang='lat' dir='ltr'>Neque</span> <span class='ocrx_word' id='word_1_528' title='bbox 2353 1391 2479 1440; x_wconf 89' lang='lat' dir='ltr'><strong>enim</strong></span> <span class='ocrx_word' id='word_1_529' title='bbox 2499 1392 2541 1441; x_wconf 89' lang='lat' dir='ltr'>ei</span> <span class='ocrx_word' id='word_1_530' title='bbox 2561 1405 2696 1454; x_wconf 85' lang='lat' dir='ltr'><strong>posse</strong></span> <span class='ocrx_word' id='word_1_531' title='bbox 2716 1391 2813 1441; x_wconf 80' lang='lat' dir='ltr'><strong>lieri</strong></span> <span class='ocrx_word' id='word_1_532' title='bbox 2832 1391 3038 1452; x_wconf 82' lang='lat' dir='ltr'><strong>videtur,</strong></span> <span class='ocrx_word' id='word_1_533' title='bbox 3058 1391 3253 1441; x_wconf 77' lang='lat' dir='ltr'><strong>utidem</strong></span> <span class='ocrx_word' id='word_1_534' title='bbox 3274 1393 3418 1442; x_wconf 88' lang='lat' dir='ltr'><strong>bomo</strong></span> <span class='ocrx_word' id='word_1_535' title='bbox 3430 1396 3482 1442; x_wconf 87' lang='lat' dir='ltr'>et</span> <span class='ocrx_word' id='word_1_536' title='bbox 3494 1397 3723 1455; x_wconf 68' lang='lat' dir='ltr'><strong>quaestum</strong></span> 
     </span>
     <span class='ocr_line' id='line_1_68' title="bbox 2177 1487 3723 1552; baseline 0 -15"><span class='ocrx_word' id='word_1_537' title='bbox 2177 1501 2377 1550; x_wconf 88' lang='lat' dir='ltr'><strong>corpore</strong></span> <span class='ocrx_word' id='word_1_538' title='bbox 2417 1488 2580 1537; x_wconf 76' lang='lat' dir='ltr'><strong>fecerit</strong></span> <span class='ocrx_word' id='word_1_539' title='bbox 2610 1491 2661 1537; x_wconf 89' lang='lat' dir='ltr'>et</span> <span class='ocrx_word' id='word_1_540' title='bbox 2682 1487 2940 1538; x_wconf 79' lang='lat' dir='ltr'>decoxerit.</span> <span class='ocrx_word' id='word_1_541' title='bbox 3007 1491 3129 1537; x_wconf 79' lang='lat' dir='ltr'>Nam</span> <span class='ocrx_word' id='word_1_542' title='bbox 3166 1491 3415 1550; x_wconf 82' lang='lat' dir='ltr'><strong>peccatum</strong></span> <span class='ocrx_word' id='word_1_543' title='bbox 3454 1489 3649 1552; x_wconf 78' lang='lat' dir='ltr'><strong>aliquod</strong></span> <span class='ocrx_word' id='word_1_544' title='bbox 3681 1490 3723 1538; x_wconf 85' lang='lat' dir='ltr'>in</span> 
     </span>
     <span class='ocr_line' id='line_1_69' title="bbox 2176 1583 3721 1646; baseline -0.001 -13"><span class='ocrx_word' id='word_1_545' title='bbox 2176 1595 2316 1633; x_wconf 86' lang='lat' dir='ltr'><strong>suum</strong></span> <span class='ocrx_word' id='word_1_546' title='bbox 2336 1595 2509 1646; x_wconf 84' lang='lat' dir='ltr'><strong>corpus</strong></span> <span class='ocrx_word' id='word_1_547' title='bbox 2526 1583 2798 1644; x_wconf 75' lang='lat' dir='ltr'><strong>admisisse,</strong></span> <span class='ocrx_word' id='word_1_548' title='bbox 2820 1583 2867 1632; x_wconf 91' lang='lat' dir='ltr'>id</span> <span class='ocrx_word' id='word_1_549' title='bbox 2885 1583 3019 1645; x_wconf 90' lang='lat' dir='ltr'><strong>pueri</strong></span> <span class='ocrx_word' id='word_1_550' title='bbox 3039 1596 3139 1632; x_wconf 82' lang='lat' dir='ltr'><strong>esse</strong></span> <span class='ocrx_word' id='word_1_551' title='bbox 3158 1584 3225 1632; x_wconf 89' lang='lat' dir='ltr'>ait</span> <span class='ocrx_word' id='word_1_552' title='bbox 3246 1601 3262 1646; x_wconf 69' lang='grc' dir='ltr'>ς</span> <span class='ocrx_word' id='word_1_553' title='bbox 3282 1585 3625 1646; x_wconf 75' lang='lat' dir='ltr'><strong>patrimonium</strong></span> <span class='ocrx_word' id='word_1_554' title='bbox 3648 1599 3721 1634; x_wconf 88' lang='lat' dir='ltr'>au·</span> 
     </span>
     <span class='ocr_line' id='line_1_70' title="bbox 2176 1679 3722 1743; baseline 0.001 -15"><span class='ocrx_word' id='word_1_555' title='bbox 2176 1682 2274 1728; x_wconf 90' lang='lat' dir='ltr'>tem</span> <span class='ocrx_word' id='word_1_556' title='bbox 2302 1693 2385 1742; x_wconf 91' lang='lat' dir='ltr'>per</span> <span class='ocrx_word' id='word_1_557' title='bbox 2402 1680 2571 1730; x_wconf 88' lang='lat' dir='ltr'><strong>luxum</strong></span> <span class='ocrx_word' id='word_1_558' title='bbox 2586 1679 2917 1742; x_wconf 79' lang='lat' dir='ltr'><strong>absumpsisse,</strong></span> <span class='ocrx_word' id='word_1_559' title='bbox 2938 1679 3043 1729; x_wconf 77' lang='lat' dir='ltr'><strong>viri.</strong></span> <span class='ocrx_word' id='word_1_560' title='bbox 3105 1682 3343 1730; x_wconf 80' lang='lat' dir='ltr'><strong>Praeterea</strong></span> <span class='ocrx_word' id='word_1_561' title='bbox 3364 1693 3448 1730; x_wconf 82' lang='lat' dir='ltr'>eos</span> <span class='ocrx_word' id='word_1_562' title='bbox 3464 1681 3550 1743; x_wconf 89' lang='lat' dir='ltr'>qui</span> <span class='ocrx_word' id='word_1_563' title='bbox 3568 1685 3722 1730; x_wconf 83' lang='lat' dir='ltr'><strong>semet·</strong></span> 
     </span>
     <span class='ocr_line' id='line_1_71' title="bbox 2176 1773 3722 1838; baseline 0 -14"><span class='ocrx_word' id='word_1_564' title='bbox 2176 1774 2303 1838; x_wconf 78' lang='lat' dir='ltr'><strong>ipsos</strong></span> <span class='ocrx_word' id='word_1_565' title='bbox 2340 1775 2527 1838; x_wconf 74' lang='lat' dir='ltr'><strong>probris</strong></span> <span class='ocrx_word' id='word_1_566' title='bbox 2569 1773 2807 1836; x_wconf 81' lang='lat' dir='ltr'><strong>afficiant,</strong></span> <span class='ocrx_word' id='word_1_567' title='bbox 2848 1774 2913 1824; x_wconf 87' lang='lat' dir='ltr'><strong>ob</strong></span> <span class='ocrx_word' id='word_1_568' title='bbox 2956 1787 3063 1826; x_wconf 80' lang='lat' dir='ltr'>eam</span> <span class='ocrx_word' id='word_1_569' title='bbox 3102 1788 3205 1826; x_wconf 86' lang='lat' dir='ltr'>rem</span> <span class='ocrx_word' id='word_1_570' title='bbox 3258 1777 3447 1838; x_wconf 75' lang='lat' dir='ltr'><strong>exigere</strong></span> <span class='ocrx_word' id='word_1_571' title='bbox 3488 1774 3722 1824; x_wconf 78' lang='lat' dir='ltr'><strong>mercedes</strong></span> 
     </span>
     <span class='ocr_line' id='line_1_72' title="bbox 2178 1868 3721 1932; baseline -0.002 -12"><span class='ocrx_word' id='word_1_572' title='bbox 2178 1872 2365 1921; x_wconf 82' lang='lat' dir='ltr'><strong>asserit.</strong></span> <span class='ocrx_word' id='word_1_573' title='bbox 2433 1868 2639 1920; x_wconf 84' lang='lat' dir='ltr'><strong>Proinde</strong></span> <span class='ocrx_word' id='word_1_574' title='bbox 2670 1869 3045 1919; x_wconf 77' lang='lat' dir='ltr'><strong>admirabundus</strong></span> <span class='ocrx_word' id='word_1_575' title='bbox 3075 1871 3246 1920; x_wconf 82' lang='lat' dir='ltr'><strong>circuit</strong></span> <span class='ocrx_word' id='word_1_576' title='bbox 3280 1871 3330 1919; x_wconf 89' lang='lat' dir='ltr'>in</span> <span class='ocrx_word' id='word_1_577' title='bbox 3362 1871 3502 1932; x_wconf 76' lang='lat' dir='ltr'><strong>foro,</strong></span> <span class='ocrx_word' id='word_1_578' title='bbox 3527 1869 3721 1932; x_wconf 77' lang='lat' dir='ltr'><strong>portenti</strong></span> 
     </span>
     <span class='ocr_line' id='line_1_73' title="bbox 2177 1964 3722 2028; baseline -0.002 -12"><span class='ocrx_word' id='word_1_579' title='bbox 2177 1980 2279 2016; x_wconf 81' lang='lat' dir='ltr'><strong>ease</strong></span> <span class='ocrx_word' id='word_1_580' title='bbox 2296 1965 2450 2016; x_wconf 83' lang='lat' dir='ltr'><strong>simile</strong></span> <span class='ocrx_word' id='word_1_581' title='bbox 2466 1964 2715 2026; x_wconf 80' lang='lat' dir='ltr'><strong>dictitans,</strong></span> <span class='ocrx_word' id='word_1_582' title='bbox 2732 1965 2774 2015; x_wconf 82' lang='grc' dir='ltr'>εἰ</span> <span class='ocrx_word' id='word_1_583' title='bbox 2793 1964 2919 2016; x_wconf 87' lang='lat' dir='ltr'><strong>idem</strong></span> <span class='ocrx_word' id='word_1_584' title='bbox 2942 1967 2993 2014; x_wconf 90' lang='lat' dir='ltr'>et</span> <span class='ocrx_word' id='word_1_585' title='bbox 3010 1971 3246 2028; x_wconf 65' lang='lat' dir='ltr'><strong>quaestum</strong></span> <span class='ocrx_word' id='word_1_586' title='bbox 3264 1977 3466 2028; x_wconf 84' lang='lat' dir='ltr'><strong>corpore</strong></span> <span class='ocrx_word' id='word_1_587' title='bbox 3484 1965 3661 2026; x_wconf 76' lang='lat' dir='ltr'><strong>fecerit,</strong></span> <span class='ocrx_word' id='word_1_588' title='bbox 3680 1969 3722 2014; x_wconf 76' lang='lat' dir='ltr'>et</span> 
     </span>
     <span class='ocr_line' id='line_1_74' title="bbox 2176 2061 3722 2124; baseline -0.001 -13"><span class='ocrx_word' id='word_1_589' title='bbox 2176 2061 2437 2111; x_wconf 76' lang='lat' dir='ltr'><strong>decoxerit.</strong></span> <span class='ocrx_word' id='word_1_590' title='bbox 2502 2063 2601 2122; x_wconf 73' lang='lat'>(95)</span> <span class='ocrx_word' id='word_1_591' title='bbox 2626 2063 2751 2118; x_wconf 73' lang='lat' dir='ltr'>Qum</span> <span class='ocrx_word' id='word_1_592' title='bbox 2770 2063 2811 2110; x_wconf 85' lang='lat' dir='ltr'><strong>sl</strong></span> <span class='ocrx_word' id='word_1_593' title='bbox 2840 2061 2949 2124; x_wconf 79' lang='lat' dir='ltr'><strong>quis</strong></span> <span class='ocrx_word' id='word_1_594' title='bbox 2982 2063 3057 2112; x_wconf 84' lang='lat' dir='ltr'>est</span> <span class='ocrx_word' id='word_1_595' title='bbox 3077 2061 3160 2123; x_wconf 89' lang='lat' dir='ltr'>qui</span> <span class='ocrx_word' id='word_1_596' title='bbox 3200 2061 3380 2110; x_wconf 74' lang='lat' dir='ltr'><strong>nesciat</strong></span> <span class='ocrx_word' id='word_1_597' title='bbox 3412 2061 3658 2122; x_wconf 86' lang='lat' dir='ltr'><strong>quomodo</strong></span> <span class='ocrx_word' id='word_1_598' title='bbox 3678 2075 3722 2109; x_wconf 80' lang='lat' dir='ltr'>se</span> 
     </span>
     <span class='ocr_line' id='line_1_75' title="bbox 2178 2155 3717 2219; baseline -0.002 -12"><span class='ocrx_word' id='word_1_599' title='bbox 2178 2157 2413 2219; x_wconf 83' lang='lat' dir='ltr'><strong>habeant,</strong></span> <span class='ocrx_word' id='word_1_600' title='bbox 2442 2171 2529 2219; x_wconf 82' lang='lat' dir='ltr'>ego</span> <span class='ocrx_word' id='word_1_601' title='bbox 2558 2156 2685 2205; x_wconf 86' lang='lat' dir='ltr'><strong>dabo</strong></span> <span class='ocrx_word' id='word_1_602' title='bbox 2714 2169 2911 2219; x_wconf 87' lang='lat' dir='ltr'><strong>operam</strong></span> <span class='ocrx_word' id='word_1_603' title='bbox 2936 2159 2990 2205; x_wconf 92' lang='lat' dir='ltr'>ut</span> <span class='ocrx_word' id='word_1_604' title='bbox 3024 2157 3183 2206; x_wconf 79' lang='lat' dir='ltr'><strong>verbis</strong></span> <span class='ocrx_word' id='word_1_605' title='bbox 3202 2171 3257 2205; x_wconf 78' lang='lat' dir='ltr'>ea</span> <span class='ocrx_word' id='word_1_606' title='bbox 3280 2155 3507 2206; x_wconf 79' lang='lat' dir='ltr'><strong>definiam</strong></span> <span class='ocrx_word' id='word_1_607' title='bbox 3526 2157 3717 2219; x_wconf 85' lang='lat' dir='ltr'><strong>planius.</strong></span> 
     </span>
     <span class='ocr_line' id='line_1_76' title="bbox 2176 2251 3719 2315; baseline -0.003 -11"><span class='ocrx_word' id='word_1_608' title='bbox 2176 2257 2297 2304; x_wconf 81' lang='lat' dir='ltr'>Nam</span> <span class='ocrx_word' id='word_1_609' title='bbox 2317 2253 2433 2302; x_wconf 89' lang='lat' dir='ltr'>dum</span> <span class='ocrx_word' id='word_1_610' title='bbox 2457 2265 2572 2315; x_wconf 88' lang='lat' dir='ltr'><strong>opes</strong></span> <span class='ocrx_word' id='word_1_611' title='bbox 2593 2253 2724 2301; x_wconf 80' lang='lat' dir='ltr'><strong>orboe</strong></span> <span class='ocrx_word' id='word_1_612' title='bbox 2740 2289 2755 2313; x_wconf 89' lang='lat'><strong>,</strong></span> <span class='ocrx_word' id='word_1_613' title='bbox 2774 2265 2925 2314; x_wconf 88' lang='lat' dir='ltr'><strong>quam</strong></span> <span class='ocrx_word' id='word_1_614' title='bbox 2948 2251 3247 2314; x_wconf 75' lang='lat' dir='ltr'><strong>Hegesander</strong></span> <span class='ocrx_word' id='word_1_615' title='bbox 3265 2253 3511 2302; x_wconf 74' lang='lat' dir='ltr'><strong>Timar-chi</strong></span> <span class='ocrx_word' id='word_1_616' title='bbox 3532 2253 3719 2302; x_wconf 82' lang='lat' dir='ltr'><strong>maritus</strong></span> 
     </span>
     <span class='ocr_line' id='line_1_77' title="bbox 2176 2347 3718 2412; baseline 0.001 -16"><span class='ocrx_word' id='word_1_617' title='bbox 2176 2347 2405 2410; x_wconf 82' lang='lat' dir='ltr'><strong>duxerat,</strong></span> <span class='ocrx_word' id='word_1_618' title='bbox 2438 2351 2659 2410; x_wconf 87' lang='lat' dir='ltr'><strong>sumptus</strong></span> <span class='ocrx_word' id='word_1_619' title='bbox 2688 2347 2895 2396; x_wconf 88' lang='lat' dir='ltr'><strong>tolerare</strong></span> <span class='ocrx_word' id='word_1_620' title='bbox 2930 2351 3149 2409; x_wconf 87' lang='lat' dir='ltr'><strong>poterant</strong></span> <span class='ocrx_word' id='word_1_621' title='bbox 3166 2385 3180 2408; x_wconf 92' lang='lat'><strong>,</strong></span> <span class='ocrx_word' id='word_1_622' title='bbox 3214 2351 3261 2397; x_wconf 92' lang='lat' dir='ltr'>et</span> <span class='ocrx_word' id='word_1_623' title='bbox 3284 2361 3341 2397; x_wconf 87' lang='lat' dir='ltr'>ea</span> <span class='ocrx_word' id='word_1_624' title='bbox 3363 2349 3569 2409; x_wconf 88' lang='lat' dir='ltr'><strong>pecunia</strong></span> <span class='ocrx_word' id='word_1_625' title='bbox 3590 2363 3718 2412; x_wconf 81' lang='lat' dir='ltr'><strong>quam</strong></span> 
     </span>
     <span class='ocr_line' id='line_1_78' title="bbox 2177 2443 3719 2506; baseline -0.001 -14"><span class='ocrx_word' id='word_1_626' title='bbox 2177 2457 2239 2492; x_wconf 71' lang='lat' dir='ltr'>ex</span> <span class='ocrx_word' id='word_1_627' title='bbox 2260 2443 2598 2494; x_wconf 81' lang='lat' dir='ltr'><strong>Timomacbea</strong></span> <span class='ocrx_word' id='word_1_628' title='bbox 2628 2443 3004 2506; x_wconf 81' lang='lat' dir='ltr'><strong>peregrinatione</strong></span> <span class='ocrx_word' id='word_1_629' title='bbox 3038 2443 3265 2492; x_wconf 71' lang='lat' dir='ltr'><strong>retulerat</strong></span> <span class='ocrx_word' id='word_1_630' title='bbox 3300 2457 3313 2490; x_wconf 90' lang='lat'>:</span> <span class='ocrx_word' id='word_1_631' title='bbox 3354 2443 3719 2494; x_wconf 79' lang='lat' dir='ltr'><strong>luxuriosissime</strong></span> 
     </span>
     <span class='ocr_line' id='line_1_79' title="bbox 2177 2538 3719 2603; baseline 0 -15"><span class='ocrx_word' id='word_1_632' title='bbox 2177 2539 2531 2602; x_wconf 80' lang='lat' dir='ltr'><strong>lautissimeque</strong></span> <span class='ocrx_word' id='word_1_633' title='bbox 2549 2539 2790 2588; x_wconf 82' lang='lat' dir='ltr'><strong>vivebant.</strong></span> <span class='ocrx_word' id='word_1_634' title='bbox 2817 2538 2912 2588; x_wconf 87' lang='lat' dir='ltr'>Sed</span> <span class='ocrx_word' id='word_1_635' title='bbox 2928 2552 3079 2602; x_wconf 87' lang='lat' dir='ltr'><strong>quum</strong></span> <span class='ocrx_word' id='word_1_636' title='bbox 3098 2543 3146 2589; x_wconf 88' lang='lat' dir='ltr'>et</span> <span class='ocrx_word' id='word_1_637' title='bbox 3163 2541 3243 2589; x_wconf 87' lang='lat' dir='ltr'><strong>illa</strong></span> <span class='ocrx_word' id='word_1_638' title='bbox 3268 2540 3533 2603; x_wconf 85' lang='lat' dir='ltr'><strong>perissent,</strong></span> <span class='ocrx_word' id='word_1_639' title='bbox 3557 2541 3654 2590; x_wconf 84' lang='lat' dir='ltr'><strong>alea</strong></span> <span class='ocrx_word' id='word_1_640' title='bbox 3678 2545 3719 2588; x_wconf 83' lang='lat' dir='ltr'>et</span> 
     </span>
     <span class='ocr_line' id='line_1_80' title="bbox 2180 2634 3721 2699; baseline 0.001 -15"><span class='ocrx_word' id='word_1_641' title='bbox 2180 2635 2391 2698; x_wconf 74' lang='lat' dir='ltr'><strong>cupediis</strong></span> <span class='ocrx_word' id='word_1_642' title='bbox 2424 2636 2681 2698; x_wconf 82' lang='lat' dir='ltr'><strong>exhausta,</strong></span> <span class='ocrx_word' id='word_1_643' title='bbox 2720 2637 2768 2684; x_wconf 90' lang='lat' dir='ltr'>et</span> <span class='ocrx_word' id='word_1_644' title='bbox 2804 2635 2893 2685; x_wconf 87' lang='lat' dir='ltr'><strong>iste</strong></span> <span class='ocrx_word' id='word_1_645' title='bbox 2918 2634 3019 2696; x_wconf 85' lang='lat' dir='ltr'>iam</span> <span class='ocrx_word' id='word_1_646' title='bbox 3050 2636 3265 2686; x_wconf 74' lang='lat' dir='ltr'><strong>exoletus</strong></span> <span class='ocrx_word' id='word_1_647' title='bbox 3307 2638 3458 2697; x_wconf 81' lang='lat' dir='ltr'><strong>esset,</strong></span> <span class='ocrx_word' id='word_1_648' title='bbox 3500 2651 3721 2699; x_wconf 84' lang='lat' dir='ltr'><strong>nemoque</strong></span> 
     </span>
     <span class='ocr_line' id='line_1_81' title="bbox 2172 2730 3717 2796; baseline 0 -16"><span class='ocrx_word' id='word_1_649' title='bbox 2172 2732 2272 2794; x_wconf 83' lang='lat' dir='ltr'>jam</span> <span class='ocrx_word' id='word_1_650' title='bbox 2286 2767 2301 2792; x_wconf 92' lang='lat'><strong>,</strong></span> <span class='ocrx_word' id='word_1_651' title='bbox 2318 2733 2375 2781; x_wconf 92' lang='lat' dir='ltr'>ut</span> <span class='ocrx_word' id='word_1_652' title='bbox 2396 2731 2497 2781; x_wconf 81' lang='lat' dir='ltr'><strong>fieri</strong></span> <span class='ocrx_word' id='word_1_653' title='bbox 2513 2732 2651 2791; x_wconf 87' lang='lat' dir='ltr'><strong>solet,</strong></span> <span class='ocrx_word' id='word_1_654' title='bbox 2670 2731 2929 2794; x_wconf 85' lang='lat' dir='ltr'><strong>quicquam</strong></span> <span class='ocrx_word' id='word_1_655' title='bbox 2946 2730 2987 2781; x_wconf 88' lang='lat' dir='ltr'>ei</span> <span class='ocrx_word' id='word_1_656' title='bbox 3008 2731 3255 2796; x_wconf 86' lang='lat' dir='ltr'><strong>largiretur</strong></span> <span class='ocrx_word' id='word_1_657' title='bbox 3271 2749 3288 2794; x_wconf 69' lang='grc' dir='ltr'>ς</span> <span class='ocrx_word' id='word_1_658' title='bbox 3308 2731 3554 2794; x_wconf 81' lang='lat' dir='ltr'><strong>ingenium</strong></span> <span class='ocrx_word' id='word_1_659' title='bbox 3570 2735 3717 2780; x_wconf 81' lang='lat' dir='ltr'><strong>autem</strong></span> 
     </span>
     <span class='ocr_line' id='line_1_82' title="bbox 2176 2826 3717 2889; baseline -0.001 -12"><span class='ocrx_word' id='word_1_660' title='bbox 2176 2826 2281 2889; x_wconf 74' lang='lat' dir='ltr'><strong>eius</strong></span> <span class='ocrx_word' id='word_1_661' title='bbox 2303 2826 2635 2888; x_wconf 84' lang='lat' dir='ltr'><strong>importunum</strong></span> <span class='ocrx_word' id='word_1_662' title='bbox 2662 2829 2711 2876; x_wconf 91' lang='lat' dir='ltr'>et</span> <span class='ocrx_word' id='word_1_663' title='bbox 2742 2827 2978 2876; x_wconf 79' lang='lat' dir='ltr'><strong>nefarium</strong></span> <span class='ocrx_word' id='word_1_664' title='bbox 3012 2827 3181 2876; x_wconf 84' lang='lat' dir='ltr'><strong>eadem</strong></span> <span class='ocrx_word' id='word_1_665' title='bbox 3208 2826 3413 2876; x_wconf 82' lang='lat' dir='ltr'><strong>subinde</strong></span> <span class='ocrx_word' id='word_1_666' title='bbox 3442 2829 3717 2889; x_wconf 77' lang='lat' dir='ltr'><strong>postularet,</strong></span> 
     </span>
     <span class='ocr_line' id='line_1_83' title="bbox 2177 2922 3719 2985; baseline -0.001 -11"><span class='ocrx_word' id='word_1_667' title='bbox 2177 2927 2226 2974; x_wconf 86' lang='lat' dir='ltr'>et</span> <span class='ocrx_word' id='word_1_668' title='bbox 2251 2935 2339 2985; x_wconf 87' lang='lat' dir='ltr'>pro</span> <span class='ocrx_word' id='word_1_669' title='bbox 2366 2923 2641 2985; x_wconf 83' lang='lat' dir='ltr'><strong>inexplebili</strong></span> <span class='ocrx_word' id='word_1_670' title='bbox 2666 2922 3043 2984; x_wconf 64' lang='lat' dir='ltr'><strong>intemperantiae</strong></span> <span class='ocrx_word' id='word_1_671' title='bbox 3070 2923 3147 2972; x_wconf 84' lang='lat' dir='ltr'><strong>siti</strong></span> <span class='ocrx_word' id='word_1_672' title='bbox 3166 2922 3299 2972; x_wconf 85' lang='lat' dir='ltr'><strong>aliud</strong></span> <span class='ocrx_word' id='word_1_673' title='bbox 3320 2927 3469 2984; x_wconf 88' lang='lat' dir='ltr'><strong>atque</strong></span> <span class='ocrx_word' id='word_1_674' title='bbox 3492 2923 3622 2973; x_wconf 88' lang='lat' dir='ltr'><strong>aliud</strong></span> <span class='ocrx_word' id='word_1_675' title='bbox 3642 2924 3719 2972; x_wconf 83' lang='lat' dir='ltr'>im-</span> 
     </span>
     <span class='ocr_line' id='line_1_84' title="bbox 2177 3017 3718 3081; baseline -0.001 -15"><span class='ocrx_word' id='word_1_676' title='bbox 2177 3021 2363 3081; x_wconf 83' lang='lat' dir='ltr'><strong>peraret</strong></span> <span class='ocrx_word' id='word_1_677' title='bbox 2377 3055 2391 3078; x_wconf 91' lang='lat'><strong>,</strong></span> <span class='ocrx_word' id='word_1_678' title='bbox 2415 3017 2545 3080; x_wconf 86' lang='lat' dir='ltr'><strong>quod</strong></span> <span class='ocrx_word' id='word_1_679' title='bbox 2569 3030 2657 3080; x_wconf 89' lang='lat' dir='ltr'>pro</span> <span class='ocrx_word' id='word_1_680' title='bbox 2680 3017 2953 3080; x_wconf 87' lang='lat' dir='ltr'><strong>quotidiana</strong></span> <span class='ocrx_word' id='word_1_681' title='bbox 2988 3017 3333 3067; x_wconf 86' lang='lat' dir='ltr'><strong>consuetudine</strong></span> <span class='ocrx_word' id='word_1_682' title='bbox 3356 3019 3683 3068; x_wconf 81' lang='lat' dir='ltr'><strong>absumeretur</strong></span> <span class='ocrx_word' id='word_1_683' title='bbox 3708 3039 3718 3066; x_wconf 88' lang='lat'><strong>:</strong></span> 
     </span>
     <span class='ocr_line' id='line_1_85' title="bbox 2178 3111 3717 3176; baseline -0.003 -12"><span class='ocrx_word' id='word_1_684' title='bbox 2178 3119 2283 3164; x_wconf 80' lang='lat' dir='ltr'>tum</span> <span class='ocrx_word' id='word_1_685' title='bbox 2294 3113 2489 3164; x_wconf 89' lang='lat' dir='ltr'><strong>demum</strong></span> <span class='ocrx_word' id='word_1_686' title='bbox 2508 3113 2570 3162; x_wconf 87' lang='lat' dir='ltr'>ad</span> <span class='ocrx_word' id='word_1_687' title='bbox 2588 3115 2808 3176; x_wconf 82' lang='lat' dir='ltr'><strong>paternas</strong></span> <span class='ocrx_word' id='word_1_688' title='bbox 2824 3113 3074 3162; x_wconf 71' lang='lat' dir='ltr'><strong>facultates</strong></span> <span class='ocrx_word' id='word_1_689' title='bbox 3091 3111 3388 3162; x_wconf 77' lang='lat' dir='ltr'><strong>devorandas</strong></span> <span class='ocrx_word' id='word_1_690' title='bbox 3404 3127 3459 3164; x_wconf 86' lang='lat' dir='ltr'>ae</span> <span class='ocrx_word' id='word_1_691' title='bbox 3480 3113 3717 3163; x_wconf 73' lang='lat' dir='ltr'><strong>mnrertit.</strong></span> 
     </span>
     <span class='ocr_line' id='line_1_86' title="bbox 2180 3206 3719 3272; baseline -0.001 -12"><span class='ocrx_word' id='word_1_692' title='bbox 2180 3211 2279 3272; x_wconf 76' lang='lat'>(90)</span> <span class='ocrx_word' id='word_1_693' title='bbox 2305 3213 2469 3272; x_wconf 80' lang='lat' dir='ltr'><strong>Neque</strong></span> <span class='ocrx_word' id='word_1_694' title='bbox 2494 3223 2609 3258; x_wconf 77' lang='lat' dir='ltr'><strong>vero</strong></span> <span class='ocrx_word' id='word_1_695' title='bbox 2622 3209 2835 3258; x_wconf 78' lang='lat' dir='ltr'><strong>vorando</strong></span> <span class='ocrx_word' id='word_1_696' title='bbox 2852 3208 3007 3258; x_wconf 83' lang='lat' dir='ltr'><strong>solum</strong></span> <span class='ocrx_word' id='word_1_697' title='bbox 3022 3207 3162 3269; x_wconf 87' lang='lat' dir='ltr'><strong>,sed,</strong></span> <span class='ocrx_word' id='word_1_698' title='bbox 3182 3209 3221 3257; x_wconf 82' lang='lat' dir='ltr'>si</span> <span class='ocrx_word' id='word_1_699' title='bbox 3244 3206 3339 3257; x_wconf 83' lang='lat' dir='ltr'><strong>dici</strong></span> <span class='ocrx_word' id='word_1_700' title='bbox 3365 3209 3433 3258; x_wconf 83' lang='lat' dir='ltr'><strong>i&#39;as</strong></span> <span class='ocrx_word' id='word_1_701' title='bbox 3456 3214 3559 3269; x_wconf 81' lang='lat' dir='ltr'><strong>est,</strong></span> <span class='ocrx_word' id='word_1_702' title='bbox 3590 3211 3719 3258; x_wconf 82' lang='lat' dir='ltr'><strong>etiam</strong></span> 
     </span>
     <span class='ocr_line' id='line_1_87' title="bbox 2180 3300 3721 3364; baseline -0.001 -14"><span class='ocrx_word' id='word_1_703' title='bbox 2180 3301 2389 3364; x_wconf 86' lang='lat' dir='ltr'><strong>potando</strong></span> <span class='ocrx_word' id='word_1_704' title='bbox 2407 3300 2642 3352; x_wconf 78' lang='lat' dir='ltr'><strong>exhausit.</strong></span> <span class='ocrx_word' id='word_1_705' title='bbox 2664 3303 2829 3364; x_wconf 83' lang='lat' dir='ltr'><strong>Neque</strong></span> <span class='ocrx_word' id='word_1_706' title='bbox 2846 3301 2973 3352; x_wconf 87' lang='lat' dir='ltr'><strong>enim</strong></span> <span class='ocrx_word' id='word_1_707' title='bbox 2988 3301 3119 3362; x_wconf 82' lang='lat' dir='ltr'><strong>justo</strong></span> <span class='ocrx_word' id='word_1_708' title='bbox 3136 3313 3380 3363; x_wconf 87' lang='lat' dir='ltr'><strong>quamque</strong></span> <span class='ocrx_word' id='word_1_709' title='bbox 3394 3303 3721 3364; x_wconf 80' lang='lat' dir='ltr'><strong>possessionem</strong></span> 
     </span>
     <span class='ocr_line' id='line_1_88' title="bbox 2178 3395 3719 3460; baseline -0.001 -15"><span class='ocrx_word' id='word_1_710' title='bbox 2178 3397 2330 3460; x_wconf 82' lang='lat' dir='ltr'><strong>pretio</strong></span> <span class='ocrx_word' id='word_1_711' title='bbox 2348 3395 2595 3458; x_wconf 79' lang='lat' dir='ltr'><strong>distraxit,</strong></span> <span class='ocrx_word' id='word_1_712' title='bbox 2617 3409 2773 3459; x_wconf 89' lang='lat' dir='ltr'><strong>neque</strong></span> <span class='ocrx_word' id='word_1_713' title='bbox 2790 3397 3101 3446; x_wconf 86' lang='lat' dir='ltr'><strong>auctionatus</strong></span> <span class='ocrx_word' id='word_1_714' title='bbox 3118 3399 3216 3457; x_wconf 60' lang='lat' dir='ltr'><strong>est,</strong></span> <span class='ocrx_word' id='word_1_715' title='bbox 3237 3399 3322 3446; x_wconf 88' lang='lat' dir='ltr'>aut</span> <span class='ocrx_word' id='word_1_716' title='bbox 3340 3398 3562 3448; x_wconf 84' lang='lat' dir='ltr'><strong>utilitatis</strong></span> <span class='ocrx_word' id='word_1_717' title='bbox 3587 3397 3719 3446; x_wconf 83' lang='lat' dir='ltr'><strong>ratio-</strong></span> 
     </span>
     <span class='ocr_line' id='line_1_89' title="bbox 2182 3491 3721 3556; baseline 0 -14"><span class='ocrx_word' id='word_1_718' title='bbox 2182 3506 2291 3542; x_wconf 89' lang='lat' dir='ltr'>nem</span> <span class='ocrx_word' id='word_1_719' title='bbox 2311 3492 2489 3542; x_wconf 89' lang='lat' dir='ltr'><strong>ducere</strong></span> <span class='ocrx_word' id='word_1_720' title='bbox 2510 3494 2691 3555; x_wconf 88' lang='lat' dir='ltr'><strong>potuit,</strong></span> <span class='ocrx_word' id='word_1_721' title='bbox 2710 3492 2795 3542; x_wconf 84' lang='lat' dir='ltr'>sed</span> <span class='ocrx_word' id='word_1_722' title='bbox 2813 3493 2933 3541; x_wconf 86' lang='lat' dir='ltr'><strong>tanti</strong></span> <span class='ocrx_word' id='word_1_723' title='bbox 2955 3491 3185 3554; x_wconf 82' lang='lat' dir='ltr'><strong>vendidit,</strong></span> <span class='ocrx_word' id='word_1_724' title='bbox 3208 3497 3441 3555; x_wconf 88' lang='lat' dir='ltr'><strong>quantum</strong></span> <span class='ocrx_word' id='word_1_725' title='bbox 3464 3495 3515 3543; x_wconf 87' lang='lat' dir='ltr'>in</span> <span class='ocrx_word' id='word_1_726' title='bbox 3532 3507 3721 3556; x_wconf 75' lang='lat' dir='ltr'><strong>praescn·</strong></span> 
     </span>
     <span class='ocr_line' id='line_1_90' title="bbox 2180 3588 3719 3652; baseline -0.001 -14"><span class='ocrx_word' id='word_1_727' title='bbox 2180 3589 2245 3639; x_wconf 86' lang='lat' dir='ltr'>tia</span> <span class='ocrx_word' id='word_1_728' title='bbox 2285 3588 2590 3639; x_wconf 76' lang='lat' dir='ltr'><strong>offerebatur.</strong></span> <span class='ocrx_word' id='word_1_729' title='bbox 2654 3590 2809 3638; x_wconf 86' lang='lat' dir='ltr'><strong>Tanto</strong></span> <span class='ocrx_word' id='word_1_730' title='bbox 2854 3590 3033 3650; x_wconf 86' lang='lat' dir='ltr'><strong>impetu</strong></span> <span class='ocrx_word' id='word_1_731' title='bbox 3067 3588 3125 3638; x_wconf 87' lang='lat' dir='ltr'>ad</span> <span class='ocrx_word' id='word_1_732' title='bbox 3169 3589 3437 3652; x_wconf 76' lang='lat' dir='ltr'><strong>voluptates</strong></span> <span class='ocrx_word' id='word_1_733' title='bbox 3478 3590 3719 3640; x_wconf 79' lang='lat' dir='ltr'><strong>ferebatur.</strong></span> 
     </span>
     <span class='ocr_line' id='line_1_91' title="bbox 2181 3683 3723 3748; baseline -0.002 -13"><span class='ocrx_word' id='word_1_734' title='bbox 2181 3685 2279 3748; x_wconf 88' lang='grc'>(97)</span> <span class='ocrx_word' id='word_1_735' title='bbox 2314 3688 2435 3734; x_wconf 78' lang='lat' dir='ltr'>Nam</span> <span class='ocrx_word' id='word_1_736' title='bbox 2468 3697 2547 3733; x_wconf 80' lang='lat' dir='ltr'>eas</span> <span class='ocrx_word' id='word_1_737' title='bbox 2586 3683 2651 3733; x_wconf 86' lang='lat' dir='ltr'><strong>illi</strong></span> <span class='ocrx_word' id='word_1_738' title='bbox 2688 3687 2821 3746; x_wconf 89' lang='lat' dir='ltr'><strong>pater</strong></span> <span class='ocrx_word' id='word_1_739' title='bbox 2852 3684 3103 3734; x_wconf 62' lang='lat' dir='ltr'><strong>facultates</strong></span> <span class='ocrx_word' id='word_1_740' title='bbox 3128 3684 3404 3746; x_wconf 86' lang='lat' dir='ltr'><strong>reliquerat,</strong></span> <span class='ocrx_word' id='word_1_741' title='bbox 3440 3685 3573 3734; x_wconf 87' lang='lat' dir='ltr'><strong>unde</strong></span> <span class='ocrx_word' id='word_1_742' title='bbox 3614 3685 3723 3734; x_wconf 81' lang='lat' dir='ltr'><strong>alius</strong></span> 
     </span>
     <span class='ocr_line' id='line_1_92' title="bbox 2180 3779 3725 3844; baseline -0.001 -14"><span class='ocrx_word' id='word_1_743' title='bbox 2180 3781 2323 3830; x_wconf 82' lang='lat' dir='ltr'><strong>etiam</strong></span> <span class='ocrx_word' id='word_1_744' title='bbox 2332 3780 2605 3842; x_wconf 69' lang='lat' dir='ltr'><strong>reipublicae</strong></span> <span class='ocrx_word' id='word_1_745' title='bbox 2614 3780 2917 3830; x_wconf 83' lang='lat' dir='ltr'><strong>contulisset:</strong></span> <span class='ocrx_word' id='word_1_746' title='bbox 2936 3793 3017 3830; x_wconf 75' lang='lat' dir='ltr'>eas</span> <span class='ocrx_word' id='word_1_747' title='bbox 3029 3793 3147 3829; x_wconf 81' lang='lat' dir='ltr'><strong>vero</strong></span> <span class='ocrx_word' id='word_1_748' title='bbox 3162 3779 3249 3830; x_wconf 84' lang='lat' dir='ltr'><strong>iste</strong></span> <span class='ocrx_word' id='word_1_749' title='bbox 3266 3793 3328 3830; x_wconf 89' lang='lat' dir='ltr'>ne</span> <span class='ocrx_word' id='word_1_750' title='bbox 3342 3793 3625 3831; x_wconf 77' lang='lat' dir='ltr'><strong>conservare</strong></span> <span class='ocrx_word' id='word_1_751' title='bbox 3636 3781 3725 3844; x_wconf 87' lang='lat' dir='ltr'><strong>qui·</strong></span> 
     </span>
     <span class='ocr_line' id='line_1_93' title="bbox 2180 3873 3721 3939; baseline -0.001 -13"><span class='ocrx_word' id='word_1_752' title='bbox 2180 3876 2288 3926; x_wconf 85' lang='lat' dir='ltr'>dem</span> <span class='ocrx_word' id='word_1_753' title='bbox 2305 3876 2479 3939; x_wconf 87' lang='lat' dir='ltr'><strong>potuit.</strong></span> <span class='ocrx_word' id='word_1_754' title='bbox 2497 3874 2731 3924; x_wconf 84' lang='lat' dir='ltr'><strong>Videlicet</strong></span> <span class='ocrx_word' id='word_1_755' title='bbox 2744 3873 2940 3924; x_wconf 80' lang='lat' dir='ltr'><strong>domum</strong></span> <span class='ocrx_word' id='word_1_756' title='bbox 2960 3887 3083 3937; x_wconf 85' lang='lat' dir='ltr'><strong>pone</strong></span> <span class='ocrx_word' id='word_1_757' title='bbox 3096 3875 3339 3937; x_wconf 84' lang='lat' dir='ltr'><strong>acropolin</strong></span> <span class='ocrx_word' id='word_1_758' title='bbox 3348 3875 3510 3938; x_wconf 80' lang='lat' dir='ltr'><strong>sitam,</strong></span> <span class='ocrx_word' id='word_1_759' title='bbox 3536 3876 3721 3926; x_wconf 74' lang='lat' dir='ltr'><strong>fundum</strong></span> 
     </span>
     <span class='ocr_line' id='line_1_94' title="bbox 2180 3971 3724 4036; baseline -0.005 -10"><span class='ocrx_word' id='word_1_760' title='bbox 2180 3973 2447 4036; x_wconf 84' lang='lat' dir='ltr'><strong>Sphettium</strong></span> <span class='ocrx_word' id='word_1_761' title='bbox 2461 4009 2476 4034; x_wconf 94' lang='lat'><strong>,</strong></span> <span class='ocrx_word' id='word_1_762' title='bbox 2510 3971 2647 4021; x_wconf 84' lang='lat' dir='ltr'><strong>aliud</strong></span> <span class='ocrx_word' id='word_1_763' title='bbox 2680 3971 2911 4033; x_wconf 82' lang='lat' dir='ltr'><strong>praedium</strong></span> <span class='ocrx_word' id='word_1_764' title='bbox 2944 3971 3234 4033; x_wconf 77' lang='lat' dir='ltr'><strong>Alopecense</strong></span> <span class='ocrx_word' id='word_1_765' title='bbox 3270 3991 3283 4019; x_wconf 71' lang='grc' dir='ltr'>ι</span> <span class='ocrx_word' id='word_1_766' title='bbox 3314 3973 3550 4034; x_wconf 75' lang='lat' dir='ltr'><strong>praeterea</strong></span> <span class='ocrx_word' id='word_1_767' title='bbox 3578 3984 3724 4022; x_wconf 71' lang='lat' dir='ltr'><strong>servos</strong></span> 
     </span>
     <span class='ocr_line' id='line_1_95' title="bbox 2182 4066 3723 4131; baseline -0.003 -11"><span class='ocrx_word' id='word_1_768' title='bbox 2182 4069 2378 4120; x_wconf 82' lang='lat' dir='ltr'><strong>sutoriae</strong></span> <span class='ocrx_word' id='word_1_769' title='bbox 2410 4067 2526 4117; x_wconf 80' lang='lat' dir='ltr'><strong>artis</strong></span> <span class='ocrx_word' id='word_1_770' title='bbox 2554 4068 2732 4130; x_wconf 78' lang='lat' dir='ltr'><strong>peritos</strong></span> <span class='ocrx_word' id='word_1_771' title='bbox 2760 4079 2937 4116; x_wconf 81' lang='lat' dir='ltr'><strong>novem</strong></span> <span class='ocrx_word' id='word_1_772' title='bbox 2971 4069 3058 4116; x_wconf 89' lang='lat' dir='ltr'>aut</span> <span class='ocrx_word' id='word_1_773' title='bbox 3078 4066 3272 4128; x_wconf 87' lang='lat' dir='ltr'><strong>decem,</strong></span> <span class='ocrx_word' id='word_1_774' title='bbox 3298 4080 3507 4129; x_wconf 85' lang='lat' dir='ltr'><strong>quorum</strong></span> <span class='ocrx_word' id='word_1_775' title='bbox 3532 4069 3723 4131; x_wconf 75' lang='lat' dir='ltr'><strong>quiaque</strong></span> 
     </span>
     <span class='ocr_line' id='line_1_96' title="bbox 2180 4161 3723 4225; baseline -0.001 -11"><span class='ocrx_word' id='word_1_776' title='bbox 2180 4165 2319 4214; x_wconf 85' lang='lat' dir='ltr'><strong>binos</strong></span> <span class='ocrx_word' id='word_1_777' title='bbox 2346 4164 2422 4214; x_wconf 78' lang='lat' dir='ltr'><strong>isti</strong></span> <span class='ocrx_word' id='word_1_778' title='bbox 2460 4163 2629 4213; x_wconf 76' lang='lat' dir='ltr'><strong>obolos</strong></span> <span class='ocrx_word' id='word_1_779' title='bbox 2651 4163 2703 4210; x_wconf 88' lang='lat' dir='ltr'>in</span> <span class='ocrx_word' id='word_1_780' title='bbox 2732 4161 2835 4212; x_wconf 81' lang='lat' dir='ltr'><strong>dies</strong></span> <span class='ocrx_word' id='word_1_781' title='bbox 2870 4161 3082 4224; x_wconf 76' lang='lat' dir='ltr'><strong>singulos</strong></span> <span class='ocrx_word' id='word_1_782' title='bbox 3111 4161 3376 4224; x_wconf 87' lang='lat' dir='ltr'><strong>pendebat,</strong></span> <span class='ocrx_word' id='word_1_783' title='bbox 3412 4163 3593 4225; x_wconf 82' lang='lat' dir='ltr'><strong>opificii</strong></span> <span class='ocrx_word' id='word_1_784' title='bbox 3622 4175 3723 4213; x_wconf 78' lang='lat' dir='ltr'><strong>vero</strong></span> 
     </span>
     <span class='ocr_line' id='line_1_97' title="bbox 2182 4261 3721 4326; baseline -0.003 -12"><span class='ocrx_word' id='word_1_785' title='bbox 2182 4265 2403 4326; x_wconf 77' lang='lat' dir='ltr'><strong>magister</strong></span> <span class='ocrx_word' id='word_1_786' title='bbox 2425 4266 2586 4313; x_wconf 82' lang='lat' dir='ltr'><strong>ternos</strong></span> <span class='ocrx_word' id='word_1_787' title='bbox 2609 4281 2619 4312; x_wconf 89' lang='lat'>=</span> <span class='ocrx_word' id='word_1_788' title='bbox 2641 4261 2702 4312; x_wconf 88' lang='lat' dir='ltr'>ad</span> <span class='ocrx_word' id='word_1_789' title='bbox 2720 4261 2825 4310; x_wconf 77' lang='lat' dir='ltr'><strong>haec</strong></span> <span class='ocrx_word' id='word_1_790' title='bbox 2848 4262 3095 4311; x_wconf 87' lang='lat' dir='ltr'><strong>mulierem</strong></span> <span class='ocrx_word' id='word_1_791' title='bbox 3116 4261 3243 4322; x_wconf 73' lang='lat' dir='ltr'><strong>byssi</strong></span> <span class='ocrx_word' id='word_1_792' title='bbox 3266 4261 3488 4311; x_wconf 74' lang='lat' dir='ltr'><strong>texendae</strong></span> <span class='ocrx_word' id='word_1_793' title='bbox 3517 4263 3721 4324; x_wconf 78' lang='lat' dir='ltr'><strong>peritam,</strong></span> 
     </span>
     <span class='ocr_line' id='line_1_98' title="bbox 2182 4359 3722 4424; baseline -0.003 -11"><span class='ocrx_word' id='word_1_794' title='bbox 2182 4367 2231 4413; x_wconf 83' lang='lat' dir='ltr'>et</span> <span class='ocrx_word' id='word_1_795' title='bbox 2257 4360 2449 4412; x_wconf 85' lang='lat' dir='ltr'><strong>subtilia</strong></span> <span class='ocrx_word' id='word_1_796' title='bbox 2484 4375 2628 4424; x_wconf 85' lang='lat' dir='ltr'><strong>opera</strong></span> <span class='ocrx_word' id='word_1_797' title='bbox 2664 4361 2713 4409; x_wconf 91' lang='lat' dir='ltr'>in</span> <span class='ocrx_word' id='word_1_798' title='bbox 2748 4360 2904 4409; x_wconf 79' lang='lat' dir='ltr'><strong>sorum</strong></span> <span class='ocrx_word' id='word_1_799' title='bbox 2939 4359 3109 4408; x_wconf 79' lang='lat' dir='ltr'><strong>asserre</strong></span> <span class='ocrx_word' id='word_1_800' title='bbox 3144 4360 3361 4421; x_wconf 88' lang='lat' dir='ltr'><strong>solitam,</strong></span> <span class='ocrx_word' id='word_1_801' title='bbox 3402 4362 3451 4409; x_wconf 90' lang='lat' dir='ltr'>et</span> <span class='ocrx_word' id='word_1_802' title='bbox 3490 4361 3722 4410; x_wconf 85' lang='lat' dir='ltr'><strong>hominem</strong></span> 
     </span>
     <span class='ocr_line' id='line_1_99' title="bbox 2183 4455 3721 4521; baseline -0.001 -15"><span class='ocrx_word' id='word_1_803' title='bbox 2183 4458 2491 4521; x_wconf 80' lang='lat' dir='ltr'><strong>phrygionem</strong></span> <span class='ocrx_word' id='word_1_804' title='bbox 2506 4493 2520 4518; x_wconf 88' lang='lat'>‚</span> <span class='ocrx_word' id='word_1_805' title='bbox 2558 4459 2607 4506; x_wconf 88' lang='lat' dir='ltr'>et</span> <span class='ocrx_word' id='word_1_806' title='bbox 2646 4469 2713 4506; x_wconf 79' lang='lat' dir='ltr'><strong>oes</strong></span> <span class='ocrx_word' id='word_1_807' title='bbox 2756 4455 2884 4518; x_wconf 91' lang='lat' dir='ltr'><strong>quod</strong></span> <span class='ocrx_word' id='word_1_808' title='bbox 2922 4455 3137 4505; x_wconf 88' lang='lat' dir='ltr'><strong>nonnulli</strong></span> <span class='ocrx_word' id='word_1_809' title='bbox 3161 4456 3204 4504; x_wconf 89' lang='lat' dir='ltr'>ei</span> <span class='ocrx_word' id='word_1_810' title='bbox 3232 4455 3499 4518; x_wconf 82' lang='lat' dir='ltr'><strong>debebant,</strong></span> <span class='ocrx_word' id='word_1_811' title='bbox 3528 4456 3721 4520; x_wconf 81' lang='lat' dir='ltr'><strong>supelle-</strong></span> 
     </span>
     <span class='ocr_line' id='line_1_100' title="bbox 2182 4551 3721 4614; baseline 0 -14"><span class='ocrx_word' id='word_1_812' title='bbox 2182 4551 2341 4601; x_wconf 81' lang='lat' dir='ltr'><strong>ctilem</strong></span> <span class='ocrx_word' id='word_1_813' title='bbox 2374 4551 2598 4614; x_wconf 88' lang='lat' dir='ltr'><strong>denique.</strong></span> <span class='ocrx_word' id='word_1_814' title='bbox 2664 4553 2763 4613; x_wconf 87' lang='grc'>(98)</span> <span class='ocrx_word' id='word_1_815' title='bbox 2788 4555 2851 4602; x_wconf 86' lang='lat' dir='ltr'><strong>Et</strong></span> <span class='ocrx_word' id='word_1_816' title='bbox 2870 4552 2975 4602; x_wconf 72' lang='lat' dir='ltr'><strong>lunc</strong></span> <span class='ocrx_word' id='word_1_817' title='bbox 2994 4553 3049 4600; x_wconf 93' lang='lat' dir='ltr'>ut</span> <span class='ocrx_word' id='word_1_818' title='bbox 3082 4564 3195 4601; x_wconf 79' lang='lat' dir='ltr'><strong>vere</strong></span> <span class='ocrx_word' id='word_1_819' title='bbox 3224 4564 3255 4602; x_wconf 86' lang='lat' dir='ltr'>a</span> <span class='ocrx_word' id='word_1_820' title='bbox 3284 4565 3361 4602; x_wconf 83' lang='lat' dir='ltr'>me</span> <span class='ocrx_word' id='word_1_821' title='bbox 3390 4551 3487 4604; x_wconf 87' lang='lat' dir='ltr'><strong>dici</strong></span> <span class='ocrx_word' id='word_1_822' title='bbox 3518 4555 3721 4610; x_wconf 84' lang='lat' dir='ltr'><strong>constet,</strong></span> 
     </span>
     <span class='ocr_line' id='line_1_101' title="bbox 2182 4637 3722 4706; baseline -0.001 -14"><span class='ocrx_word' id='word_1_823' title='bbox 2182 4656 2311 4694; x_wconf 86' lang='lat' dir='ltr'><strong>nunc</strong></span> <span class='ocrx_word' id='word_1_824' title='bbox 2336 4657 2418 4694; x_wconf 91' lang='lat' dir='ltr'>eos</span> <span class='ocrx_word' id='word_1_825' title='bbox 2442 4643 2701 4706; x_wconf 78' lang='lat' dir='ltr'><strong>producam</strong></span> <span class='ocrx_word' id='word_1_826' title='bbox 2719 4679 2734 4704; x_wconf 89' lang='lat'><strong>,</strong></span> <span class='ocrx_word' id='word_1_827' title='bbox 2759 4642 2841 4704; x_wconf 88' lang='lat' dir='ltr'>qui</span> <span class='ocrx_word' id='word_1_828' title='bbox 2878 4637 3019 4705; x_wconf 83' lang='lat' dir='ltr'><strong>plane</strong></span> <span class='ocrx_word' id='word_1_829' title='bbox 3038 4645 3185 4705; x_wconf 85' lang='lat' dir='ltr'><strong>atque</strong></span> <span class='ocrx_word' id='word_1_830' title='bbox 3220 4647 3384 4705; x_wconf 87' lang='lat' dir='ltr'><strong>aperte</strong></span> <span class='ocrx_word' id='word_1_831' title='bbox 3402 4644 3722 4694; x_wconf 83' lang='lat' dir='ltr'><strong>testificentur.</strong></span> 
     </span>
     <span class='ocr_line' id='line_1_102' title="bbox 2180 4734 3725 4798; baseline -0.003 -12"><span class='ocrx_word' id='word_1_832' title='bbox 2180 4739 2345 4798; x_wconf 79' lang='lat' dir='ltr'><strong>Neque</strong></span> <span class='ocrx_word' id='word_1_833' title='bbox 2372 4737 2500 4785; x_wconf 89' lang='lat' dir='ltr'><strong>enim</strong></span> <span class='ocrx_word' id='word_1_834' title='bbox 2520 4737 2596 4786; x_wconf 75' lang='lat' dir='ltr'>luc</span> <span class='ocrx_word' id='word_1_835' title='bbox 2614 4737 2766 4786; x_wconf 86' lang='lat' dir='ltr'><strong>uuum</strong></span> <span class='ocrx_word' id='word_1_836' title='bbox 2788 4735 3053 4797; x_wconf 88' lang='lat' dir='ltr'><strong>periculum</strong></span> <span class='ocrx_word' id='word_1_837' title='bbox 3078 4737 3163 4784; x_wconf 90' lang='lat' dir='ltr'>aut</span> <span class='ocrx_word' id='word_1_838' title='bbox 3174 4734 3411 4796; x_wconf 82' lang='lat' dir='ltr'><strong>dedecus,</strong></span> <span class='ocrx_word' id='word_1_839' title='bbox 3430 4739 3484 4784; x_wconf 89' lang='lat' dir='ltr'>ut</span> <span class='ocrx_word' id='word_1_840' title='bbox 3506 4734 3629 4794; x_wconf 86' lang='lat' dir='ltr'><strong>illic,</strong></span> <span class='ocrx_word' id='word_1_841' title='bbox 3656 4747 3725 4782; x_wconf 72' lang='lat' dir='ltr'>ve·</span> 
     </span>
     <span class='ocr_line' id='line_1_103' title="bbox 2181 4825 3725 4888; baseline -0.002 -12"><span class='ocrx_word' id='word_1_842' title='bbox 2181 4842 2289 4877; x_wconf 86' lang='lat' dir='ltr'>rum</span> <span class='ocrx_word' id='word_1_843' title='bbox 2312 4828 2637 4878; x_wconf 85' lang='lat' dir='ltr'><strong>testimonium</strong></span> <span class='ocrx_word' id='word_1_844' title='bbox 2656 4826 2922 4888; x_wconf 64' lang='lat' dir='ltr'><strong>perhibenti</strong></span> <span class='ocrx_word' id='word_1_845' title='bbox 2946 4826 3158 4876; x_wconf 84' lang='lat' dir='ltr'><strong>accedet.</strong></span> <span class='ocrx_word' id='word_1_846' title='bbox 3222 4829 3346 4876; x_wconf 78' lang='lat' dir='ltr'><strong>Nam</strong></span> <span class='ocrx_word' id='word_1_847' title='bbox 3382 4827 3590 4876; x_wconf 78' lang='lat' dir='ltr'><strong>urbanas</strong></span> <span class='ocrx_word' id='word_1_848' title='bbox 3612 4825 3725 4874; x_wconf 62' lang='lat' dir='ltr'><strong>mdes</strong></span> 
     </span>
     <span class='ocr_line' id='line_1_104' title="bbox 2182 4917 3724 4979; baseline -0.005 -9"><span class='ocrx_word' id='word_1_849' title='bbox 2182 4920 2445 4970; x_wconf 80' lang='lat' dir='ltr'><strong>Nausierati</strong></span> <span class='ocrx_word' id='word_1_850' title='bbox 2462 4919 2647 4969; x_wconf 86' lang='lat' dir='ltr'><strong>comico</strong></span> <span class='ocrx_word' id='word_1_851' title='bbox 2666 4919 2881 4968; x_wconf 80' lang='lat' dir='ltr'><strong>histrioni</strong></span> <span class='ocrx_word' id='word_1_852' title='bbox 2898 4917 3138 4978; x_wconf 73' lang='lat' dir='ltr'><strong>vendidit5</strong></span> <span class='ocrx_word' id='word_1_853' title='bbox 3154 4919 3261 4979; x_wconf 78' lang='lat' dir='ltr'><strong>post</strong></span> <span class='ocrx_word' id='word_1_854' title='bbox 3280 4919 3444 4966; x_wconf 85' lang='lat' dir='ltr'><strong>autem</strong></span> <span class='ocrx_word' id='word_1_855' title='bbox 3462 4929 3547 4966; x_wconf 79' lang='lat' dir='ltr'>eas</span> <span class='ocrx_word' id='word_1_856' title='bbox 3568 4928 3599 4965; x_wconf 89' lang='lat' dir='ltr'>a</span> <span class='ocrx_word' id='word_1_857' title='bbox 3616 4919 3724 4966; x_wconf 73' lang='lat' dir='ltr'><strong>Nau·</strong></span> 
     </span>
     <span class='ocr_line' id='line_1_105' title="bbox 2180 4989 3724 5072; baseline -0.005 -11"><span class='ocrx_word' id='word_1_858' title='bbox 2180 5012 2352 5062; x_wconf 72' lang='lat' dir='ltr'><strong>sien-ate</strong></span> <span class='ocrx_word' id='word_1_859' title='bbox 2380 5027 2439 5060; x_wconf 75' lang='lat' dir='ltr'>xx</span> <span class='ocrx_word' id='word_1_860' title='bbox 2460 5011 2601 5062; x_wconf 70' lang='lat' dir='ltr'><strong>minu</strong></span> <span class='ocrx_word' id='word_1_861' title='bbox 2629 5011 2746 5060; x_wconf 73' lang='lat' dir='ltr'><strong>emit</strong></span> <span class='ocrx_word' id='word_1_862' title='bbox 2769 5011 3065 5072; x_wconf 62' lang='lat' dir='ltr'><strong>mensuetus,</strong></span> <span class='ocrx_word' id='word_1_863' title='bbox 3092 5009 3225 5060; x_wconf 69' lang='lat' dir='ltr'><strong>chori</strong></span> <span class='ocrx_word' id='word_1_864' title='bbox 3244 4989 3502 5072; x_wconf 51' lang='lat' dir='ltr'><strong>magistu-2</strong></span> <span class='ocrx_word' id='word_1_865' title='bbox 3530 5007 3724 5058; x_wconf 75' lang='lat' dir='ltr'><strong>fundum</strong></span> 
     </span>
     <span class='ocr_line' id='line_1_106' title="bbox 2180 5099 3727 5164; baseline -0.004 -11"><span class='ocrx_word' id='word_1_866' title='bbox 2180 5105 2297 5154; x_wconf 83' lang='lat' dir='ltr'><strong>emit</strong></span> <span class='ocrx_word' id='word_1_867' title='bbox 2322 5105 2385 5154; x_wconf 87' lang='lat' dir='ltr'>ab</span> <span class='ocrx_word' id='word_1_868' title='bbox 2414 5117 2471 5153; x_wconf 80' lang='lat' dir='ltr'>eo</span> <span class='ocrx_word' id='word_1_869' title='bbox 2494 5103 2786 5154; x_wconf 80' lang='lat' dir='ltr'><strong>Mnesitheus</strong></span> <span class='ocrx_word' id='word_1_870' title='bbox 2808 5101 3181 5164; x_wconf 76' lang='lat' dir='ltr'><strong>Myrrhinuaiua,</strong></span> <span class='ocrx_word' id='word_1_871' title='bbox 3211 5101 3425 5163; x_wconf 86' lang='lat' dir='ltr'><strong>amplum</strong></span> <span class='ocrx_word' id='word_1_872' title='bbox 3439 5101 3594 5150; x_wconf 86' lang='lat' dir='ltr'><strong>-illum</strong></span> <span class='ocrx_word' id='word_1_873' title='bbox 3626 5099 3727 5161; x_wconf 80' lang='lat' dir='ltr'><strong>qui·</strong></span> 
     </span>
    </p>
   </div>
   <div class='ocr_carea' id='block_1_7' title="bbox 2180 5191 3806 5258">
    <p class='ocr_par' dir='ltr' id='par_1_9' title="bbox 2180 5191 3806 5258">
     <span class='ocr_line' id='line_1_107' title="bbox 2180 5191 3806 5258; baseline -0.006 -14"><span class='ocrx_word' id='word_1_874' title='bbox 2180 5196 2291 5244; x_wconf 88' lang='lat' dir='ltr'>dem</span> <span class='ocrx_word' id='word_1_875' title='bbox 2308 5231 2321 5258; x_wconf 91' lang='lat'><strong>,</strong></span> <span class='ocrx_word' id='word_1_876' title='bbox 2344 5195 2426 5244; x_wconf 80' lang='lat' dir='ltr'>sed</span> <span class='ocrx_word' id='word_1_877' title='bbox 2450 5195 2585 5243; x_wconf 87' lang='lat' dir='ltr'><strong>istius</strong></span> <span class='ocrx_word' id='word_1_878' title='bbox 2602 5196 2955 5257; x_wconf 80' lang='lat' dir='ltr'><strong>culpaprorsus</strong></span> <span class='ocrx_word' id='word_1_879' title='bbox 2973 5193 3162 5242; x_wconf 84' lang='lat' dir='ltr'><strong>tribulis</strong></span> <span class='ocrx_word' id='word_1_880' title='bbox 3182 5193 3233 5242; x_wconf 86' lang='lat' dir='ltr'>et</span> <span class='ocrx_word' id='word_1_881' title='bbox 3254 5191 3467 5242; x_wconf 79' lang='lat' dir='ltr'><strong>sentibus</strong></span> <span class='ocrx_word' id='word_1_882' title='bbox 3482 5191 3691 5240; x_wconf 63' lang='lat' dir='ltr'><strong>omitum</strong></span> <span class='ocrx_word' id='word_1_883' title='bbox 3716 5207 3723 5232; x_wconf 78' lang='lat' dir='ltr'>r</span> <span class='ocrx_word' id='word_1_884' title='bbox 3805 5199 3806 5202; x_wconf 44' lang='lat'>¹</span> 
     </span>
    </p>
   </div>
  </div>
 </body>
</html>
