3825 5834
536 481 644 532 10⁴
1441 463 1809 524 ΑΙΣΧΙΝΟΥ
1852 464 1901 520 Ο
1953 458 2156 520 ΚΑΤΑ
2206 456 2760 523 ΚΤΗΣΙΦΩΝἸῸΣ
3420 463 3664 538 (ιιι-ιιι)

470 591 477 594 ’
528 599 621 672 τὴν
665 596 928 658 πολιτείαν
972 593 1096 654 ὥστ’
1143 593 1361 672 ἀκύρους
1402 591 1591 670 νόμους
1642 595 1695 650 ἐν
1738 596 1843 656 τοῖς
1884 589 2077 667 κυρίοις

528 686 916 764 ἀναγεγράφθαι
953 682 1043 740 καὶ
1076 681 1166 740 δύο
1188 680 1311 760 περὶ
1336 689 1459 757 μιᾶς
1484 679 1719 760 πράξεως
1748 676 2079 741 ὑπεναντίους

527 775 787 846 ἀλλήλοις,
812 771 860 830 τί
880 770 941 828 ἂν
966 770 1043 828 ἔτι
1064 769 1259 840 ταύτην
1284 768 1418 826 εἴποι
1438 791 1513 836 τις
1531 759 1663 825 εἶναι
1680 766 1775 835 τὴν
1796 765 2078 835 πολιτείαν,

462 887 487 923 s
530 863 581 918 ἐν
636 852 668 936 ᾖ
716 857 881 916 ταύτὰ
922 855 1331 934 προστάττουσιν
1378 856 1425 912 οἱ
1464 853 1613 928 νόμοι
1656 860 1821 910 ποιεῖν
1866 850 1957 908 καὶ
2005 849 2076 926 μὴ

528 955 726 1022 ποιεῖν;
779 943 869 1023 (38)
912 943 1052 1002 Ἀλλ’
1090 945 1183 1001 οὒκ
1213 940 1324 1020 ἔχει
1361 942 1506 999 ταῦθ’
1548 937 1732 1005 οὕτως·
1765 939 1891 1016 μήθ’
1933 941 2078 1004 ὑμεῖς

525 1057 651 1094 ποτε
676 1036 745 1100 εἷς
765 1029 1023 1103 τοσαύτην
1052 1029 1266 1096 ἀταξίαν
1286 1032 1388 1086 τῶν
1412 1028 1582 1105 νόμων
1604 1025 1892 1106 προὸαίητε
1912 1069 1930 1098 ,
1962 1022 2076 1082 οὔτε

526 1123 791 1198 ἠμέληται
812 1119 1051 1198 περὶτῶν
1073 1114 1315 1176 τοιούτων
1334 1119 1409 1195 τῷ
1429 1113 1677 1192 νομοθέτῃ
1705 1117 1777 1194 τῷ
1802 1110 1896 1183 τὴν
1923 1114 2079 1187 δημο·

525 1207 743 1287 κρατίαν
770 1202 1189 1274 καταστήσαντι,
1218 1199 1355 1262 ἀλλὰ
1381 1199 1663 1280 διαρρήδην
1686 1199 2071 1280 προστέτακται

526 1299 631 1360 τοῖς
662 1293 992 1369 θεσμοθέταις
1016 1291 1135 1348 καθ’
1156 1288 1371 1348 ἕκαστον
1401 1287 1634 1348 ἂνιαυτὸν
1661 1289 1890 1366 διορθοῦν
1922 1288 1976 1344 ἐν
2003 1289 2076 1363 τῷ

528 1381 683 1460 δήμῳ
701 1379 818 1445 τοὺς
840 1378 1060 1454 νόμους,
1080 1375 1307 1455 ἀκριὸῶς
1327 1375 1664 1443 ἐξετάσαντας
1692 1375 1781 1433 καὶ
1804 1373 2078 1454 σκεψαμέ-

526 1491 642 1534 νους
678 1467 724 1524 εἴ
754 1488 829 1531 τις
862 1462 1253 1540 ἀναγέγραπται
1289 1463 1440 1538 νόμος
1475 1461 1701 1528 ἐναντίος
1734 1460 1897 1541 ἑτέρῳ
1934 1460 2078 1540 νόμῳ

454 1577 502 1612 ιο
528 1553 562 1625 ἢ
589 1553 775 1632 ἄκυρος
800 1554 856 1609 ἐν
882 1559 987 1616 τοῖς
1023 1550 1244 1630 κυρίοις,
1283 1548 1317 1620 ἢ
1350 1549 1399 1608 εἴ
1432 1552 1531 1608 πού
1568 1552 1668 1608 εἰσι
1696 1549 1843 1626 νόμοι
1873 1547 2080 1614 πλείους

529 1641 637 1707 ἑνὸς
665 1637 1112 1719 ἀναγεγραμμένοι
1135 1637 1254 1718 περὶ
1272 1637 1495 1708 ἑκάστης
1516 1637 1767 1717 πράξεως·
1794 1639 1882 1714 (39)
1907 1635 2005 1694 κᾶν
2029 1659 2080 1694 τι

528 1733 755 1786 τοιοῦτον
774 1727 1099 1805 εὑρίσκωσιν,
1125 1725 1547 1806 ἀναγεγραφότας
1573 1727 1627 1783 ἐν
1656 1725 1858 1784 σανίσιν
1881 1722 2077 1783 ἐκτιθέ-

528 1839 613 1874 ναι
637 1812 833 1872 κελεύει
860 1813 1082 1892 πρόσθεν
1110 1817 1211 1872 τῶν
1234 1811 1547 1889 ἐπωνύμων,
1572 1811 1688 1880 τοὺς
1720 1811 1774 1870 δὲ
1804 1811 2080 1892 πρυτάνεις

527 1905 690 1962 ποιεῖν
718 1903 995 1974 ἐκκλησίαν
1030 1900 1414 1980 ἐπιγράψαντας
1440 1899 1759 1977 νομοθέταις,
1784 1899 1869 1958 τὸν
1898 1899 1946 1958 δ’
1965 1901 2078 1956 ἐπι-

529 1989 723 2062 στάτην
746 1993 848 2048 τῶν
878 1988 1138 2068 προέδρων
1167 1986 1573 2067 διαχειροτονίαν
1598 1988 1792 2046 διδόναι
1812 1990 1887 2068 τῷ
1906 1985 2076 2068 δήμῳ,

530 2077 621 2138 καὶ
649 2075 767 2143 τοὺς
800 2075 896 2152 μὲν
923 2079 1152 2154 ἀναιρεῖν
1177 2079 1279 2135 τῶν
1306 2075 1477 2152 νόμων
1500 2076 1617 2141 τοὺς
1645 2074 1698 2134 δὲ
1722 2073 2074 2146 καταλείπειν,

528 2165 665 2230 ὅπως
688 2162 751 2222 ἂν
778 2154 847 2230 εἷς
874 2155 907 2242 ᾗ
930 2161 1082 2238 νόμος
1101 2161 1189 2221 καὶ
1214 2162 1289 2239 μὴ
1312 2161 1517 2230 πλείους
1543 2163 1661 2242 περὶ
1693 2161 1914 2231 ἑκάστης
1935 2161 2077 2241 πρά-

449 2260 500 2300 15
527 2251 669 2320 ξεως.
717 2250 828 2312 Καί
848 2274 935 2326 μοι
963 2250 1079 2327 λέγε
1100 2248 1215 2316 τοὺς
1242 2250 1445 2327 νόμους.

1176 2398 1409 2444 ΝΟΜΟΙ.

607 2534 679 2573 40.
716 2515 780 2571 Εἰ
798 2513 985 2584 τοίνυν,
1006 2501 1051 2570 ὦ
1072 2511 1347 2584 Ἀθηναῖοι,
1366 2511 1562 2584 ἀληθὴς
1586 2502 1648 2582 ἦν
1670 2515 1698 2570 ὁ
1718 2509 1865 2590 παρὰ
1886 2510 2078 2570 τούτων

527 2601 675 2678 λόγος
704 2599 795 2658 καὶ
821 2591 955 2670 ἦσαν
986 2599 1075 2658 δύο
1107 2598 1334 2676 κείμενοι
1356 2597 1503 2674 νόμοι
1530 2598 1651 2677 περὶ
1679 2602 1779 2656 τῶν
1804 2599 2076 2675 κηρυγμά·

527 2711 651 2760 των,
679 2686 730 2755 ἐξ
752 2687 976 2763 ἀνάγκης
1006 2676 1217 2764 (οἶμαι)
1236 2689 1339 2744 τῶν
1367 2685 1461 2761 μὲν
1485 2689 1804 2762 θεσμοθετῶν
1844 2677 2074 2765 ἐξευρόν-

530 2799 658 2849 των,
678 2778 779 2834 τῶν
798 2772 853 2832 δὲ
874 2771 1485 2852 πρυτάνεωψάποδόντων
1496 2775 1601 2839 τοῖς
1616 2773 1927 2848 νομοθέταις,
1953 2774 2080 2852 ἀνῄ-

529 2865 645 2942 ρητ’
671 2861 732 2919 ἂν
753 2865 780 2918 ὁ
808 2859 975 2938 ἕτερος
997 2863 1100 2934 τῶν
1132 2857 1327 2935 νόμων,
1351 2859 1465 2930 ἤτοι
1494 2863 1522 2918 ὁ
1543 2858 1635 2928 τὴν
1661 2859 1890 2926 ἐξουσίαν
1923 2861 2078 2918 δεδω-

530 2949 631 3014 κὼς
654 2951 877 3008 ἀνειπεῖν
917 2945 953 3018 ἢ
982 2950 1011 3005 δ
1034 2947 1371 3026 ἀπαγορεύων
1387 2971 1400 2983 ·
1431 2947 1583 3004 ὁπότε
1613 2946 1667 3004 δὲ
1700 2945 1861 3022 μηδὲν
1885 2949 2079 3006 τούτων

448 3055 505 3093 ου
528 3035 831 3112 γεγένηται,
876 3036 1107 3113 φανερῶς
1160 3031 1227 3104 δή
1272 3055 1373 3092 που
1422 3031 1777 3110 ἐξελέγχονται
1824 3037 1880 3092 οὗ
1927 3034 2078 3110 μόνον

530 3123 695 3201 ψευδῆ
724 3121 956 3199 λέγοντες
979 3118 1113 3178 ἀλλὰ
1142 3117 1233 3178 καὶ
1267 3121 1534 3184 παντελῶς
1568 3117 1799 3178 ἀδύνατα
1822 3121 2076 3198 γενέσθαι.

533 3211 625 3283 (ιι)
656 3206 819 3267 “Οθεν
862 3207 914 3265 δὲ
956 3205 1021 3277 δὴ
1061 3206 1121 3264 τὸ
1162 3207 1345 3285 ψεῦδος
1380 3210 1531 3265 τοῦτο
1580 3204 1929 3286 ἐπιφέρουσιν,
1975 3207 2079 3285 ἐγὼ

529 3294 718 3362 διδάξω
741 3298 899 3370 ὑμᾶς,
930 3290 1189 3372 προειπὼν
1222 3283 1293 3350 ὧν
1316 3291 1467 3352 ἕνεκα
1498 3295 1545 3350 οἳ
1572 3292 1721 3368 νόμοι
1745 3293 1994 3364 ἐτέθησαν
2031 3298 2078 3353 οἱ

528 3381 648 3462 περὶ
670 3385 773 3439 τῶν
798 3383 850 3438 ἐν
882 3383 957 3460 τῷ
982 3379 1181 3458 θεάτρῳ
1202 3379 1573 3459 κηρυγμάτων.
1662 3379 1955 3454 Γινομένων
1977 3379 2078 3461 γὰρ

528 3472 631 3526 τῶν
658 3470 711 3526 ἐν
732 3467 879 3528 ἄστει
904 3469 1183 3548 τραγῳδῶν
1217 3466 1561 3548 ἀνεκήρυττόν
1584 3489 1717 3532 τινες
1733 3510 1749 3537 ,
1779 3469 1837 3526 οὐ
1864 3468 2078 3528 πείσαν-

528 3578 611 3623 τες
632 3557 718 3615 τὸν
748 3558 934 3633 δῆμον,
962 3558 1010 3613 οἱ
1040 3554 1134 3632 μὲν
1171 3553 1251 3614 ὅτι
1275 3560 1647 3634 στεφανοῦνται
1670 3553 1771 3612 ὑπὸ
1802 3559 1904 3612 τῶν
1925 3559 2073 3635 φυλε-

528 3647 653 3718 τῶν,
692 3643 855 3723 ἕτεροι
886 3644 932 3702 δ’
966 3643 1064 3700 ὑπὸ
1092 3646 1195 3700 τῶν
1229 3644 1494 3719 δημοτῶν·
1526 3641 1675 3700 ἄλλοι
1702 3642 1757 3700 δέ
1782 3665 1911 3709 τινες
1951 3647 2077 3702 ὑπο·

446 3748 499 3786 us
527 3730 868 3810 κηρυξάμενοι
886 3730 1002 3796 τοὺς
1024 3727 1194 3787 αὑτῶν
1218 3729 1419 3795 οἰκέτας
1443 3728 1661 3809 ἀφίεσαν
1690 3729 2077 3810 ἀπελευθέρους,

530 3817 796 3895 μάρτυρας
821 3819 914 3887 τῆς
942 3815 1307 3896 ἀπελευθερίας
1334 3815 1451 3881 τοὺς
1468 3815 1733 3889 εΈλληνας
1755 3816 2075 3894 ποιούμενοι.

533 3902 626 3981 (⁴2)
654 3901 733 3962 Ὃ
748 3904 792 3960 δ’
816 3895 878 3975 ἦν
901 3903 1335 3982 ἐπιφθονώτατον,
1357 3902 1621 3982 προξενίας
1649 3902 1779 3970 τινὲς
1806 3905 2078 3985 εὑρημένοι

530 3992 582 4046 ἒν
616 3996 730 4054 ταῖς
768 3987 864 4057 ἔξω
916 3991 1099 4048 πόλεσι
1134 3989 1501 4071 διεπράττοντο
1547 3991 1948 4069 ἀναγορεύεσθαι
2000 3993 2078 4050 ὅτι

528 4083 770 4154 στεφανοῖ
793 4073 975 4142 αὖτοὺς
993 4080 1021 4135 ὁ
1040 4077 1227 4152 δῆμος,
1247 4078 1292 4133 εἰ
1318 4074 1453 4135 οὕτω
1480 4075 1630 4155 τύχοι
1646 4121 1663 4153 ,
1689 4081 1716 4134 ὁ
1733 4081 1835 4135 τῶν
1860 4077 2077 4137 Ῥοδίων

530 4160 564 4232 ἢ
596 4161 747 4220 Χίων
775 4160 810 4233 ἢ
839 4163 929 4220 καὶ
970 4163 1135 4234 ἄλλης
1163 4163 1297 4230 τινὸς
1334 4164 1531 4230 πόλεως
1574 4165 1758 4242 ἀρετῆς
1796 4164 1947 4223 ἕνεκα
1987 4168 2079 4224 καὶ

528 4249 894 4329 ἀνδραγαθίας.
924 4249 1029 4310 Καὶ
1046 4253 1195 4308 ταῦτ’
1215 4250 1465 4331 ἔπραττον
1485 4253 1586 4329 οὐχ
1608 4249 1785 4331 ὥσπερ
1804 4255 1851 4310 οἳ
1870 4253 1972 4312 ὑπὸ
1985 4259 2079 4323 τῆς

450 4350 505 4390 ³⁰
533 4338 721 4415 βουλῆς
740 4340 835 4408 τῆς
862 4338 1115 4416 ,ὑμετέρας
1149 4337 1555 4418 στεφανούμενοι
1578 4336 1613 4408 ἢ
1640 4338 1741 4396 ὑπὸ
1762 4344 1851 4396 τοῦ
1876 4338 2044 4416 δήμου
2059 4384 2075 4412 ,

526 4423 797 4490 πείσαντες
836 4427 971 4499 ὑμᾶς
1010 4423 1099 4482 καὶ
1133 4423 1266 4499 μετὰ
1305 4426 1666 4504 ψηφίσματος,
1696 4425 1893 4496 πολλὴν
1923 4427 2076 4507 χάριν

526 4509 890 4584 καταθέμενοι,
934 4512 1051 4568 ἀλλ’
1090 4511 1237 4569 αὐτοὶ
1278 4511 1617 4590 προελόμενοι
1656 4511 1779 4570 ἄνευ
1822 4513 2078 4591 δόγματος

527 4597 799 4677 ὑμετέρου.
846 4598 933 4674 (43)
959 4597 1059 4659 Ἐκ
1074 4599 1127 4656 δὲ
1150 4598 1329 4657 τούτου
1352 4605 1441 4658 τοῦ
1462 4599 1653 4678 τρόπου
1678 4599 1944 4659 συνέὸαινε
1963 4601 2077 4669 τοὺς

528 4685 622 4760 μὲν
646 4685 832 4753 θεατὰς
862 4685 952 4743 καὶ
986 4684 1101 4752 τοὺς
1120 4685 1374 4765 χορηγοὺς
1395 4687 1484 4745 καὶ
1506 4687 1625 4753 τοὺς
1653 4687 1942 4764 ἀγωνιστὰς
1968 4692 2076 4750 ε’νο-

526 4773 764 4849 χλεῖσθαι
778 4817 796 4847 ,
843 4772 960 4839 τοὺς
999 4773 1054 4832 δὲ
1101 4773 1613 4852 ἀνακηρυττομένους
1658 4777 1711 4832 ἐν
1751 4779 1827 4856 τῷ
1877 4777 2076 4858 θεάτρῳ

530 4858 727 4928 μείζοσι
753 4867 1005 4936 τιμᾶσθαι
1039 4864 1143 4919 τῶν
1177 4861 1277 4918 ὑπὸ
1303 4865 1392 4919 τοῦ
1426 4861 1595 4936 δήμου
1626 4863 2068 4942 στεφανουμένων.

528 4947 651 5013 Τοῖς
670 4947 765 5022 μὲν
780 4947 879 5028 γὰρ
904 4948 1235 5008 ἀπεδέδεικτο
1260 4947 1414 5015 τόπος
1436 4953 1469 5019 ἡ
1496 4948 1747 5020 ἐκκλησία
1763 4995 1781 5025 ,
1808 4943 1915 5030 ἕνῇ
1941 4973 1980 5030 χ
1983 4957 2074 5028 ρ’ἧν

451 5051 507 5093 8ο
535 5039 933 5114 στεφανοῦσθαι,
970 5035 1061 5094 καὶ
1101 5037 1349 5117 ἀπείρητο
1386 5037 1565 5096 ἄλλοθι
1602 5038 1846 5114 μηδαμοῦ
1884 5041 2073 5120 κηρύτ-

508 5123 707 5179 ’τεσθαι
728 5165 744 5192 ,
792 5124 838 5180 οἱ
888 5119 943 5179 δὲ
994 5124 1363 5202 ἀνηγορεύοντο
1418 5123 1635 5184 ἐνώπιον
1680 5124 1926 5183 ἁπάντων
1969 5131 2072 5186 τῶν

498 5207 827 5278 ῑἜλλήνωΨ
844 5209 1081 5268 κάκεῖνοι
1110 5209 1203 5286 μὲν
1232 5209 1365 5287 μετὰ
1405 5212 1766 5292 ψηφίσματος,
1800 5214 2072 5282 πείσαντες

2167 596 2296 642 ratas
2306 593 2401 644 siut
2419 593 2748 655 miscriptaeaet
2761 594 2888 644 binae
2905 593 2966 642 de
2979 593 3148 644 eadem
3159 607 3211 644 re
3229 595 3351 644 inter
3365 609 3416 644 se
3433 598 3674 658 pugnantes,

2167 697 2356 760 qualem
2375 696 2569 746 tandem
2587 709 2696 746 enm
2719 697 2848 746 dicat
2861 697 3034 759 aliquis
3053 711 3154 746 esse
3171 698 3524 760 rempublicam,
3539 699 3580 746 in
3600 711 3675 760 qua

2167 800 2292 862 leges
2313 800 2480 850 eadem
2505 800 2662 850 facere
2680 801 2729 849 et
2751 813 2845 848 non
2867 799 3023 849 facere
3040 800 3271 860 iubeant?
3296 803 3398 863 (38)
3431 805 3592 850 Verum
3609 804 3679 851 isla

2169 917 2262 953 non
2291 905 2358 952 lta
2375 916 2427 952 se
2449 903 2657 963 habent;
2680 907 2730 952 et
2751 903 2874 953 absit
2894 907 2946 954 ut
2972 919 3056 954 vos
3074 918 3288 968 unquam
3311 905 3372 955 ad
3394 906 3532 955 talem
3550 907 3678 968 legum

2167 1007 2494 1058 confusionem
2516 1006 2849 1070 molebamini,
2869 1021 3024 1070 neque
3048 1005 3154 1058 haec
3175 1011 3334 1059 sunta
3353 1010 3600 1072 legislatore
3614 1009 3682 1073 qui

2167 1112 2396 1176 populare
2426 1112 2682 1174 imperium
2709 1111 2960 1163 constituit
2990 1114 3234 1177 neglecta,
3267 1116 3386 1178 quin
3417 1115 3578 1166 diserte
3607 1116 3682 1164 im-

2168 1221 2386 1282 peratum
2412 1219 2487 1268 est
2503 1217 2837 1268 thesmothetis
2855 1220 2914 1267 nt
2929 1217 3056 1280 leges
3071 1221 3330 1281 quotannis
3345 1222 3398 1270 in
3413 1222 3579 1284 populo
3595 1235 3681 1270 cor-

2171 1323 2345 1384 rigant,
2361 1335 2513 1386 quum
2527 1321 2775 1385 diligenter
2795 1323 3144 1384 inquisiverunt,
3164 1325 3212 1374 et
3231 1324 3539 1386 considert,
3549 1327 3684 1374 utrum

2167 1427 2244 1476 lex
2269 1427 2404 1476 alteri
2430 1426 2520 1488 legi
2541 1426 2779 1476 contraria
2796 1426 3034 1488 obtineat,
3051 1429 3136 1476 aut
3157 1425 3292 1476 irrita
3313 1427 3439 1477 inter
3459 1431 3576 1477 ratas
3591 1466 3602 1489 ,
3618 1432 3686 1476 aut

2169 1530 2323 1579 sicubi
2377 1529 2486 1592 plus
2539 1542 2684 1592 qnam
2728 1541 2826 1578 una
2873 1529 2936 1578 sit
2959 1529 3020 1578 de
3067 1530 3281 1590 qualibet
3316 1544 3370 1580 re
3414 1531 3646 1592 perscripta
3673 1546 3684 1577 :

2170 1633 2268 1695 (39)
2293 1632 2466 1695 quodsi
2491 1632 2606 1696 quid
2643 1632 2916 1696 hujusmodi
2951 1633 3368 1696 deprehenderint,
3393 1634 3526 1696 jubet
3549 1648 3619 1684 eas
3647 1635 3686 1682 in
3768 1689 3769 1702 ἶ

2167 1737 2345 1787 tabulis
2365 1736 2624 1800 descriptas
2637 1751 2726 1800 pro
2739 1737 2905 1787 decem
2925 1738 3124 1787 heroum
3139 1740 3312 1788 statuis
3327 1741 3543 1802 proponi,
3557 1745 3688 1802 ιιι-για·
3768 1707 3769 1716 ¹

2167 1856 2252 1893 noe
2263 1855 2380 1892 vero
2393 1843 2671 1891 concionem
2685 1842 2879 1904 babere,
2897 1845 3236 1905 programmati
3251 1857 3338 1893 suo
3351 1846 3540 1895 titulum
3553 1857 3688 1894 nomo·

2171 1948 2315 1996 thetis
2337 1947 2673 2008 inscribentes,
2701 1949 2804 1996 tum
2829 1946 3084 2009 praesidum
3119 1950 3400 2010 praefectum
3426 1951 3635 2013 populum
3650 1953 3690 1998 in

2165 2051 2392 2112 suffragia
2409 2051 2599 2099 mittere
2612 2087 2626 2113 ,
2648 2053 2697 2100 et
2716 2051 2840 2111 leges
2859 2051 2976 2099 alias
2999 2051 3227 2112 abrogare
3243 2089 3258 2114 ,
3279 2053 3402 2102 alias
3425 2055 3630 2112 retinere,
3645 2057 3692 2102 ut

2171 2165 2269 2202 una
2297 2154 2358 2202 sit
2382 2153 2458 2202 lex
2473 2190 2489 2215 ,
2523 2166 2619 2201 non
2653 2153 2836 2216 plures,
2869 2152 2929 2202 de
2963 2166 3254 2219 unaquaque
3277 2169 3345 2204 re.
3414 2157 3569 2206 Recita
3595 2157 3690 2206 mibi

2168 2257 2310 2318 leges.

2843 2393 2956 2436 LEG
2965 2395 3052 2436 Rs.

2231 2515 2306 2561 40.
2331 2512 2382 2561 Sl
2397 2511 2540 2574 igilur
2567 2524 2680 2560 vera
2692 2513 2880 2573 essent,
2906 2513 3242 2575 Athenienses,
3263 2527 3378 2577 quan
3400 2516 3462 2565 ab
3479 2517 3532 2565 iis
3549 2516 3690 2564 dicun-

2169 2600 2269 2659 tur,
2288 2597 2496 2661 ‹luoeque
2507 2598 2568 2648 de
2585 2599 2832 2659 proeconiis
2853 2598 2979 2660 leges
2995 2600 3314 2668 exstitissent,
3335 2601 3499 2662 aliter,
3526 2603 3694 2664 opinor,

2171 2685 2271 2734 fieri
2295 2699 2392 2734 non
2423 2685 2679 2747 potuisset,
2701 2685 2818 2747 quin
2846 2699 2876 2734 a
2905 2686 3240 2737 thaemothetis
3276 2687 3580 2750 deprebensae
3601 2689 3694 2738 luis·

2172 2775 2278 2821 sent
2291 2807 2306 2832 ,
2321 2774 2372 2820 et
2387 2785 2418 2822 a
2435 2772 2716 2834 prytanibus
2737 2773 3128 2823 nomothetarum
3151 2773 3332 2836 jndicio
3351 2777 3540 2825 traditae
3555 2813 3568 2836 ,
3585 2781 3626 2824 et
3637 2776 3692 2823 sic

2170 2860 2322 2910 altera
2353 2874 2416 2909 ex
2450 2859 2636 2920 legibus
2652 2857 2902 2910 tolleretur
2915 2896 2931 2922 ,
2961 2861 3038 2910 vel
3063 2875 3120 2910 ea
3141 2873 3254 2924 quoe
3289 2865 3579 2924 praeconium
3613 2864 3695 2911 lieri

2169 2951 2306 2996 extra
2333 2947 2610 2996 concionem
2637 2948 2960 3010 permitteret,
2987 2948 3060 2998 vel
3081 2961 3138 2998 ea
3162 2963 3274 3011 qum
3295 2953 3500 3002 vetaret.
3559 2955 3696 3007 Quum

2173 3037 2336 3084 autem
2359 3034 2478 3083 nihil
2511 3033 2608 3083 tale
2635 3035 2818 3084 fectum
2841 3035 2930 3096 sit,
2954 3039 3118 3098 aperte
3142 3037 3371 3086 nimirum
3407 3041 3612 3098 constat,
3633 3049 3701 3086 eos

2169 3135 2266 3170 non
2291 3123 2482 3170 tantum
2509 3133 2620 3182 qnae
2645 3133 2756 3170 vera
2781 3134 2876 3170 non
2903 3121 3000 3171 sint
3021 3123 3289 3185 affirmare,
3319 3125 3408 3174 sed
3447 3127 3582 3176 etiem
3609 3137 3698 3185 qus:

2169 3221 2230 3256 ne
2261 3207 2365 3257 fleri
2404 3206 2599 3268 quidem
2641 3207 2738 3257 ullo
2777 3207 2922 3257 modo
2966 3210 3164 3271 possint.
3233 3213 3331 3273 (41)
3373 3215 3556 3262 Verum
3597 3209 3702 3260 unde

2171 3295 2263 3344 hoc
2293 3295 2594 3344 mendacium
2629 3297 2872 3356 eruerint,
2905 3311 2992 3357 ego
3014 3311 3102 3346 vos
3137 3297 3347 3358 docebo,
3373 3301 3414 3349 si
3451 3303 3578 3363 prius
3603 3312 3703 3359 quas

2169 3383 2233 3432 ob
2255 3395 2418 3432 sarisas
2445 3383 2570 3446 leges
2597 3383 2659 3432 de
2685 3383 2938 3446 preconiis
2959 3385 3275 3436 theatralibus
3300 3386 3417 3437 latoe
3443 3389 3542 3438 sint
3569 3401 3698 3449 expo-

2168 3483 2324 3520 suero.
2391 3474 2554 3528 Quum
2581 3470 2682 3519 ludi
2717 3471 2885 3533 tragici
2923 3471 3092 3521 urbani
3125 3471 3324 3534 tierent,
3349 3475 3462 3536 alii,
3487 3489 3538 3525 re
3570 3489 3598 3524 a
3629 3487 3697 3535 po-

2169 3559 2284 3621 pulo
2321 3571 2416 3606 non
2453 3559 2736 3620 impetrata,
2777 3558 3138 3620 praedicendum
3156 3561 3414 3620 <cumbam
3453 3577 3506 3612 se
3549 3573 3700 3612 corona

2169 3645 2335 3695 donari
2365 3659 2394 3694 a
2411 3645 2668 3696 tribulibus
2682 3681 2699 3706 ,
2725 3646 2812 3696 ulii
2831 3660 2861 3696 a
2883 3646 3195 3708 popularibus
3210 3684 3226 3709 ,
3257 3651 3480 3700 nonnulli
3495 3651 3633 3700 etiam
3649 3651 3702 3697 si-

2169 3733 2316 3783 lentio
2341 3746 2424 3795 per
2450 3746 2718 3796 proeconem
2743 3735 2870 3784 laeto
2889 3747 3055 3788 servos
3076 3748 3191 3785 suos
3207 3736 3433 3788 libertate
3463 3739 3703 3794 donabant,

2170 3823 2462 3883 Graecosque
2479 3821 2864 3872 manumissionis
2883 3823 3014 3872 illius
3037 3826 3180 3874 testes
3197 3825 3496 3876 adhibebant
3515 3841 3528 3870 z
3549 3829 3638 3887 (42)
3667 3829 3710 3872 et

2168 3908 2296 3971 quod
2317 3909 2534 3958 omnium
2557 3911 2662 3958 erat
2689 3909 3107 3960 invidiosissimum
3121 3949 3136 3974 ‚
3160 3912 3357 3973 quidam
3377 3915 3512 3976 apud
3541 3917 3709 3964 exteras

2169 3996 2387 4046 civitates
2410 3997 2614 4059 hospitia
2637 3998 2882 4047 consecuti
2909 3999 3210 4060 perfecerunt
3231 4002 3286 4048 ut
3307 4002 3606 4062 praeconium
3635 4001 3710 4049 lie-

2171 4089 2269 4144 ret,
2295 4097 2348 4132 se
2377 4097 2408 4133 a
2433 4083 2612 4146 populo
2629 4121 2642 4144 ,
2668 4087 2782 4147 puta
2821 4085 3018 4136 sortasse
3050 4085 3236 4135 Rhodio
3260 4087 3335 4137 vel
3370 4089 3495 4139 Chio
3524 4089 3598 4138 vel
3629 4087 3710 4136 alio

2167 4183 2502 4234 quocumque,
2531 4173 2726 4222 virtutis
2755 4185 2867 4235 ergo
2893 4177 2942 4222 et
2966 4173 3288 4236 fortitudinis,
3319 4189 3508 4226 corona
3543 4174 3709 4226 donari.

2169 4265 2324 4322 Atque
2351 4261 2456 4310 haec
2477 4274 2574 4310 non
2599 4261 2666 4310 ita
2687 4260 2891 4323 agebant
2907 4298 2922 4323 ‚
2947 4262 3191 4323 quomodo
3213 4263 3248 4312 ii
3273 4263 3358 4325 qui
3383 4279 3415 4314 a
3438 4267 3609 4314 senatu
3633 4277 3708 4311 re·

2165 4351 2266 4398 stro
2280 4349 2355 4398 vel
2372 4360 2403 4397 a
2420 4349 2597 4410 populo
2620 4351 2912 4398 coronantur
2924 4383 2940 4410 ,
2963 4361 3016 4398 re
3046 4362 3075 4399 a
3095 4350 3234 4399 vobis
3252 4351 3514 4414 impetrata
3543 4354 3590 4401 et
3613 4363 3712 4400 cum

2166 4435 2438 4496 plebiscito,
2473 4438 2726 4498 postquam
2763 4449 2981 4498 magnam
3004 4451 3034 4486 a
3063 4437 3200 4488 vobis
3233 4439 3462 4490 iniverint
3499 4440 3712 4501 gratiam,

2167 4522 2250 4571 sed
2275 4523 2364 4584 ipsi
2395 4523 2482 4572 sibi
2506 4523 2741 4572 honorem
2775 4523 3098 4586 praeripientes
3126 4524 3308 4587 absque
3327 4525 3526 4576 decreto
3549 4529 3713 4575 vestro.

2167 4609 2266 4668 (43)
2298 4613 2364 4658 En
2387 4623 2530 4674 porro
2577 4609 2762 4660 ratione
2793 4610 2946 4660 ,flebat
2961 4648 2976 4672 ,
3001 4615 3058 4661 ut
3087 4615 3382 4674 spectatores
3417 4617 3472 4663 et
3505 4613 3714 4662 ludorum

2165 4697 2380 4759 praefeeti
2425 4698 2475 4746 et
2518 4697 2771 4746 histriones
2809 4697 3247 4746 intel-turbarentur
3261 4733 3278 4758 ,
3327 4698 3416 4760 qui
3465 4702 3628 4751 sutem
3671 4697 3712 4744 in

2166 4785 2356 4833 theatro
2373 4783 2759 4846 praedicabantur
2781 4783 3010 4845 majorem
3035 4783 3266 4834 bonorem
3285 4789 3714 4848 consequerentur,

2165 4884 2311 4933 qnam
2335 4870 2559 4932 liquibus
2583 4882 2812 4920 coronam
2829 4871 3028 4921 donavit
3045 4872 3263 4934 populus.
3329 4873 3416 4923 uis
3439 4875 3573 4923 enim
3596 4872 3716 4921 locus

2165 4959 2270 5008 erat
2285 4961 2446 5008 certus
2465 4959 2783 5021 constitutus,
2814 4959 2982 5008 concio
3015 4959 3224 5021 scilicet,
3249 4960 3300 5009 in
3323 4974 3424 5023 qua
3457 4962 3620 5011 essent
3637 4973 3714 5008 co·

2165 5046 2384 5106 ronandi,
2404 5049 2550 5108 atque
2571 5045 2880 5096 interdictum
2913 5050 3016 5097 erat
3031 5061 3093 5097 ne
3112 5049 3296 5110 uspiam
3314 5049 3426 5100 alibi
3453 5049 3714 5112 proclama-

2166 5138 2357 5196 rentur;
2377 5134 2438 5184 de
2459 5135 2552 5184 illis
2581 5149 2696 5184 vero
2721 5147 2884 5184 coram
2909 5135 3142 5186 universis
3161 5135 3342 5185 Groecis
3364 5137 3470 5192 erat
3490 5135 3712 5200 proedica-

2164 5229 2266 5275 tum
2300 5239 2310 5268 :
2343 5240 2398 5274 ar.
2429 5222 2696 5284 {liquidem
2719 5235 2830 5272 cum
2863 5221 3082 5282 decreto,
3101 5223 3238 5273 vobis
3263 5223 3621 5284 annuentibus,
3655 5221 3715 5269 illi
