3825 5834
195 511 330 584 ‹ns-
355 507 444 582 ns)

193 629 368 698 ταύτην
385 625 512 692 τινὲς
532 624 898 691 διαὸάλλοντες
919 623 1186 704 συμφορὰν
1214 628 1320 690 τοῖς
1348 622 1528 702 ἔχουσι
1550 646 1716 682 κατα-

193 715 474 788 στήσωσιν,
499 713 558 771 οὖ
580 711 752 772 ταύτὰ
771 715 914 790 κοινῇ
940 711 1246 792 ψηφιεῖσθαί
1265 734 1420 790 φησιν
1456 713 1596 788 ὑμᾶς
1629 710 1719 769 καὶ

129 803 288 883 ιῃίδία
309 800 558 880 εὔχεσθαι.
643 801 762 878 (134)
799 797 1020 858 Ἄτοπον
1050 799 1152 880 γὰρ
1181 789 1310 858 εἶναι
1351 800 1518 857 δοκεῖν
1545 800 1716 878 αὓτῷ,

193 893 233 947 εἷ
249 887 356 955 τοὺς
379 885 472 965 μὲν
495 887 626 960 υἱεῖς
649 884 768 953 τοὺς
786 885 1006 961 μηδέπω
1026 885 1296 964 γεγονότας
1323 883 1546 951 ἅπαντες
1571 883 1717 964 εὔχε·

191 983 268 1034 σθε
289 979 334 1034 οἱ
361 975 629 1052 μέλλοντες
667 975 1081 1032 παιδοποιεῖσθαι
1113 971 1304 1040 καλοὺς
1337 971 1596 1051 κάγαθοὺς
1629 973 1722 1040 τὰς

193 1063 316 1129 ἰδέας
339 1069 488 1142 φῦναι
511 1061 606 1120 καὶ
626 1065 720 1130 τῆς
734 1059 932 1127 πόλεως
959 1057 1126 1128 ἀξίους
1145 1103 1164 1138 ,
1186 1058 1304 1127 τοὺς
1321 1059 1367 1118 δ’
1386 1059 1488 1132 ἤδη
1513 1059 1722 1138 γεγονό·

191 1171 298 1220 τας,
321 1148 396 1228 ἐφ’
412 1139 486 1213 οἷς
511 1146 768 1227 προσήκει
790 1144 1130 1223 σεμνύνεσθαι
1149 1145 1245 1218 τὴν
1269 1145 1418 1204 πόλιν
1433 1191 1450 1218 ,
1479 1145 1567 1204 ἐὰν
1591 1147 1724 1204 κάλ-

190 1239 262 1294 λει
284 1238 367 1294 καὶ
393 1234 504 1316 ὥρα
531 1233 873 1312 διενεγκόντες
893 1232 1190 1304 ἐκπλήξωσί
1212 1257 1354 1299 τινας
1383 1234 1474 1292 καὶ
1497 1233 1721 1316 περιμά-

141 1349 162 1384 s
189 1345 321 1402 χητοι
339 1321 388 1390 ἐξ
412 1321 602 1399 ἔρωτος
619 1319 891 1396 γένωνται,
920 1319 1157 1390 τούτους,
1187 1323 1258 1386 ὣς
1279 1319 1468 1392 ἔοικεν,
1497 1319 1720 1398 Αἰσχίνῃ

189 1409 454 1475 πεισθέντες
479 1406 794 1486 ἀτιμώσετε.
880 1408 1002 1486 (ωε)
1025 1409 1306 1466 Κάνταῦθα
1327 1407 1390 1478 δή
1419 1429 1534 1465 τινα
1555 1429 1718 1464 κατα·

197 1496 404 1575 δρομῆν,
424 1499 494 1562 ὣς
513 1495 692 1554 ἀκούω
706 1539 722 1571 ,
746 1492 926 1571 μέλλει
943 1497 1202 1554 ποιεῖσθαι
1219 1493 1338 1573 περὶ
1361 1497 1514 1572 ἐμοῦ,
1533 1495 1724 1572 ἐπερω-

191 1587 284 1640 τῶν
307 1586 352 1642 εἰ
391 1585 482 1640 οὔκ
513 1580 839 1660 αἰσχύνομαι
869 1581 1020 1648 αὐτὸς
1049 1579 1144 1656 μὲν
1180 1583 1234 1640 ἐν
1277 1584 1387 1647 τοῖς
1421 1581 1722 1660 γυμνασίοις

190 1669 392 1751 ὀχληρὸς
408 1667 480 1727 ὧν
505 1668 602 1728 καὶ
620 1668 879 1728 πλείστων
905 1667 1128 1748 ἐραστὴς
1162 1667 1406 1747 γεγονώς,
1423 1669 1484 1727 τὸ
1506 1667 1560 1728 δὲ
1579 1675 1722 1748 πρᾶ-

188 1779 286 1832 γμα
312 1759 380 1823 εἰς
393 1757 588 1823 ὄνειδος
613 1755 704 1815 καὶ
725 1753 982 1821 κινδύνους
1001 1754 1264 1823 καθιστάς.
1348 1754 1458 1815 Καὶ
1477 1753 1536 1814 τὸ
1553 1755 1722 1812 τελευ·

189 1846 346 1916 ταῖον,
371 1847 438 1910 ὡς
466 1841 860 1922 ἀπαγγέλλουσί
888 1841 1017 1910 τινές
1045 1866 1165 1919 μοι,
1186 1845 1254 1908 εἰς
1281 1841 1484 1919 γέλωτα
1511 1841 1600 1900 καὶ
1627 1841 1722 1910 λῆ·

191 1930 266 2006 ρόν
293 1953 402 1988 τινα
439 1927 858 2012 προτρεπόμενος
885 1931 1052 2006 ὑμᾶς,
1077 1927 1414 1996 ἐπιδείξεσθαί
1438 1927 1540 2004 μού
1566 1949 1720 2006 φησιν

126 2040 165 2079 ιο
190 2015 273 2072 ὅσα
294 2015 552 2088 πεποίηκα
589 2013 814 2096 ἐρωτικὰ
843 2014 912 2081 εἷς
943 2037 1085 2080 τινας
1109 2015 1406 2090 ποιήματα,
1434 2015 1524 2072 καὶ
1554 2015 1722 2071 λοιδο-

191 2106 296 2180 ριῶν
315 2103 402 2161 καὶ
422 2105 644 2181 πληγῶν
673 2126 826 2161 τινων
851 2104 910 2160 ἐκ
927 2107 1016 2160 τοῦ
1039 2101 1343 2181 πράγματος
1357 2146 1372 2174 ,
1401 2100 1458 2159 αἳ
1475 2125 1539 2159 πε
1548 2099 1597 2180 pl
1626 2100 1718 2176 ἐμὲ

187 2191 487 2265 γεγένηνται,
513 2190 810 2270 μαρτυρίας
830 2189 956 2269 φησὶ
996 2187 1330 2266 παρέξεσθαι.
1415 2189 1533 2264 (136)
1569 2185 1718 2264 Ἐγὼ

190 2275 236 2332 δὲ
259 2275 366 2334 οὔτε
392 2276 562 2356 ἔρωτα
595 2276 794 2335 δίκαιον
817 2274 992 2355 ψέγω,
1029 2273 1146 2333 οὔτε
1183 2275 1302 2341 τοὺς
1327 2277 1508 2332 κάλλει
1535 2274 1718 2353 διαφέ-

192 2363 350 2439 ροντάς
377 2385 509 2442 φημι
529 2368 916 2443 πεπορνεῦσθαι
935 2405 953 2434 ,
983 2359 1092 2420 οὔτ’
1119 2361 1272 2427 αὐτὸς
1307 2360 1616 2442 ἐξαρνοῦμαι
1644 2360 1720 2436 μὴ

189 2449 238 2506 οὗ
259 2449 506 2527 γεγονέναι
534 2447 786 2529 ἐρωτικὸς
813 2447 904 2505 καὶ
929 2445 1008 2504 ἔτι
1027 2447 1118 2506 καὶ
1145 2451 1234 2505 νῦν
1257 2437 1388 2504 εἶναι
1405 2491 1424 2524 ,
1453 2447 1546 2512 τάς
1571 2469 1628 2504 τε
1659 2449 1720 2505 ἐκ

189 2539 266 2592 τοῦ
292 2537 596 2614 πράγματος
623 2535 892 2614 γινομένας
920 2533 1046 2613 πρὸς
1070 2533 1268 2614 ἑτέρους
1295 2533 1602 2614 φιλονεικίας
1629 2535 1720 2592 καὶ

131 2631 170 2670 ¹⁵
191 2621 345 2700 μάχας
362 2625 450 2682 οὐκ
475 2625 738 2704 ἀρνοῦμαι
761 2619 836 2698 μὴ
864 2619 981 2698 οὐχὶ
1008 2619 1399 2697 συμὸεὸηκέναι
1434 2644 1543 2697 μοι.
1589 2619 1721 2700 Περὶ

191 2707 236 2764 δὲ
259 2712 350 2765 τῶν
371 2708 684 2784 ποιημάτων
707 2697 780 2765 ὧν
805 2729 958 2787 φασιν
983 2698 1121 2766 οὗτοί
1147 2729 1216 2784 με
1255 2705 1626 2780 πεποιηκέναι,
1655 2706 1720 2765 τὰ

191 2792 270 2867 μὲν
291 2797 518 2872 ὁμολογῶ
533 2841 556 2872 ,
585 2793 656 2852 τὰ
695 2793 750 2852 δὲ
795 2793 1104 2874 ἐξαρνοῦμαι
1141 2792 1214 2870 μὴ
1251 2799 1428 2852 τοῦτον
1456 2793 1592 2874 ἔχειν
1635 2793 1722 2852 τὸν

189 2881 354 2960 τρόπον
371 2883 424 2941 ὃν
443 2875 588 2941 οὗτοι
615 2881 988 2961 διαφθείροντες
1009 2879 1334 2960 παρέξονται.
1424 2882 1541 2958 (137)
1569 2880 1724 2961 Ὁρί-

189 2971 325 3042 ζομαι
353 2969 395 3026 δΙ
436 2960 570 3029 εἶναι
604 2969 665 3026 τὸ
693 2967 786 3044 μὲν
813 2971 938 3047 ἐρᾶν
975 2970 1077 3024 τῶν
1105 2969 1280 3025 καλῶν
1315 2965 1406 3025 καὶ
1446 2968 1722 3048 σωφρόνων

187 3057 524 3136 φιλανθρώπου
541 3056 710 3122 πάθος
737 3055 825 3112 καὶ
846 3051 1160 3133 εὐγνώμονος
1186 3057 1358 3136 ψυχῆς
1375 3098 1390 3126 ,
1418 3053 1476 3110 τὸ
1499 3053 1554 3112 δὲ
1577 3056 1726 3112 ἀσελ-

189 3141 360 3216 γαίνειν
390 3141 638 3222 ἀργυρίου
669 3141 786 3199 τινὰ
815 3140 1152 3218 μισθούμενον
1180 3140 1426 3221 ὓὸριστοῦ
1449 3139 1540 3198 καὶ
1572 3143 1728 3198 ἀπαι-

189 3229 348 3288 δεύτου
378 3231 556 3311 ἀνδρὸς
585 3228 738 3308 ἔργον
765 3220 900 3286 εἶναι
941 3231 1188 3305 ἡγοῦμαι·
1227 3229 1318 3288 καὶ
1357 3227 1416 3288 τὸ
1447 3227 1540 3306 μὲν
1569 3229 1724 3286 ἀδια-

127 3315 364 3396 ωφθόρως
403 3319 626 3396 ἐρᾶσθαι
670 3315 806 3394 φημὶ
839 3315 1003 3372 καλὸν
1045 3305 1204 3387 εἶναι,
1245 3315 1306 3373 τὸ
1345 3316 1392 3373 δ’
1439 3313 1724 3393 ἐπαρθέντα

191 3407 342 3484 μισθῷ
361 3407 746 3484 πεπορνεῦσθαι
769 3401 1004 3480 αἰσχρόν.
1087 3399 1258 3462 Ὅσον
1281 3403 1325 3459 δ’
1347 3400 1586 3480 ἑκάτερον
1609 3401 1724 3460 τού·

189 3511 278 3545 των
304 3493 391 3547 ἀπ’
423 3490 672 3561 ἀλλήλων
707 3489 946 3558 διέστηκε
989 3489 1080 3548 καὶ
1107 3493 1176 3556 ὥς
1209 3487 1344 3548 πολὺ
1382 3488 1641 3570 διαφέρει,
1672 3491 1726 3546 ἐν

191 3577 284 3642 τοῖς
307 3575 477 3656 ἐφεξῆς
503 3581 648 3655 ὑμᾶς
669 3573 986 3654 πειράσομαι
1005 3574 1172 3653 λόγοις
1199 3574 1476 3634 διδάσκειν.
1508 3577 1624 3654 (138)
1654 3578 1724 3635 Oi

192 3661 278 3741 γᾶρ
291 3663 503 3743 πατέρες
521 3665 677 3740 ἡμῶν
699 3660 774 3719 ὅθ’
794 3659 924 3740 ὑπὲρ
945 3663 1047 3720 τῶν
1073 3659 1496 3736 ἐπιτηδευμάτων
1511 3661 1601 3719 καὶ
1621 3665 1724 3720 τῶν

194 3750 242 3806 ἐκ
263 3747 452 3828 φύσεως
482 3747 788 3825 ἀναγκαίων
814 3752 990 3807 κακῶν
1017 3748 1108 3806 καὶ
1137 3750 1343 3827 ἀγαθῶν
1373 3747 1724 3826 ἐνομοθέτουν,

194 3831 334 3901 troi<
370 3837 650 3915 ἐλευθέροις
697 3839 918 3912 ἡγοῦντο
950 3825 1080 3894 εἶναι
1107 3834 1374 3915 πρακτέα,
1415 3840 1582 3894 ταῦτα
1621 3843 1728 3900 τοῖς

193 3919 365 3989 δούλοις
383 3925 608 3982 ἀπεῖπον
633 3922 712 3998 μὴ
737 3930 924 3982 ποιεῖν.
1015 3950 1040 3974 ιι
1063 3923 1262 3982 Δοῦλον
1287 3950 1308 3972 ι-
1337 3922 1492 4002 φησὶν
1521 3925 1548 3979 ὁ
1570 3922 1726 3999 νόμος

131 4025 172 4062 25
195 4031 212 4053 ·
227 4005 291 4081 μὴ
299 4011 642 4086 γυμνάζεσθαι
655 4011 790 4086 μηδὲ
807 4009 1130 4090 ξηραλοιφεῖν
1143 4008 1621 4088 ἐνταῖςπαλαίστρα
1629 4033 1685 4075 ις.
1699 4035 1724 4060 ν

193 4093 270 4150 καὶ
310 4095 477 4154 οὐκέτι
504 4095 842 4176 προσέγραψε
875 4123 900 4148 ιι
943 4096 1032 4154 τὸν
1067 4097 1110 4154 δ’
1139 4097 1399 4176 ἐλεύθερον
1427 4097 1725 4176 ἀλείφεσθαι

193 4182 270 4236 καὶ
300 4183 666 4258 γυμνάζεσθαι.
697 4209 724 4235 ¹·
752 4183 952 4244 Ὁπότε
977 4183 1078 4262 γὰρ
1100 4185 1149 4242 οἳ
1169 4186 1444 4260 νομοθέται
1469 4183 1528 4241 τὸ
1565 4183 1724 4242 καλὸν

193 4265 242 4322 τὺ
259 4270 312 4325 ἐκ
325 4274 422 4328 τῶν
433 4271 742 4350 γυμνασίων
759 4270 1050 4338 κατιδόντες
1070 4271 1289 4329 ἀπεῖπον
1305 4273 1410 4337 τοῖς
1431 4271 1624 4336 δούλοις
1647 4270 1721 4347 μὴ

193 4355 402 4432 μετέχειν
416 4401 435 4433 ,
477 4355 650 4438 τούτῳ
677 4359 816 4436 αὐτῷ
852 4362 1070 4436 ἡγοῦντο
1087 4402 1106 4434 ,
1134 4347 1180 4437 ᾧ
1207 4357 1426 4422 ἐκείνους
1463 4355 1692 4415 ἐκώλυον
1707 4401 1722 4430 ,

193 4439 294 4508 τοὺς
311 4444 598 4524 ἐλευθέρους
620 4444 929 4524 προτρέπειν
949 4446 1036 4504 ἐπὶ
1063 4445 1129 4505 τὰ
1147 4444 1430 4522 γυμνάσια.
1461 4446 1576 4522 (139)
1607 4446 1724 4505 Πά-

195 4527 262 4584 λιν
287 4531 312 4586 δ
337 4529 482 4598 αὐτὸς
509 4523 660 4597 οὗτος
700 4521 814 4590 εἶπε
852 4531 1130 4608 νομοθέτης
1163 4559 1188 4584 α
1236 4533 1416 4590 δοῦλον
1459 4531 1724 4612 ἐλευθέρου

139 4626 180 4664 :io
199 4616 355 4681 παιδὸς
377 4617 496 4693 μήτ’
530 4621 656 4697 ἐρᾶν
691 4617 815 4694 μήτ’
837 4621 1202 4677 ἐπακολουθεῖν
1223 4661 1239 4690 ,
1267 4615 1304 4688 ἢ
1333 4617 1616 4676 τύπτεσθαι
1657 4621 1722 4696 τῇ

201 4701 396 4784 δημοσία
438 4705 658 4782 μάστιγι
685 4705 1004 4777 πεντήκοντα
1047 4706 1274 4784 πληγάς.
1307 4734 1332 4758 ¹·
1371 4705 1514 4765 Ἀλλ’
1537 4707 1597 4764 οὗ
1635 4705 1722 4764 τὸν

201 4789 430 4870 ἐλεύθερον
461 4793 724 4851 ἐκώλυσεν
749 4795 872 4874 ἐρᾶν
905 4794 994 4853 καὶ
1017 4798 1216 4872 ὁμιλεῖν
1261 4792 1352 4852 καὶ
1391 4795 1686 4851 ἀκολουθεῖν
1703 4838 1722 4870 ,

204 4877 300 4934 οὐδὲ
340 4879 538 4957 βλάὸην
561 4883 642 4960 τῷ
669 4881 850 4952 παιδί,
894 4881 1030 4940 ἀλλὰ
1067 4880 1354 4962 μαρτυρίαν
1394 4879 1725 4959 σωφροσύνης

205 4962 408 5034 ἡγήσατο
431 4967 760 5043 συμόαίνειν.
844 4967 1056 5044 Ἀκύρου
1085 4970 1130 5026 δ’
1165 4957 1314 5044 οἶμαι
1354 4967 1444 5024 καὶ
1472 4966 1723 5025 ἀδυνάτου

205 5047 270 5104 ἔτι
291 5051 420 5120 ὄντος
445 5057 620 5136 κρῖναι
644 5053 730 5112 τὸν
753 5053 912 5120 ὄντως
940 5053 1114 5113 εὔνουν
1136 5054 1226 5112 καὶ
1256 5053 1332 5131 μή
1353 5099 1369 5130 ,
1407 5051 1494 5110 τὸν
1526 5055 1722 5133 ἐρῶντα

207 5141 470 5216 σωξρονίζει
485 5187 504 5217 ‚
527 5141 622 5199 καὶ
645 5141 760 5208 τοὺς
786 5145 879 5212 τ’ῆς
907 5140 1076 5222 φιλίας
1097 5141 1274 5218 λόγους
1297 5143 1366 5207 εἷς
1388 5139 1481 5211 τὴν
1511 5145 1720 5221 φρονοῦ-

209 5243 288 5278 σαν
319 5225 400 5283 καὶ
427 5227 784 5308 πρεσδυτέραν
807 5229 1013 5300 ἡλικίαν
1037 5228 1404 5288 ἀναὸάλλεται·
1442 5226 1502 5287 τὸ
1523 5229 1570 5286 δ’
1593 5231 1720 5288 ἐπα·

1059 503 1430 566 AEscfflNts
1469 504 1592 564 ΟΒ.
1635 502 1943 564 CONTRA
1984 501 2471 562 TlMAchUM.
3280 517 3355 568 ⁵³

1810 633 2117 692 quorundam
2136 633 2346 683 effecerit
2357 668 2372 693 ‚
2396 633 2451 682 ut
2464 631 2675 694 corporis
2691 630 2841 681 decor
2853 631 3091 695 aliquibus
3107 633 3363 685 calamitati

1809 723 1899 786 sit,
1937 737 2035 774 non
2068 739 2126 776 ea
2160 739 2243 776 vos
2284 726 2475 789 publice
2499 727 2775 778 decreturos
2809 727 2964 790 dicet,
2998 742 3109 792 quoe
3140 731 3365 793 privatim

1809 829 2059 892 exoptetis.
2125 830 2257 894 (13⁴)
2276 830 2545 881 absurdum
2569 831 2697 882 enim
2722 831 2873 882 videri
2888 832 3005 894 sibi,
3028 847 3181 895 quum
3198 849 3367 887 omnes

1810 939 1898 976 vos
1920 927 2081 978 liberis
2096 939 2293 990 operam
2310 927 2471 976 daturi
2490 931 2604 978 vota
2628 927 2811 980 faciat‘n
2826 965 2841 990 ,
2860 933 2915 980 ut
2928 929 3013 980 tilii
3030 931 3245 982 nondum
3264 933 3365 982 nati

1809 1026 1964 1076 forma
1984 1029 2293 1090 prestantes,
2324 1030 2375 1078 et
2396 1028 2591 1078 civitate
2619 1029 2749 1092 <ligni
2770 1029 2979 1080 evadant
3002 1049 3015 1080 :
3039 1043 3123 1080 eos
3153 1033 3237 1094 qui
3264 1033 3365 1094 jam

1809 1127 1910 1176 nati
1926 1129 2040 1176 sunt
2054 1163 2069 1188 ,
2088 1139 2213 1188 quos
2226 1125 2573 1190 rempublicam
2589 1127 2723 1178 laudi
2738 1128 2829 1178 sibi
2844 1129 3023 1180 ducere
3038 1131 3309 1194 mnteniat,
3324 1134 3365 1181 si

1811 1227 1977 1276 forme
2004 1225 2235 1288 elegantia
2256 1227 2567 1290 praestantes,
2602 1227 2788 1290 aliquos
2816 1228 2869 1278 in
2902 1230 2977 1278 sui
3002 1230 3364 1284 admirationem

1811 1329 2123 1388 convertant,
2154 1329 2207 1377 et
2243 1329 2549 1378 contentione
2600 1328 2809 1392 quadam
2846 1329 3023 1380 amoris
3050 1333 3362 1394 expetantur,

1809 1438 1838 1475 a
1854 1425 1991 1475 vobis
2008 1427 2217 1476 AEschini
2234 1428 2473 1480 obsecutis
2494 1428 2749 1491 ignominia
2768 1430 2941 1480 notari.
2967 1431 3096 1494 (135)
3122 1435 3182 1482 Et
3200 1431 3295 1482 hoc
3306 1432 3363 1480 in

1811 1525 1918 1574 loco
1928 1560 1945 1586 ,
1964 1527 2017 1574 ut
2032 1523 2194 1586 audio,
2214 1537 2291 1574 me
2307 1538 2503 1588 quoque
2524 1524 2823 1588 perstringet,
2843 1526 3077 1588 rogitans,
3092 1540 3154 1576 an
3170 1540 3249 1576 me
3266 1540 3363 1576 non

1807 1619 2013 1682 pudeat,
2034 1633 2189 1681 quum
2214 1619 2314 1682 ipse
2348 1620 2399 1668 in
2418 1621 2675 1682 gymnasiis
2698 1622 2945 1686 frequens,
2976 1625 3027 1672 et
3047 1624 3365 1686 plurimorum

1809 1727 1973 1766 amore
1989 1717 2157 1778 captus
2174 1716 2361 1778 finer-im,
2380 1729 2485 1766 eam
2506 1730 2609 1766 rem
2626 1717 2831 1768 efficiam
2848 1719 3209 1782 ignominiosam
3224 1726 3273 1772 et
3288 1735 3365 1784 pe-

1809 1817 2081 1867 riculosam.
2116 1820 2387 1880 Postremo,
2408 1821 2463 1870 ut
2480 1821 2679 1883 quidam
2701 1823 2817 1872 milii
2840 1824 3089 1884 nuntiant,
3114 1837 3197 1874 sos
3212 1824 3271 1872 ad
3297 1825 3363 1874 ri-

1809 1929 1919 1966 sum
1936 1921 1985 1966 et
1996 1929 2145 1979 nugas
2158 1917 2430 1982 cohortans,
2446 1935 2497 1970 se
2512 1923 2647 1972 vobis
2660 1927 3038 1974 monstraturum
3051 1925 3196 1988 dicet,
3214 1939 3361 1988 quam

1808 2023 1961 2070 multa
1977 2023 2026 2072 in
2050 2023 2281 2086 quosdam
2296 2025 2529 2074 amtoria
2545 2027 2765 2088 poemata
2784 2024 2975 2076 fecerim
2993 2044 3006 2074 z
3028 2027 3239 2076 antestes
3255 2040 3363 2089 pro-

1807 2119 2067 2170 ducturum
2102 2123 2403 2186 pollicebitur
2439 2121 2501 2171 de
2526 2123 2753 2171 conviciis
2786 2135 2841 2171 ac
2866 2121 3139 2172 verberibus
3168 2123 3231 2172 ob
3256 2137 3363 2174 eam

1809 2233 1914 2268 rem
1934 2221 2053 2270 mini
2072 2221 2223 2272 factis.
2260 2225 2389 2284 (136)
2419 2225 2517 2284 Ego
2536 2235 2649 2271 vero
2672 2235 2760 2272 nec
2778 2223 3033 2271 honesturn
3050 2235 3263 2272 amorem
3286 2239 3361 2274 re·

1811 2323 2083 2386 prehendo,
2118 2335 2275 2385 neque
2310 2322 2529 2372 homines
2562 2323 2715 2372 torma
2744 2327 3023 2386 praestantes
3058 2325 3363 2387 impudicitia:

1809 2437 1974 2486 arguo,
1987 2436 2075 2472 nec
2092 2424 2191 2485 ipse
2203 2421 2379 2474 infitias
2394 2435 2453 2472 eo
2462 2456 2479 2483 ,
2498 2435 2577 2472 me
2588 2436 2877 2486 propensum
2890 2424 2950 2473 ad
2962 2437 3149 2474 amores
3160 2429 3211 2474 et
3224 2425 3365 2474 fuisse

1809 2529 1856 2576 et
1870 2525 2017 2576 etiam
2034 2537 2163 2574 nunc
2174 2537 2294 2586 csse,
2314 2535 2471 2585 neque
2486 2527 2629 2574 etiam
2642 2525 2971 2576 emulationes
2986 2528 3036 2575 et
3054 2539 3235 2589 pugnas
3250 2539 3363 2574 cum

1809 2623 1933 2684 aliiS,
1972 2635 2031 2672 ex
2078 2635 2137 2672 ea
2174 2635 2227 2672 re
2260 2623 2373 2672 oriri
2386 2623 2549 2674 solitas
2564 2661 2579 2686 ,
2616 2627 2667 2674 et
2704 2625 2826 2674 mihi
2864 2623 3089 2674 accidisse
3128 2637 3263 2686 nego.
3296 2627 3365 2673 De

1811 2723 2041 2786 poematis
2066 2728 2227 2775 autem
2263 2737 2373 2788 qum
2408 2737 2487 2774 me
2522 2723 2685 2774 recisse
2719 2725 2885 2774 dicunt
2900 2762 2916 2787 ‚
2949 2740 3117 2775 eorum
3140 2728 3365 2790 quaedam

1810 2843 2033 2892 agnosco,
2052 2830 2275 2891 quoedam
2294 2829 2361 2879 ita
2378 2841 2497 2890 esse,
2522 2831 2575 2878 ut
2594 2827 2655 2878 ab
2672 2829 2773 2878 istis
2789 2832 3011 2893 corrupta
3038 2831 3360 2894 proferuntur,

1811 2947 1908 2982 non
1928 2933 2151 2984 concedo.
2174 2935 2303 2996 (137)
2326 2939 2553 2984 Amorem
2568 2947 2711 2997 porro
2730 2935 3037 2986 bonestorum
3054 2939 3105 2986 et
3122 2935 3361 2986 modesto·

1817 3045 1953 3093 rum,
1974 3033 2171 3082 humani
2190 3034 2391 3082 allectus
2402 3035 2454 3083 et
2470 3032 2677 3083 liberalis
2692 3034 2837 3083 animi
2854 3047 2955 3083 esse
2966 3037 3127 3084 statuo
3148 3054 3161 3082 ι
3180 3035 3263 3083 sed
3278 3047 3363 3096 pe-

1813 3131 1955 3180 cunia
1979 3129 2239 3180 redimendi
2256 3131 2465 3193 aliquem
2486 3131 2827 3193 penitentiam,
2851 3132 2945 3180 viri
2960 3132 3115 3194 iniurii
3142 3137 3191 3184 et
3208 3136 3361 3187 insciti

1813 3247 1991 3283 munus
2009 3247 2111 3284 esse
2130 3233 2351 3283 arbitror.
2379 3235 2533 3296 Atque
2554 3235 2696 3282 etiam
2716 3233 2835 3282 citra
2855 3234 3173 3295 corruptelam
3194 3237 3362 3293 amari,

1815 3335 2068 3384 honestum
2091 3350 2191 3386 esse
2215 3335 2403 3385 affirmo
2416 3351 2433 3397 ;
2466 3335 2549 3385 sed
2572 3335 2789 3384 mercede
2822 3335 3083 3386 adductum
3106 3350 3157 3386 se
3189 3338 3362 3400 prosti-

1815 3439 1953 3486 tuere
1970 3473 1985 3498 ,
2018 3438 2175 3498 turpe.
2202 3439 2448 3494 Quantum
2472 3437 2633 3484 autem
2659 3435 2781 3484 inter
2811 3435 2983 3484 horum
3009 3437 3265 3496 utrumque
3288 3436 3361 3485 in·

1817 3536 1979 3597 tersit,
1994 3539 2271 3598 quantoque
2287 3548 2429 3598 opere
2442 3535 2682 3596 differant,
2703 3537 2810 3597 post
2823 3547 2909 3583 vos
2922 3535 3119 3584 edocere
3135 3535 3361 3584 conabor.

1816 3631 1944 3694 (138)
1966 3635 2127 3682 Patres
2142 3633 2269 3681 enim
2291 3632 2466 3692 vestri,
2490 3644 2641 3694 quum
2658 3631 2719 3680 de
2732 3631 2843 3680 vitae
2862 3632 3062 3691 ratione,
3081 3631 3207 3682 etde
3228 3635 3365 3682 matis

1815 3734 2062 3795 bonisque,
2086 3745 2197 3794 quae
2218 3734 2403 3781 naturoe
2422 3731 2613 3780 afferret
2631 3731 2883 3781 necaesitas
2898 3767 2915 3792 ,
2937 3731 3063 3794 leges
3076 3731 3361 3792 conderent,

1813 3847 1923 3897 quoe
1946 3833 2159 3894 ingenuis
2182 3831 2447 3882 affectanda
2470 3845 2572 3881 ease
2593 3833 2904 3893 censuerunt,
2925 3831 3029 3880 haec
3048 3833 3199 3884 servis
3216 3833 3363 3883 inter·

1813 3935 2055 3985 dixerunt.
2080 3914 2284 3993 Servus,
2308 3932 2463 3994 inquit
2483 3931 2587 3992 tex,
2617 3945 2679 3982 ne
2694 3933 2975 3982 exerceatur
2996 3945 3091 4002 nec·
3116 3933 3241 3984 sicce
3272 3949 3363 3983 un-

1815 4039 1955 4097 gatur
1992 4033 2039 4082 in
2076 4033 2321 4096 palaeslris.
2355 4051 2377 4073 ›-
2400 4035 2565 4093 Neque
2593 4032 2949 4094 veroascripsit
2970 4034 3113 4082 etiam
3138 4053 3149 4082 ι
3179 4053 3201 4075 «
3228 4039 3365 4096 lnge·

1813 4145 1939 4182 nuus
1956 4135 2117 4182 autem
2138 4133 2344 4192 ungatur
2353 4131 2403 4180 et
2418 4132 2715 4180 exerceatur.
2743 4149 2766 4172 »ι
2795 4131 2915 4179 Nam
2930 4129 3013 4180 ubi
3034 4131 3368 4193 legumlatores

1815 4237 2060 4298 perspecta
2091 4232 2485 4282 exercitationum
2508 4232 2779 4290 honestate,
2806 4231 2869 4282 ab
2895 4245 3061 4282 earum
3084 4246 3175 4282 usu
3206 4247 3369 4284 senos

1813 4334 2113 4396 repulerunt,
2130 4333 2299 4383 eadem
2314 4335 2417 4396 tege
2446 4334 2703 4395 putarunt,
2726 4344 2820 4393 qua
2838 4332 2947 4382 illos
2964 4333 3295 4395 prohiberent,
3314 4349 3366 4383 se

1811 4433 2039 4496 ingenuos
2060 4433 2303 4482 exhortari
2318 4432 2381 4480 ad
2397 4431 2777 4482 exercitationes.
2798 4431 2929 4492 (139)
2950 4433 3133 4480 Rursus
3148 4431 3272 4480 idem
3298 4433 3364 4481 le—

1812 4535 2007 4596 gislator
2030 4531 2207 4593 edixit,
2234 4545 2297 4581 ne
2324 4545 2491 4581 servus
2518 4530 2777 4593 ingenuum
2799 4541 3001 4591 puerum
3028 4529 3103 4578 vet
3134 4531 3261 4578 amet
3292 4532 3365 4578 vel

1813 4633 2097 4694 assectetur,
2120 4633 2203 4680 aut
2222 4631 2413 4694 publico
2436 4629 2617 4692 flagello
2641 4628 2983 4692 quinquaginta
3007 4627 3155 4689 plagis
3184 4627 3364 4677 afficia-

1813 4735 1909 4784 tur.
1936 4736 2148 4795 ingenuo
2172 4733 2331 4781 autem
2350 4743 2447 4779 non
2468 4727 2741 4789 interdixit,
2766 4740 2827 4776 ne
2847 4727 2921 4776 vel
2940 4729 3151 4788 amaret,
3173 4728 3247 4776 vel
3267 4730 3364 4778 cot-

1813 4835 2111 4896 loqueretur,
2128 4833 2203 4881 vet
2227 4831 2535 4881 associaretur
2558 4842 2568 4870 ε
2592 4841 2746 4890 neque
2760 4825 2807 4876 id
2828 4839 2975 4888 puero
2994 4825 3365 4889 incommodare,

1813 4933 1894 4984 sed
1926 4932 2208 4994 integritatis
2224 4929 2548 4980 testimonium
2576 4925 2823 4990 perhibere
2848 4925 3051 4989 putavit.
3074 4929 3193 4976 Nam
3216 4941 3367 4989 quum

1812 5045 1933 5096 puer
1954 5030 2167 5080 nondum
2186 5031 2248 5080 sit
2264 5027 2517 5091 euiudicio
2534 5023 2779 5089 proditus,
2798 5027 2855 5074 ut
2870 5037 3039 5074 verum
3060 5029 3321 5074 amatorem
3342 5040 3369 5075 a

1814 5135 1935 5186 salso
1956 5133 2105 5196 possit
2120 5131 2413 5192 discernere,
2440 5130 2595 5192 ipsum
2616 5128 2878 5177 amatorem
2898 5127 3115 5189 castigat,
3136 5130 3181 5175 et
3202 5127 3365 5175 amici·

1812 5237 1896 5286 tim
1918 5233 2305 5296 dijudicationem
2332 5231 2461 5283 aetati
2494 5229 2785 5292 prudentiori
2813 5232 2861 5280 et
2886 5229 3087 5293 graviori
3116 5229 3327 5276 asservat
3352 5245 3370 5276 ·.
