3825 5834
142 472 293 548 (ει-τε)

193 623 269 661 ios·
306 603 379 660 Οὐ
402 603 793 671 καταπληκτέον
832 601 969 660 ἐστίν
988 645 1005 672 ,
1036 591 1081 660 ὦ
1112 601 1294 682 ἄνδρες
1333 603 1616 673 Ἀθηναῖοι,

58 689 217 747 imai&
238 686 473 766 προετέον,
495 686 583 747 ἐὰν
610 692 910 770 σωφρονῆτε
924 735 939 762 ,
958 698 1065 756 τοῖς
1084 689 1441 766 Δημοσθένους
1460 689 1621 757 ἐλέοις

128 777 201 846 τὴν
229 774 383 844 κοινὴν
411 775 498 833 καὶ
532 775 739 833 δικαίαν
775 775 903 856 ὑπὲρ
934 780 1027 847 τῆς
1068 777 1268 843 πόλεως
1310 777 1613 856 ἀπολογίαν.

128 864 273 928 Οὐδεὶς
294 862 385 942 γὰρ
420 865 562 938 ὑμῶν
590 862 853 942 ἠνάγκαζε
886 869 1068 923 τοῦτον
1093 863 1159 923 τὰ
1185 866 1259 942 μὴ
1288 865 1619 943 προσήκοντα

127 947 334 1026 χρήματα
382 947 669 1024 λαμὸάνειν
725 951 839 1006 καθ’
868 951 1045 1024 ὑμῶν,
1085 949 1266 1026 πολλῷ
1312 949 1479 1008 πλείω
1514 953 1619 1007 τῶν

129 1039 279 1092 ἱκανῶν
322 1036 379 1092 δι’
409 1038 541 1112 ὑμᾶς
576 1033 732 1114 ἕτερα
781 1033 1095 1111 κεκτημένον
1113 1079 1131 1108 ,
1184 1035 1290 1093 οὐδ’
1347 1037 1621 1112 ἀπολογεῖ·-

128 1130 219 1182 εθαι
238 1131 311 1183 νῦν
336 1123 457 1203 ὑπὲρ
482 1127 587 1180 τῶν
616 1124 1031 1200 ὡμολογημένων
1077 1121 1449 1198 ἀδικημάτων,
1488 1123 1623 1201 γρά-

129 1215 262 1288 ψαντα
294 1215 407 1269 καθ’
450 1214 639 1268 ἑαυτοῦ
691 1211 909 1268 θάνατον
950 1209 1047 1280 τὴν
1090 1209 1303 1286 ζημίαν·
1339 1212 1455 1269 ἀλλ’
1486 1215 1519 1282 ἡ
1563 1213 1624 1269 ἐκ

79 1311 98 1348 ⁸
130 1303 196 1357 τῶ
223 1299 360 1358 ἄλλου
400 1297 511 1377 βίου
555 1297 782 1376 ἔμφυτος
828 1294 1220 1376 αίσχροκέρδεια
1263 1296 1353 1356 καὶ
1400 1298 1621 1375 πονηρία

128 1391 255 1444 ταῦτα
280 1389 342 1452 εἷς
375 1387 464 1458 τὴν
493 1385 734 1466 κεφαλὴν
779 1386 919 1464 αὐτῷ
945 1387 1188 1464 τέτραφε.
1240 1387 1361 1466 (toa)
1412 1387 1503 1456 Μὴ
1533 1379 1621 1444 ουν

130 1473 303 1549 ἄχθεσθε
323 1474 471 1532 αὑτοῦ
496 1473 769 1539 κλαίοντος
796 1473 886 1531 καὶ
907 1471 1235 1550 ὀδυρομένου·
1268 1471 1401 1531 πολυ
1428 1473 1585 1554 γὰρ’
1559 1498 1621 1532 αν

129 1560 387 1638 δικαιότερον
418 1557 690 1628 ἐλεήσαιτε
730 1558 824 1629 τὴν
858 1557 1035 1636 χώραν
1052 1601 1069 1628 ,
1096 1559 1157 1630 ἢν
1188 1551 1333 1625 οὗτος
1369 1558 1623 1632 καθίστη-

130 1667 189 1701 σιν
224 1649 282 1712 εἷς
320 1645 427 1712 τοὺς
472 1645 741 1711 κινδύνους
784 1667 996 1704 τοιαυτα
1024 1645 1289 1722 πράττων,
1339 1645 1374 1717 ἢ
1416 1644 1534 1712 τους
1568 1647 1621 1714 ἐξ

128 1735 253 1801 αὑτῆς
293 1731 655 1810 γεγενημένους
706 1738 841 1808 ὑμᾶς
874 1733 1132 1807 ἱκετεύει,
1166 1735 1621 1812 παραστησαμένη

126 1817 175 1872 τὰ
198 1813 392 1896 ὓμέτερα
435 1817 595 1877 τέκνα
636 1819 728 1877 καὶ
771 1826 1051 1895 γυναῖκας,
1096 1817 1495 1898 τιμωρήσασθαι
1534 1821 1621 1878 τὸν

72 1915 106 1952 1⁰
126 1903 337 1982 προῶτην
361 1905 445 1964 καὶ
472 1905 661 1974 σώζειν
696 1907 905 1978 ἑαυτήν,
930 1905 1061 1985 ὑπὲρ
1080 1898 1143 1978 ἧς
1170 1908 1220 1964 οἱ
1242 1905 1483 1982 πρόγονοι
1516 1929 1621 1964 κα-

122 1989 215 2056 λοὺς
248 1991 326 2048 καὶ
361 1991 581 2059 πολλοὺς
624 1993 885 2060 κινδύνους
930 1993 1301 2070 ὑπομείναντες
1349 1993 1622 2072 ἐλευθέραν

122 2077 291 2150 αὖιὴν’
272 2079 381 2153 υμῖν
402 2077 874 2158 παραδεδώκασιν,
900 2103 952 2138 εν
977 2072 1013 2157 ’ᾗ
1036 2079 1210 2138 πολλὰ
1238 2078 1330 2138 καὶ
1353 2078 1491 2137 καλὰ
1518 2104 1623 2138 πα·

126 2162 396 2239 paesi-{neta
432 2167 704 2224 λέλειπται
736 2190 828 2237 της
854 2169 955 2224 τῶν
976 2166 1399 2238 τελευτησάντων
1418 2169 1622 2245 ἀρετης.

128 2253 221 2328 (no)
240 2254 319 2318 Εἷς
340 2254 527 2324 ταύτην
554 2253 995 2332 ἀποὸλέψαντας,
1018 2277 1063 2312 ω
1104 2253 1383 2324 Ἀθηναῖοι,
1418 2277 1504 2314 και
1535 2253 1625 2320 τὰς

124 2341 163 2394 ἐν
189 2341 299 2420 αὐτῇ
322 2341 582 2432 γινομένας
620 2343 869 2419 πατρίους
912 2340 1089 2406 θυσίας
1128 2340 1217 2398 καὶ
1240 2337 1335 2405 τὰς
1367 2343 1467 2396 τῶν
1496 2362 1597 2419 προ

122 2427 249 2500 γόνων
272 2427 421 2498 θήκας
440 2429 615 2511 φέρειν
639 2431 715 2487 δεῖ
742 2427 861 2494 τους
887 2420 945 2487 ευ
980 2433 1293 2507 φρονοῦντας
1315 2424 1409 2496 τὴν
1431 2430 1621 2509 ψηφον.

126 2514 207 2570 Και
221 2514 325 2572 ὅταν
352 2517 691 2592 Δημοσθένης
720 2516 1045 2586 ἐξαπατῆσαι
1071 2515 1377 2594 βουλόμενος
1406 2539 1495 2575 και
1518 2541 1621 2576 πα-

68 2613 101 2648 Ιδ
124 2602 438 2678 ρακρουόμενος
464 2608 605 2680 ὑμᾶς
638 2603 925 2674 οἰκτίζηται
974 2602 1064 2662 καὶ
1101 2601 1331 2680 δακρυῃ,
1368 2603 1513 2678 ὑμεῖς
1554 2607 1624 2672 εἷς

124 2687 257 2758 τὸτῆς
279 2691 460 2757 πόλεως
497 2695 663 2768 σῶμα
695 2689 1085 2772 ἀποὸλὲψαντες
1128 2689 1220 2748 καὶ
1248 2687 1342 2759 τὴν
1374 2691 1623 2770 πρότερον

126 2773 239 2840 δόξαν
274 2778 391 2854 αὐτῇ
435 2780 781 2858 ὑπάρχουσαν
834 2780 1091 2849 ἀντίθετε,
1142 2777 1359 2854 πότερον
1401 2781 1433 2848 ἡ
1476 2779 1625 2849 πόλις

124 2862 383 2943 ἐλεεινοτέρα
404 2864 486 2924 διὰ
514 2873 701 2925 τοῦτον
734 2867 939 2942 γέγονεν
964 2865 998 2936 ἢ
1020 2864 1107 2924 διὰ
1134 2863 1228 2934 τὴν
1257 2863 1407 2922 πόλιν
1436 2873 1623 2944 Δημο-

123 2947 283 3020 σθένης.
314 2955 421 3028 (Ιιι)
456 2953 733 3032 Εὖρήσετε
759 2952 860 3032 γὰρ
887 2957 1069 3011 τοῦτον
1104 2951 1197 3030 μὲν
1225 2952 1466 3032 λαμπρὸν
1494 2956 1545 3024 ἐξ
1568 2949 1625 3016 οὗ

126 3038 422 3111 προσελήλυθε
458 3041 587 3121 πρὸς
618 3041 685 3098 τὸ
723 3041 1084 3101 πολιτεύεσθαι
1119 3041 1455 3120 γεγενημένον
1473 3089 1488 3117 ,
1536 3045 1625 3104 καὶ

122 3123 209 3177 ἀντὶ
248 3123 330 3197 μὲν
400 3128 731 3207 λογογράφου
792 3126 881 3185 καὶ
950 3131 1137 3203 μισθοῦ
1198 3127 1290 3189 τὰς
1353 3127 1498 3195 δίκας
1537 3130 1625 3188 λε’-

120 3232 259 3283 γοντος
290 3214 409 3292 ὓπὲρ
448 3217 769 3286 Κτησίππου
818 3215 907 3274 καὶ
942 3214 1275 3322 ι..(Ιὶορμίιιιινος
1315 3216 1405 3276 καὶ
1434 3217 1625 3297 ἑτέρων

66 3298 283 3354 ἣπολλῶν
316 3302 705 3362 πλουσιώτατον
754 3303 879 3362 ὄντα
906 3327 1009 3361 των
1046 3305 1097 3360 ἐν
1126 3307 1191 3379 τῇ
1233 3305 1411 3376 πόλει,
1438 3305 1553 3362 ἀντὶ
1579 3307 1623 3363 δ’

118 3383 303 3458 ἀγνῶτος
332 3387 418 3446 καὶ
442 3390 697 3466 οὐδεμίαν
720 3388 977 3469 πατρικὴν
1014 3389 1167 3458 δόξαν
1194 3393 1341 3473 παρὰ
1370 3395 1471 3450 τῶν
1494 3415 1623 3470 προ·

119 3470 247 3542 γόνων
270 3477 641 3557 παρειληφότος
670 3475 869 3546 ἔνδοξον
912 3477 1289 3553 γεγενημένον,
1320 3479 1413 3549 τὴν
1450 3478 1503 3536 δὲ
1534 3478 1630 3538 πό·

121 3558 182 3614 λιν
204 3561 284 3618 οὐκ
310 3561 453 3634 ἀξίως
496 3569 693 3638 ἑαυτῆς
730 3563 845 3624 οὑδὲ
886 3571 977 3636 τῆς
1020 3567 1122 3623 τῶν
1164 3567 1432 3645 προγόνων
1480 3565 1626 3637 δόξης

121 3647 419 3723 διακειμένην.
480 3651 723 3732 Ἀφὲντες
748 3641 836 3710 οὗν
862 3651 980 3718 τους
1010 3650 1179 3718 ἐλέους
1207 3655 1297 3711 καὶ
1325 3677 1443 3719 τους
1471 3676 1627 3733 φενα-

120 3736 296 3809 κισμοὺς
322 3737 432 3806 τοὺς
452 3738 639 3798 τούτου
663 3738 758 3809 τὴν
788 3738 932 3797 ὁσίαν
956 3738 1047 3797 καὶ
1076 3739 1280 3798 δικαίαν
1309 3740 1487 3819 φέρετε
1518 3745 1626 3822 ψ’ῆ-

120 3843 212 3896 φον,
230 3825 306 3882 καὶ
329 3834 563 3884 σκοπεῖτε
591 3826 653 3884 τὸ
681 3829 749 3902 τῇ
772 3825 985 3904 πατρίδι
1018 3824 1311 3906 συμφέρον,
1339 3827 1413 3903 μὴ
1439 3827 1498 3887 τὸ
1526 3835 1629 3900 Δη-

64 3919 131 3955 2⁵
122 3911 329 3980 μοσθένει·
318 3921 483 3972 ’τοῦτο
497 3913 597 3991 γάρ
614 3917 730 3972 ἐστι
742 3915 916 3971 καλῶν
932 3917 1172 3990 κάγαθῶν
1192 3916 1448 3974 δικαστῶν
1465 3915 1625 3994 ἔργον.

184 4016 257 4055 ¹12.
294 3999 391 4058 Καὶ
416 3998 535 4058 ὅταν
567 3999 834 4078 ἅναὸαίνῃ
858 4024 937 4068 τις
960 4001 1325 4080 συνηγορησων
1356 4002 1625 4079 Δημοσθὲ·

124 4101 181 4136 νει
196 4085 477 4161 ,λογίζεσθε
498 4087 579 4145 ὅτι
604 4079 753 4153 οὗτος
780 4089 809 4144 ὁ
838 4087 1101 4166 ἅνθρωπος
1117 4133 1133 4160 ,
1158 4090 1203 4146 εἰ
1233 4088 1328 4166 μὲν
1350 4089 1481 4165 μὴ’
1452 4111 1629 4167 ενοχος

121 4163 175 4222 ὢν
191 4179 283 4236 ταῖς
296 4173 930 4254 μελλουσαιςάποφάσεσιν
944 4174 1239 4253 ἀναὸαίνει,
1254 4176 1502 4244 κακόνους
1516 4177 1627 4234 ἐστὶ

124 4259 171 4326 ’7,
190 4261 425 4340 πολιτεία,
452 4285 543 4320 και
562 4263 684 4327 τους
705 4261 791 4320 ἐπὶ
820 4285 895 4341 τῳ
920 4262 1071 4343 δήμῳ
1092 4265 1235 4341 δῶρα
1264 4265 1630 4341 λαμὸάνοντας

123 4341 165 4397 οὖ
189 4347 465 4423 βουλόμενος
498 4349 651 4420 δίκην
690 4351 902 4424 δοῦναι,
928 4351 1018 4407 καὶ
1037 4350 1131 4420 τὴν
1158 4351 1333 4420 κοινὴν
1361 4355 1464 4408 τῶν
1492 4355 1619 4426 ὑμε-

122 4430 248 4505 τὲρων
267 4437 513 4510 σωμάτων
539 4435 809 4516 φυλακήν,
842 4439 918 4516 ἐφ’
946 4429 982 4516 ᾗ
1008 4437 1255 4496 τέτακται
1292 4440 1349 4496 τὸ
1377 4441 1431 4496 ἐν
1453 4439 1565 4516 ’Aps
1568 4439 1629 4496 ίω

66 4531 149 4569 ³11
122 4515 241 4597 τᾶγω
265 4522 543 4602 συνέδριον,
576 4528 936 4595 καταλυθῆναι
968 4524 1210 4604 βούλεται
1236 4526 1328 4584 καὶ
1366 4525 1627 4604 συγκεχύ-

124 4607 215 4660 σθαι
254 4607 411 4667 πάντα
456 4610 527 4669 τὰ
573 4614 629 4670 ἐν
670 4615 735 4690 τῇ
764 4611 914 4670 πόλει
954 4611 1151 4670 δίκαια·
1193 4615 1239 4670 εἰ
1284 4612 1337 4671 δὲ
1372 4613 1545 4693 ῥήτωρ
1592 4610 1625 4684 ἢ

124 4711 171 4746 ⁶·
158 4693 395 4772 ξατηγός,
428 4695 479 4756 οἳ
512 4696 611 4767 τὴν
652 4698 767 4756 καθ’
802 4702 973 4757 αὑτῶν
1015 4699 1453 4778 προσδοκωμένην
1489 4703 1591 4759 emi
1592 4733 1629 4744 -

124 4799 243 4850 φασιν
270 4783 475 4843 ἄπιστον
522 4786 831 4864 βουλόμενοι
864 4783 1100 4865 γενέσθαι
1128 4789 1627 4898 συνηγοροῦσιν,οὗ

122 4869 380 4940 προσεκτέον
406 4875 528 4948 ὑμῖν
558 4873 673 4930 ἐστὶ
710 4877 815 4940 τοῖς
852 4873 1044 4933 τούτων
1077 4874 1275 4952 λόγοις,
1314 4873 1514 4940 εἰδότας
1550 4875 1628 4932 ὅτι

124 4952 169 5006 ἐκ
188 4953 369 5014 πάντων
395 4957 593 5017 τούτων
620 4960 813 5035 γίνεται
844 4959 1085 5040 συνεργία
1114 4961 1235 5040 περι
1254 4959 1339 5019 τὸν
1370 4959 1629 5072 Ἁρπάλου

124 5040 378 5101 κατάπλουν
418 5045 507 5102 καὶ
542 5045 645 5118 τὴν
685 5047 883 5125 ἄφεσιν.
926 5047 1037 5124 (113)
1084 5048 1409 5125 Νομίσαντες
1445 5039 1556 5119 ουν,
1586 5073 1629 5107 ω

127 5121 363 5208 Ἀθηναῖοι,
392 5135 505 5190 καθ’
545 5136 717 5209 ὑμῶν
719 5133 919 5200 πάντας
959 5133 1166 5199 τούτους
1210 5135 1507 5193 άναὸαίνειν
1538 5135 1627 5194 και

70 5224 106 5262 ³³
93 5212 286 5281 κοινους
310 5219 509 5297 ἐχθροὺς
528 5211 665 5278 εἶναι
684 5224 783 5278 τῶν
808 5219 975 5318 νόμων
1004 5223 1089 5280 καὶ
1122 5225 1213 5292 τῆς
1248 5222 1443 5288 πόλεως
1484 5221 1626 5282 ἁπά-

890 472 1265 534 ΙΠΝΑΒΟΗΙ
1310 473 1433 532 OR.
1478 473 1788 534 CONTRA
1832 473 2438 536 DEMOSTHENEM.

3161 479 3267 536 173

1776 621 1877 664 ios.
1904 616 2010 664 Non
2041 615 2226 678 percelli
2259 615 2468 676 debetis,
2498 615 2832 676 Athenienses,
2865 627 3020 678 neque
3059 618 3263 664 commi-

1709 727 1942 777 seratione
1973 727 2331 788 Demosthenis,
2355 728 2396 777 si
2420 728 2613 791 sapitis,
2642 729 2914 780 communis
2945 733 2992 779 et
3019 740 3158 790 aequa
3183 740 3263 774 ur-

1710 839 1783 888 his
1825 843 2002 890 nostrae
2037 841 2246 892 defensio
2272 845 2344 892 est
2371 842 2652 892 amittenda.
2679 845 2830 892 Nemo
2867 842 2994 892 enim
3047 843 3264 892 vestrum

1709 953 1863 1015 coegit
1890 953 2032 1003 istum
2057 955 2306 1016 pecuniam
2343 955 2546 1005 alienam
2581 956 2630 1006 in
2659 959 2868 1006 vestram
2893 956 3108 1005 fraudem
3141 955 3268 1006 acci-

1710 1079 1821 1130 pere
1838 1103 1851 1127 ,
1890 1067 1974 1130 qui
2009 1081 2092 1130 per
2130 1080 2219 1118 vos
2264 1070 2478 1132 pecuniae
2524 1069 2631 1132 plus
2663 1071 2780 1119 satis
2825 1069 3064 1132 possidet,
3111 1081 3266 1131 neque

1710 1195 1901 1231 causam
1939 1182 2096 1233 dicere
2137 1196 2224 1245 pro
2254 1184 2486 1234 confessis
2527 1183 2804 1234 criminibus
2821 1219 2836 1245 ‚
2877 1196 3026 1245 quum
3070 1194 3156 1232 sno
3188 1180 3267 1230 de·

1709 1291 1840 1340 creto
1871 1303 1922 1340 se
1939 1292 2107 1354 capitis
2125 1291 2467 1356 condemnarit,
2489 1293 2574 1344 sed
2599 1295 2830 1343 anteacta
2859 1291 2960 1354 ejus
2980 1291 3091 1342 vitre
3115 1291 3269 1340 insitoe

1708 1399 1873 1450 sordes
1890 1405 1940 1450 et
1959 1401 2240 1463 improbitas
2259 1403 2366 1452 hoec
2385 1403 2434 1452 in
2459 1407 2603 1464 caput
2635 1403 2740 1464 eins
2765 1403 3268 1462 convertemnt.(109)

1711 1507 1867 1556 Nolite
1886 1506 2028 1568 igitur
2041 1509 2222 1557 moveri
2249 1508 2435 1571 ploratu
2454 1509 2559 1570 eins
2577 1513 2626 1559 et
2640 1509 3056 1559 lamentationibus
3073 1527 3088 1570 ς
3113 1509 3269 1558 multo

1711 1615 1837 1665 enim
1874 1615 2064 1678 aequius
2104 1615 2248 1666 luerit
2280 1616 2490 1666 misereri
2517 1617 2720 1680 regionis
2757 1622 2960 1678 nostrae,
2999 1630 3144 1681 quarn
3177 1617 3267 1666 iste

1712 1721 1783 1770 his
1801 1720 1938 1770 factis
1972 1721 2021 1770 in
2057 1721 2266 1784 pericula
2291 1723 2492 1782 conjecit
2509 1760 2524 1785 ‚
2551 1736 2660 1786 quin
2692 1737 2777 1772 vos
2801 1736 2864 1772 ex
2887 1736 2939 1772 se
2967 1725 3106 1773 natos
3125 1723 3266 1772 obse-

1711 1829 1838 1887 crat,
1863 1827 2037 1876 liberos
2055 1831 2238 1878 vestros
2263 1833 2314 1878 et
2335 1841 2509 1880 uxores
2531 1829 2772 1880 adducens
2786 1866 2801 1891 ,
2821 1830 2876 1879 ut
2899 1835 2944 1879 et
2975 1829 3266 1892 proditorem

1712 1939 2006 1990 ulciscamini
2024 1940 2074 1990 et
2095 1951 2148 1989 se
2170 1940 2428 2002 tueamini,
2455 1953 2540 2001 pro
2562 1953 2658 2002 qua
2691 1939 2893 2002 majores
2921 1940 3070 1990 nostri
3105 1940 3270 2026 multis

1712 2051 1909 2112 egregiis
1937 2050 2118 2112 proeliis
2141 2051 2405 2100 commissis
2427 2064 2534 2102 eam
2552 2051 2690 2100 vobis
2715 2049 2912 2100 liberam
2938 2050 3264 2110 tradiderunt,

1712 2157 1761 2206 in
1788 2169 1886 2219 qna
1919 2157 2072 2207 multa
2089 2157 2288 2208 illustria
2307 2157 2524 2220 exempla
2543 2158 2703 2208 relicta
2727 2161 2842 2209 sunt
2869 2159 3056 2208 virtutis
3073 2159 3268 2209 detunc-

1711 2267 1885 2314 torum.
1923 2265 2051 2326 (110)
2083 2267 2216 2314 lianc
2237 2265 2506 2326 intuentes,
2533 2267 2873 2324 Athenienses,
2899 2267 2949 2316 et
2981 2265 3134 2328 patria
3157 2277 3268 2327 qum

1712 2372 1760 2420 in
1790 2373 1877 2421 hac
1912 2373 2032 2421 tiunt
2072 2373 2299 2422 sacrificia
2344 2377 2394 2424 et
2429 2375 2738 2424 monumenta
2779 2374 3016 2435 majorum
3053 2373 3270 2425 cordatos

1708 2478 1893 2540 iudices
1927 2479 2150 2540 suffragia
2177 2479 2300 2530 serre
2323 2479 2476 2531 decet.
2520 2483 2580 2531 Et
2618 2493 2768 2544 quum
2811 2481 3152 2531 Demosthenes
3183 2493 3270 2530 vos

1712 2586 2000 2648 decepturus
2035 2589 2084 2636 et
2129 2586 2414 2638 seducturus
2453 2588 2916 2638 commiserationem
2961 2589 3175 2637 movebit
3219 2590 3271 2638 et

1714 2695 2020 2758 lacrymabit,
2056 2709 2144 2748 vos
2168 2697 2300 2748 urbis
2321 2711 2494 2761 corpus
2521 2699 2765 2749 intuentes
2785 2733 2804 2760 ,
2837 2700 3046 2761 priorem
3077 2712 3272 2760 quoque

1714 2806 1817 2867 eius
1837 2805 2035 2868 gloriam
2055 2807 2287 2868 conferte,
2313 2809 2477 2858 utrum
2499 2807 2612 2856 urbs
2631 2819 2712 2869 per
2731 2809 2877 2872 istum
2898 2806 3024 2858 facta
3039 2807 3102 2856 sit
3124 2808 3268 2857 mise·

1716 2885 1923 2977 rabilia,
1952 2928 2013 2964 an
2029 2927 2145 2965 vcro
2164 2928 2248 2978 per
2279 2916 2444 2965 urbem
2463 2916 2826 2965 Demosthenes.
2863 2919 2932 2964 (1¹
2949 2917 2989 2975 ι)
3011 2916 3272 2976 Reperietis

1713 3021 1839 3070 enim
1870 3021 2048 3081 istum,
2079 3033 2138 3070 ex
2166 3035 2262 3085 quo
2281 3022 2340 3070 ad
2363 3022 2704 3083 rempublicam
2733 3001 2932 3074 accessit
2965 3023 3269 3086 splendidum

1713 3143 1817 3180 esse
1831 3131 2030 3191 lactum,
2049 3134 2182 3182 etex
2205 3132 2436 3194 scriptore
2457 3134 2726 3184 orationum
2753 3136 2802 3184 et
2824 3132 3032 3196 Ctesippi
3049 3132 3098 3182 et
3118 3133 3269 3182 Phor-

1716 3235 1888 3284 mioais
1896 3235 2196 3298 aliorumque
2209 3235 2470 3285 multorum
2481 3235 2724 3286 causidico
2733 3237 2940 3286 evasisse
2950 3237 3108 3287 virum
3123 3238 3170 3286 in
3183 3237 3272 3286 hac

1715 3341 1833 3390 urbe
1854 3341 2171 3402 ditissimum,
2194 3348 2243 3391 et
2273 3355 2330 3392 ex
2355 3342 2563 3392 obscuro
2585 3346 2634 3393 et
2669 3343 2798 3392 nulla
2839 3344 2994 3404 patria
3025 3345 3267 3406 maiorum

1713 3450 1859 3512 gloria
1881 3457 2050 3501 ornato
2073 3451 2301 3502 illustrem
2323 3469 2334 3514 ;
2357 3452 2522 3502 urbem
2539 3458 2701 3501 autem
2725 3453 2864 3501 aliter
2885 3451 3107 3502 affectam
3125 3467 3270 3517 quam

1714 3573 1801 3624 pro
1833 3560 2064 3624 dignitate
2094 3575 2180 3612 sua
2218 3564 2266 3612 et
2309 3562 2460 3624 gloria
2509 3562 2762 3623 majorum.
2821 3565 2984 3625 ttaqne
3028 3563 3272 3625 repudiata

1716 3670 2030 3720 misericordia
2056 3672 2108 3722 et
2133 3671 2406 3733 imposturis
2435 3671 2578 3720 istius
2615 3676 2834 3720 sanctum
2863 3673 2913 3720 et
2936 3671 3122 3732 justum
3155 3673 3274 3722 terte

1714 3779 1992 3840 sum-agium
2013 3815 2027 3839 ,
2049 3779 2231 3843 etquid
2265 3780 2458 3840 patrioe,
2483 3792 2574 3828 non
2618 3778 2732 3841 quid
2763 3779 3068 3828 Demostheni
3095 3779 3272 3829 condu-

1714 3894 1817 3950 cat,
1840 3886 2136 3936 considerate
2157 3901 2168 3934 :
2187 3887 2277 3936 hoc
2295 3886 2422 3937 enim
2445 3889 2516 3936 est
2543 3885 2780 3936 bonorum
2795 3884 3014 3948 judicum
3034 3885 3265 3936 officium.

1782 4001 1885 4045 112.
1911 3995 2055 4053 Quod
2077 3996 2116 4046 si
2140 3996 2248 4058 quis
2264 3994 2564 4045 adscenderit
2591 3996 2902 4046 Demostheni
2939 3995 3266 4057 patrocinatu·

1716 4113 1823 4159 rus,
1847 4101 2048 4162 cogitate
2076 4112 2190 4149 cum
2223 4100 2465 4148 hominem
2487 4134 2502 4158 ‚
2537 4099 2578 4148 si
2615 4112 2710 4148 non
2739 4099 2802 4149 sit
2827 4099 3068 4149 obnoxius
3096 4098 3271 4150 luituris

1716 4204 2032 4254 delationibus
2047 4239 2062 4264 ‚
2081 4204 2206 4254 male
2231 4204 2354 4254 veile
2372 4203 2674 4266 reipublicae,
2705 4205 2789 4266 qui
2813 4217 2900 4254 nec
2931 4206 3100 4254 contra
3122 4219 3270 4270 popu·

1716 4307 1817 4356 lum
1842 4321 2040 4358 munera
2063 4309 2362 4370 acceptantes
2381 4319 2544 4370 poenas
2567 4307 2684 4357 dare
2707 4307 2864 4368 sinat,
2887 4309 2938 4357 et
2955 4320 3262 4358 communem

1717 4413 1984 4459 vestrorum
2007 4410 2274 4460 custodiam
2291 4446 2306 4472 ,
2336 4423 2446 4472 quas
2466 4411 2791 4473 Areopagitico
2817 4416 2892 4460 est
2920 4411 3116 4461 consilio
3145 4423 3271 4459 com-

1718 4513 1859 4562 missa
1888 4513 2100 4575 abrogari
2127 4513 2266 4574 velit,
2301 4514 2350 4563 et
2381 4513 2606 4564 confundi
2632 4514 2778 4563 totius
2797 4513 2904 4575 jura
2929 4513 3138 4562 civitatis
3153 4529 3170 4572 3
3195 4513 3267 4560 sin

1716 4617 1877 4665 orator
1896 4615 1972 4664 vel
1991 4619 2268 4678 imperator,
2282 4629 2343 4666 ex
2369 4615 2428 4666 iis
2443 4618 2526 4679 qui
2545 4619 2872 4678 exspectatum
2889 4618 3055 4666 contra
3079 4628 3130 4665 se
3153 4615 3270 4664 indi·

1716 4719 1843 4767 cium
1864 4717 1958 4768 tide
1978 4731 2139 4768 carere
2168 4719 2354 4779 volunt,
2375 4720 2418 4770 ei
2449 4720 2888 4783 patrocinabuntur,
2921 4731 3020 4768 non
3041 4718 3175 4768 vobis
3191 4732 3273 4768 an-

1716 4821 2018 4872 scultandum
2040 4823 2130 4872 crit
2149 4822 2338 4872 illorum
2361 4823 2586 4884 orationi,
2606 4822 2690 4873 sed
2705 4821 2948 4871 sciendum
2969 4821 3032 4870 ab
3047 4822 3274 4871 omnibus

1718 4929 1821 4977 istis
1844 4929 2035 4977 mutuas
2063 4917 2184 4978 tradi
2199 4941 2363 4990 operas
2387 4927 2434 4976 in
2459 4926 2664 4990 Harpalo
2684 4933 2732 4977 et
2753 4926 3021 4990 recipiendo
3042 4927 3092 4976 et
3109 4927 3272 4977 ‹limit-

1717 5028 1879 5078 tendo.
1935 5027 2062 5090 (¹13)
2093 5029 2429 5079 Existimantes
2451 5029 2610 5090 igitur,
2634 5028 2942 5078 Athenienses
2959 5063 2974 5089 ,
3000 5029 3164 5077 contra
3187 5040 3276 5077 vos

1719 5131 1833 5180 istos
1868 5143 2035 5178 omnes
2065 5129 2350 5178 adscendere
2391 5132 2535 5192 atque
2566 5141 2846 5178 communes
2883 5128 3046 5178 hostes
3075 5141 3177 5178 esse
3211 5128 3275 5176 le-

1719 5245 1829 5294 gum
1858 5235 1907 5282 ct
1927 5233 2073 5282 totius
2093 5231 2322 5291 civitatis,
2350 5244 2410 5280 nc
2430 5229 2698 5294 approbetis
2717 5243 2798 5281 eos
2816 5267 2831 5293 ,
2855 5230 2935 5282 sed
2957 5229 3274 5280 accusationis
