3825 5834
144 467 295 542 (lo-1³.)

140 598 255 655 οὐδὲν
278 587 415 666 ἧττον
443 591 775 672 περιέρχεται
804 594 1139 670 Δημοσθένης
1166 619 1231 655 πε
1268 597 1287 654 ί
1314 619 1371 656 τε
1397 601 1491 668 τῆς
1514 601 1641 676 βου-

140 689 211 754 λῆς
234 684 527 762 βλασφημῶν
546 681 643 739 καὶ
660 682 781 760 περὶ
804 685 989 742 ἑαυτοῦ
1010 682 1174 758 λέγων
1200 620 1383 764 οἷρσπερ
1405 683 1531 750 ἴσως
1554 687 1645 742 καὶ

138 774 235 849 τρὸς
268 775 387 846 ὑμᾶς
424 766 610 826 αὐτίκα
648 768 909 846 χρήσεται
952 769 1121 846 λόγοις
1164 769 1433 838 ἐξαπατῶν
1482 773 1643 846 ὑμᾶς,

134 864 189 923 ὡς
211 858 335 934 ιε’γὼ
358 853 623 925 Θηὸαίους
662 859 785 930 ὑμῖν
828 858 1049 926 ἐποίησα
1084 857 1411 936 συμμάχους·
1450 883 1474 909 ¹·
1516 856 1643 932 οὔκ,

136 944 243 1004 ἀλλὰ
260 945 315 1003 τὸ
338 947 475 1022 κοινῇ
502 943 771 1022 συμφέρον
796 942 1111 1022 ἀμφοτέραις
1140 945 1385 1019 ἐλυμήνω
1411 949 1523 1011 ταῖς
1546 945 1645 1002 πό-

134 1038 263 1104 λεσιν,
276 1021 315 1090 ὦ
332 1032 668 1106 Δημόσθενες.
689 1057 713 1081 α
740 1030 881 1109 Ἐγὼ
904 1030 1171 1108 παρέταξα
1192 1031 1392 1099 πάντας
1411 1036 1481 1100 εἶς
1502 1035 1645 1092 Χαι-

82 1139 119 1178 2⁵
138 1120 328 1198 ρώνειαν·
354 1117 505 1194 ιοῦκ,
524 1118 665 1177 ἀλλὰ
688 1119 861 1186 ἔλιπες
880 1117 1034 1194 μόνος
1059 1120 1213 1187 αὐτὸς
1236 1119 1333 1191 τὴν
1358 1123 1463 1180 ἐκεῖ
1482 1120 1643 1190 τάξιν·

136 1237 153 1257 ι
170 1206 289 1286 Ἐγὼ
306 1204 491 1271 πολλὰς
527 1205 665 1284 ὑπὲρ
707 1207 849 1282 δρῶν
892 1204 1217 1284 ἐπρέσὸευσα
1258 1206 1537 1285 πρεσὸείας
1557 1225 1573 1242 ·
1618 1233 1643 1259 s

138 1297 205 1372 ιἰι)
232 1298 299 1375 ἐφ’
328 1285 397 1360 οἷς
428 1295 519 1351 οὔκ
554 1283 653 1352 οἶδ’
680 1291 713 1352 ὅ
749 1293 801 1352 τί
827 1297 944 1352 ποτ’
976 1292 1039 1352 ἂν
1066 1294 1309 1367 ἐποίησεν
1334 1293 1367 1364 ἢ
1394 1295 1537 1360 τίνας
1577 1294 1641 1353 ἂν

134 1375 223 1441 εἶπε
242 1381 424 1460 λόγους,
454 1381 501 1439 εἰ
546 1379 743 1454 συνέὸη
780 1384 1105 1460 κατορθῶσαι
1146 1383 1290 1462 αὐτῷ
1322 1381 1357 1440 ἃ
1384 1380 1640 1442 συνεόού-

132 1472 291 1542 λευσεν,
328 1467 377 1536 ὃς
407 1468 491 1528 ἐπὶ
538 1469 651 1534 τοῖς
688 1467 933 1535 τοιούτοις
975 1468 1283 1548 ἀτυχήμασι
1326 1469 1416 1528 καὶ
1460 1471 1641 1537 κακοῖς

133 1559 297 1616 ἅπασαν
321 1557 649 1628 ἐπεληλυθὼς
668 1556 766 1630 τὴν
789 1555 1093 1632 οἰκουμένην
1120 1555 1261 1632 ὅμως
1280 1555 1413 1624 ἀξιοῖ
1440 1557 1635 1635 δωρεὰς

134 1649 241 1722 αὑτῷ
278 1643 499 1703 δεδόσθαι
525 1643 629 1708 τὰς
666 1643 948 1721 μεγίστας,
985 1643 1275 1720 λαμὸάνειν
1308 1646 1451 1723 δῶρα
1492 1643 1629 1703 κατὰ

74 1754 113 1790 ιο
134 1735 204 1800 τῆς
224 1731 443 1809 πατρίδος
468 1731 571 1789 καὶ
596 1729 765 1807 λέγειν
796 1733 885 1790 καὶ
912 1731 1161 1810 πράττειν
1184 1729 1322 1790 κατὰ
1348 1737 1439 1790 τοῦ
1468 1731 1636 1808 δήμου

130 1817 225 1874 ἂᾶν
250 1819 494 1896 βούληται.
588 1819 687 1894 (ιι)
720 1817 829 1876 Καὶ
858 1817 1099 1896 Τιμοθέῳ
1128 1816 1247 1894 μέν,
1270 1808 1315 1875 ὦ
1347 1817 1601 1890 Ἀθηναῖοι
1619 1863 1636 1892 ,

134 1903 474 1976 Πελοπόννησον
502 1903 916 1984 περιπλεύσαντι
937 1905 1027 1963 καὶ
1053 1905 1149 1976 τὴν
1178 1908 1230 1964 ἐν
1251 1906 1495 1986 Κερκύρᾳ
1514 1929 1639 1965 ναυ-

128 1991 287 2069 μαχίαν
304 1993 567 2064 νικήσαντι
592 1991 1039 2070 Λακεδαιμονίους
1061 1993 1149 2051 καὶ
1172 1993 1411 2060 Κόνωνος
1430 1993 1529 2050 υἱεῖ
1544 1997 1637 2052 τοῦ

128 2077 219 2145 τοὺς
240 2077 483 2150 Ἕλληνας
508 2079 951 2156 ἐλευθερώσαντος
978 2079 1069 2139 καὶ
1100 2082 1282 2157 Σάμον
1310 2079 1524 2140 λαὸόντι
1548 2081 1637 2139 καὶ

130 2166 335 2238 Μεθώνην
362 2168 447 2226 καὶ
472 2166 693 2226 Πύδναν
719 2165 810 2225 καὶ
842 2168 1129 2227 Ποτίδαιαν
1154 2169 1245 2227 καὶ
1271 2168 1399 2247 πρὸς
1424 2168 1637 2234 ταύταις

132 2253 277 2332 ἑτέρας
300 2253 451 2315 εἴκοσι
480 2254 667 2320 πόλεις
686 2301 703 2326 ,
739 2256 833 2312 οὐκ
868 2257 1181 2327 ἐποιήσασθε
1204 2256 1481 2334 ὑπόλογον,
1520 2255 1635 2315 οὐδὲ

128 2345 195 2408 τῖς
216 2341 315 2399 τότε
341 2341 621 2412 ἐνεστώσης
644 2341 863 2420 κρίσεως
890 2343 1007 2402 οὐδὲ
1032 2347 1137 2402 τῶν
1166 2343 1356 2423 ὅρκων,
1387 2344 1473 2410 οὓς
1490 2347 1633 2420 ὀμω-

64 2435 115 2486 92
128 2427 303 2502 μοκότες
344 2429 545 2508 ἐφέρετε
592 2427 695 2501 τὴν
740 2431 934 2510 ψῆφον,
979 2430 1494 2501 ἀντικατηλλάξασθε
1544 2430 1637 2498 τὰς

127 2515 323 2582 τοιαύτας
360 2518 693 2597 εὐεργεσίας,
749 2518 863 2575 ἀλλ’
900 2519 1083 2576 ἑκατὸν
1125 2519 1396 2578 ταλάντων
1452 2521 1633 2592 ἐτιμή-

130 2625 253 2675 σατε,
281 2605 353 2662 ὅτι
376 2606 613 2683 χρήματ’
646 2603 803 2662 αὗτδν
830 2603 1143 2684 Ἀριστοφῶν
1186 2605 1285 2685 ἔφη
1317 2605 1463 2684 παρὰ
1492 2607 1635 2666 Χίων

126 2691 343 2772 εἰληφέναι
360 2693 445 2751 καὶ
456 2691 711 2753 Ῥοδίων.
798 2691 895 2771 (ιε)
916 2692 1023 2752 Τὸν
1048 2691 1103 2750 δὲ
1132 2693 1495 2752 κατάπτυστον
1518 2698 1633 2752 τοῦ·

124 2800 191 2834 τον
210 2778 286 2836 καὶ
302 2778 497 2850 Σκύθην
530 2777 827 2856 (ἐξάγομαι
853 2779 1009 2857 γάρ),
1036 2778 1093 2836 ὃν
1120 2782 1217 2858 οὐχ
1247 2769 1316 2844 εἷς
1337 2776 1467 2856 ἀνὴρ
1499 2779 1633 2838 ἀλλὰ

124 2873 237 2924 πᾶσα
258 2872 288 2937 ἡ
310 2866 357 2934 ἐξ
376 2866 570 2945 Ἀρείου
603 2865 778 2938 πάγου
810 2865 971 2944 βουλὴ
994 2865 1268 2938 ζητήσασα
1293 2865 1635 2946 ἀποπέφαγκε

124 2953 327 3030 χρήματα
348 2955 477 3034 ἔχειν
500 2958 625 3012 καθ’
654 2955 820 3028 ὑμῶν,
844 2953 932 3012 καὶ
956 2953 1009 3020 ὃς
1033 2953 1393 3034 ἀποπέφανται
1414 2959 1635 3032 μισθαρ-

82 3054 99 3087 ·'·
120 3043 197 3098 νῶν
221 3043 298 3100 καὶ
322 3043 619 3122 δωροδοκῶν
657 3040 795 3100 κατὰ
821 3045 911 3110 τῆς
936 3041 1133 3107 πόλεως
1154 3039 1243 3098 καὶ
1267 3045 1436 3098 ταῦτα
1467 3040 1635 3110 ἓξελή·

126 3129 329 3203 λεγκται,
357 3135 531 3188 τοῦτον
565 3129 629 3189 οὗ
657 3127 1089 3208 τιμωρησάμενοι
1112 3125 1449 3206 παράδειγμα
1475 3125 1633 3198 ποιή-

120 3236 211 3272 σετε
232 3224 325 3282 τοῖς
349 3217 549 3288 ἅλλοιςς
576 3215 637 3282 ὃς
670 3216 764 3273 οὔκ
784 3218 843 3274 ἐκ
866 3217 967 3272 τῶν
999 3214 1284 3293 βασιλικῶν
1312 3213 1467 3288 μόνον
1492 3216 1634 3285 εἰλη-

120 3302 203 3378 φὼς
240 3306 437 3382 χρυσίον
474 3302 703 3384 φανερός
744 3305 901 3374 ἐστιν,
955 3301 1092 3361 ἀλλὰ
1125 3303 1214 3360 καὶ
1254 3301 1305 3369 ἐξ
1348 3305 1507 3372 αὐτῆς
1540 3305 1635 3372 τῆς

118 3389 281 3457 πόλεως
303 3387 785 3471 κεχρηματισμένος
803 3409 817 3422 ·
850 3395 878 3448 6
905 3395 993 3448 νῦν
1016 3391 1131 3449 οὐδὲ
1158 3393 1263 3449 τῶν
1296 3389 1399 3447 ὑπὸ
1425 3387 1633 3467 Ἁρπά-

117 3476 189 3534 λου
204 3479 529 3554 κομισθέντων
552 3477 851 3558 χρημάτων
870 3481 941 3544 εἰς
966 3475 1059 3548 τὴν
1080 3475 1231 3535 πόλιν
1255 3476 1631 3556 ἀποσχόμενος.

122 3563 193 3638 (ιο)
219 3565 381 3626 Καίτοι
406 3566 457 3624 τί
485 3565 649 3646 μέρος
678 3565 789 3623 ἐστὶ
814 3567 919 3624 τῶν
952 3564 1055 3624 ὕπὸ
1095 3561 1355 3640 Τιμοθέου
1384 3587 1635 3642 πεπραγ-

120 3650 255 3721 μένων
278 3655 469 3730 ἀγαθῶν
500 3654 566 3722 ἃς
598 3653 945 3729 Δημοσθένης
972 3651 1317 3732 ἔπρέσὸευσεν
1348 3654 1418 3717 εἰς
1445 3650 1635 3722 Θήὸας

68 3751 104 3790 10
122 3737 350 3812 πρεσὸείας
361 3739 433 3818 3ἢ
458 3742 536 3810 τίς
558 3743 660 3801 οὐκ
680 3739 742 3798 ἂν
764 3740 1167 3818 καταγελάσειεν
1192 3743 1335 3817 ὑμῶν
1360 3741 1461 3796 τῶν
1484 3743 1633 3798 τοῦτο

118 3827 379 3902 τολμώντων
407 3829 635 3900 ἀκούειν,
672 3826 893 3893 ἀντιθεὶς
927 3828 1007 3906 ἐφ’
1037 3817 1117 3893 αἷς
1144 3819 1289 3892 οὗτος
1319 3825 1631 3903 σεμνύνεται

120 3911 321 3988 πράξεσιν
350 3915 541 3982 ἐκείνας
572 3915 636 3982 ἃς
668 3913 923 3988 Τιμόθεος
954 3917 1091 3990 ὑμᾶς
1108 3914 1197 3972 καὶ
1228 3913 1407 3974 Κόνων
1432 3913 1632 3992 εὐεργέ-

118 4019 281 4073 τησαν;
308 4005 438 4061 ἀλλὰ
460 4005 563 4082 γὰρ
580 4005 643 4063 οὔ
664 4001 797 4082 πρὸς
821 4007 974 4060 τοῦτο
1001 4002 1063 4061 τὸ
1088 4001 1333 4080 κάθαρμα
1358 4001 1633 4080 παραὸάλ-

120 4087 202 4146 λειν
224 4091 292 4148 δεῖ
316 4091 427 4161 τοὺς
457 4093 577 4162 ἄξια
620 4092 716 4152 καὶ
749 4095 843 4164 τῆς
865 4091 1065 4160 πόλεως
1104 4090 1194 4149 καὶ
1222 4095 1323 4150 τῶν
1364 4090 1630 4170 προγόνων

120 4176 219 4256 ὗπὲρ
250 4183 379 4256 ὑμῶν
407 4181 731 4259 πράξαντας.
820 4178 1233 4260 Παρασχόμενος
1264 4167 1350 4238 οὗν
1371 4178 1433 4236 τὸ
1460 4176 1632 4258 ψήφι-

121 4283 205 4334 σμα
227 4267 279 4325 τὸ
302 4268 536 4348 Τιμοθέῳ
565 4267 844 4347 γενόμενον
874 4265 1031 4325 πάλιν
1055 4265 1141 4324 ἐπὶ
1168 4264 1286 4330 τοὺς
1314 4264 1433 4341 περὶ
1448 4265 1629 4323 τούτου

68 4360 102 4401 ¹⁵
122 4348 263 4426 λόγους
284 4357 572 4432 βαδιοῦμαι.
663 4352 823 4430 Λέγε.

652 4512 1047 4572 wamma.

184 4641 239 4680 17.
277 4623 339 4685 ‘0
357 4631 579 4692 τοιοῦτος
594 4673 611 4698 ,
635 4617 682 4684 ὦ
709 4626 1057 4702 Δημόσθενες,
1091 4621 1325 4698 πολίτης,
1350 4621 1402 4688 ὃς
1424 4621 1631 4686 δικαίως

126 4701 173 4760 ἂν
194 4709 268 4768 καὶ
293 4713 595 4790 συγγνώμης
620 4713 713 4771 καὶ
740 4713 953 4792 χάριτος
976 4710 1229 4790 ἐτύγχανε
1265 4707 1411 4789 παρὰ
1446 4709 1549 4766 τῶν
1578 4711 1631 4766 ἐν

124 4792 293 4862 ἐκείνοις
312 4809 411 4866 τοῖς
438 4800 650 4880 χρόνοις
676 4799 1211 4876 συμπολιτευομένων,
1240 4799 1298 4855 οὗ
1320 4795 1489 4874 λόγοις
1516 4792 1629 4852 ἀλλ’

124 4879 255 4957 firm<
280 4887 471 4963 μεγάλα
508 4888 609 4959 τὴν
634 4887 789 4945 πόλιν
820 4887 990 4963 ἀγαθὰ
1012 4884 1235 4956 ποιήσας
1252 4930 1269 4962 ‚
1302 4883 1393 4943 καὶ
1419 4883 1627 4958 διαμεί-

126 4991 197 5036 νας
218 4973 293 5030 ἐπὶ
326 4969 412 5045 τῆς
438 4975 710 5041 πολιτείας
735 4975 826 5034 καὶ
853 4977 943 5035 οὐκ
970 4975 1079 5033 ἄνω
1107 4973 1196 5033 καὶ
1221 4973 1365 5033 κάτω
1390 4971 1628 5048 μεταὸαν

126 5055 297 5132 ἥμενος
336 5061 509 5142 ὥσπερ
558 5061 625 5120 σύ
648 5105 668 5137 ,
712 5062 1037 5132 ἐτελεύτησεν
1081 5062 1140 5120 οὗ
1180 5057 1497 5130 τηλικαύτας
1542 5055 1629 5113 τὸν

128 5143 257 5217 &inm
284 5151 485 5219 αἰτήσας
514 5147 713 5228 δωρεὰς
733 5148 869 5208 ὥστε
890 5152 995 5206 τῶν
1013 5149 1185 5224 νόμων
1205 5135 1335 5204 εἶναι
1362 5143 1628 5224 κρείττων,

935 465 1305 526 mmmm!
1349 467 1473 528 ΟΒ.
1522 467 1831 530 CONTRA
1872 469 2472 534 DEMOSTHENEM.

3173 491 3278 540 167

1734 607 1823 668 rit,
1853 609 1954 672 (12)
1984 612 2290 662 nihilominus
2323 613 2668 664 Demosthenes
2707 613 2926 665 circumit
2952 619 3172 667 senatum
3203 620 3278 667 in·

1732 706 1921 755 sectam
1953 710 2002 757 et
2037 709 2346 771 semetipsum
2383 710 2566 771 jactans
2589 708 2646 758 iis
2681 709 2842 760 verbis
2867 710 3042 773 quibus
3083 712 3282 762 fortasse

1732 803 1857 866 apud
1888 815 1979 852 vos
1999 805 2164 854 statim
2197 809 2360 856 utetur
2393 805 2654 868 decipiendi
2689 805 2874 869 gratia,
2915 819 3068 867 quum
3101 808 3230 857 dicet
3266 821 3277 850 τ

1731 911 1819 962 eqo
1871 899 2026 962 effect
2060 905 2124 952 ut
2175 901 2400 952 Thebani
2434 904 2731 952 societatem
2767 902 3023 952 vobiscum
3051 905 3285 963 intr-enm

1730 1007 1851 1055 non,
1893 994 1976 1044 sed
2018 995 2066 1044 id
2108 996 2240 1058 quod
2279 1010 2418 1060 oeque
2446 995 2625 1046 civitati
2667 995 2858 1058 utrique
2892 995 3201 1058 expediebat,
3229 1001 3280 1046 tu

1731 1089 2016 1150 corrupisti,
2041 1090 2410 1151 Demosthenes3
2444 1102 2532 1152 eqo
2562 1081 2732 1140 onines
2760 1089 2832 1140 ad
2857 1088 3190 1140 Chaeroneam
3221 1094 3275 1140 ιη

1729 1187 1891 1235 aciem
1916 1186 2106 1248 eduxi,-
2132 1201 2253 1248 non,
2284 1187 2368 1237 sed
2403 1188 2532 1238 solus
2563 1189 2660 1237 illie
2696 1187 2844 1238 aciem
2876 1186 3130 1238 deseruisti
3147 1205 3163 1250 ;
3188 1201 3278 1252 eqo

1728 1281 1929 1332 multas
1972 1295 2070 1344 pro
2089 1282 2229 1332 vobis
2258 1283 2541 1346 locationes
2569 1283 2672 1332 obii
2710 1300 2721 1331 :
2756 1282 2856 1346 (13)
2901 1283 3078 1345 quibus
3117 1283 3271 1333 elatus

1728 1378 1952 1441 equidem
1977 1378 2134 1428 nescio
2165 1378 2284 1442 quid
2325 1380 2504 1440 egisset
2533 1380 2620 1428 aut
2655 1390 2766 1441 quae
2799 1377 2946 1428 verba
2984 1377 3200 1440 fecisset,
3239 1380 3280 1428 si

1727 1482 1930 1532 consilia
1961 1482 2066 1544 eius
2101 1495 2374 1532 successum
2397 1481 2701 1543 habuissent,
2729 1481 2814 1544 qui
2837 1479 2898 1530 ad
2927 1481 3046 1532 tales
3077 1483 3276 1533 calami-

1726 1580 1849 1630 tates
1862 1585 1913 1630 et
1943 1581 2076 1630 tanta
2097 1579 2224 1628 maia
2245 1579 2495 1630 eonllsnda
2515 1581 2671 1628 totum
2703 1579 2870 1630 orbem
2889 1582 3126 1630 terrarum
3149 1593 3280 1644 pera-

1724 1674 1907 1734 grarit,
1931 1677 1980 1722 et
2003 1675 2164 1723 tamen
2183 1673 2381 1735 praemia
2397 1672 2486 1722 sibi
2507 1673 2714 1722 maxima
2733 1673 2922 1724 decerni
2960 1675 3200 1738 postulat,
3227 1679 3282 1724 ut

1728 1775 1777 1820 et
1804 1771 1851 1819 in
1890 1770 2056 1833 patriae
2097 1770 2311 1820 fraudem
2347 1783 2544 1820 munera
2573 1772 2731 1834 capiat
2761 1777 2812 1821 et
2845 1773 3012 1822 contra
3047 1774 3278 1835 populum

1724 1863 1915 1926 quidvis
1937 1867 1987 1912 ct
2009 1863 2139 1912 dicat
2161 1864 2210 1912 et
2235 1862 2380 1912 saciat
2403 1864 2614 1925 impune.
2653 1863 2752 1924 (14)
2777 1867 2847 1914 Ac
2879 1863 3134 1914 Timotheo
3171 1864 3276 1930 qui-

1725 1961 1835 2010 dem
1854 1997 1868 2021 ,
1894 1959 2222 2022 Athenienses,
2247 1961 2329 2022 qui
2356 1960 2731 2022 Peloponnesum
2757 1959 2905 2012 classe
2929 1962 3280 2011 circumvectus

1724 2061 1797 2108 est
1822 2058 2002 2120 quique
2031 2057 2417 2106 Lacedaemonios
2441 2057 2598 2107 navali
2621 2056 2682 2106 ad
2715 2059 2975 2120 corcyram
3005 2059 3169 2121 proelio
3195 2072 3278 2108 su-

1725 2153 1928 2216 peravit,
1950 2152 1998 2200 et
2017 2152 2100 2215 qui
2119 2153 2330 2214 conone,
2351 2151 2532 2202 Graecis
2559 2151 2792 2202 libertatis
2815 2154 3108 2213 restitutore,
3137 2155 3278 2204 natus

1726 2247 1847 2307 luit,
1868 2251 1918 2296 et
1941 2259 1968 2296 a
1991 2260 2086 2309 quo
2109 2248 2265 2308 captae
2285 2249 2396 2295 sunt
2421 2248 2595 2296 Samus
2611 2279 2626 2306 ‚
2655 2245 2896 2306 Methone,
2925 2245 3086 2308 Pydna
3101 2282 3114 2306 ,
3147 2247 3275 2296 Poti-

1722 2341 1827 2392 daea
1850 2345 1899 2392 et
1919 2343 2092 2405 proeter
2121 2341 2212 2390 has
2238 2341 2346 2390 alim
2375 2339 2542 2402 viginti
2567 2341 2740 2402 urbes,
2775 2341 2893 2391 nihil
2920 2342 3048 2404 apud
3082 2353 3168 2392 vos
3189 2343 3278 2391 ista

1723 2433 2030 2496 profuerunt,
2059 2445 2214 2494 neque
2242 2431 2356 2482 talis
2381 2429 2608 2480 beneficia
2626 2443 2738 2480 cum
2761 2430 2940 2492 judicio
2963 2433 3070 2482 tum
3101 2435 3275 2482 consti·

1723 2532 1829 2580 tuto
1850 2533 1901 2580 et
1918 2529 2230 2590 iureiurando
2245 2563 2260 2590 ‚
2279 2541 2376 2592 quo
2395 2527 2508 2578 dato
2533 2528 2758 2588 suffragia
2785 2528 3004 2580 terebatis
3021 2565 3036 2590 ,
3055 2541 3274 2579 eommu-

1725 2624 1859 2674 tastis
1875 2660 1891 2687 ,
1921 2623 2006 2672 sed
2031 2624 2224 2672 centum
2253 2621 2444 2672 talentis
2464 2623 2760 2682 mulctatis,
2785 2623 2916 2685 quod
2945 2635 3058 2672 eum
3086 2623 3270 2673 Aristo-

1722 2719 1851 2782 phon
1876 2719 2002 2768 dixit
2039 2729 2068 2766 a
2099 2717 2234 2768 Chiis
2266 2719 2318 2767 et
2343 2717 2544 2768 Rhodiis
2571 2718 2820 2780 muniam
2859 2718 3100 2782 accepisse
3131 2738 3144 2768 ι
3171 2719 3275 2780 (¹5)

1722 2817 1966 2881 impurum
1991 2822 2152 2868 autem
2189 2817 2334 2868 istum
2375 2817 2601 2880 scytham
2635 2819 2832 2880 (neque
2857 2818 2984 2867 enim
3007 2819 3274 2879 temperare

1722 2919 1840 2968 mihi
1876 2919 2064 2980 queo),
2093 2931 2236 2980 quem
2269 2930 2364 2966 non
2396 2929 2521 2966 unus
2538 2915 2632 2978 vir,
2663 2917 2744 2965 sed
2774 2919 2908 2967 totus
2944 2931 3006 2967 ex
3033 2921 3276 2980 Areopago

1720 3016 1944 3077 senatus,
1978 3014 2102 3064 facta
2129 3013 2460 3076 inquisitione,
2499 3011 2748 3075 pecuniam
2788 3014 2953 3062 contra
2981 3025 3067 3064 vos
3102 3013 3277 3064 habere

1722 3109 1980 3171 indicavit,
2019 3121 2164 3172 quem
2200 3121 2300 3158 esse
2323 3109 2669 3160 mercenarium
2693 3109 2744 3158 et
2778 3109 3071 3171 captatorem
3103 3121 3272 3158 mune·

1722 3217 1829 3252 rum
1853 3205 2022 3252 contra
2045 3200 2386 3264 rempublicam
2409 3201 2672 3251 declaravit
2698 3205 2745 3250 et
2769 3201 2938 3250 harum
2971 3213 3129 3251 rerum
3160 3215 3272 3250 οοιι-

1724 3297 1870 3358 νίοιι,
1904 3308 2018 3345 eum
2043 3309 2137 3346 non
2161 3295 2486 3344 ulciscemini?
2509 3295 2558 3342 in
2589 3307 2703 3344 eum
2733 3295 2954 3356 exempla
2977 3309 3070 3344 non
3093 3295 3276 3346 edetis?

1722 3407 1867 3458 quem
1896 3406 1994 3444 uon
2039 3393 2184 3444 modo
2213 3393 2398 3454 regium
2437 3405 2612 3442 aurum
2643 3393 2880 3454 accepisse
2921 3394 3108 3442 constat
3123 3429 3138 3453 ,
3187 3393 3272 3442 sed

1722 3490 1875 3551 ipsam
1893 3490 2038 3540 etiam
2053 3487 2398 3550 rempublicam
2417 3499 2522 3536 esse
2546 3485 2898 3549 depeculatum,
2917 3487 2968 3536 et
2981 3497 3108 3534 nunc
3127 3499 3188 3534 ne
3206 3486 3270 3534 ab

1722 3587 1930 3650 Harpalo
1951 3586 2144 3649 quidem
2163 3585 2306 3635 allata
2335 3585 2535 3647 pecunia
2561 3582 2856 3632 abstinuisse.
2895 3583 2994 3643 (16)
3011 3581 3266 3631 Enimvero

1720 3697 1863 3747 quarn
1888 3683 2167 3734 meritorum
2195 3677 2436 3730 Timothei
2459 3681 2639 3740 partem
2669 3677 2968 3726 constituunt
2989 3677 3270 3726 Demosthe-

1722 3781 1796 3830 nis
1824 3781 2081 3844 legationes
2112 3777 2291 3829 Thebis
2327 3776 2498 3824 obitae?
2521 3775 2606 3824 aut
2637 3773 2750 3836 quis
2789 3786 2884 3822 non
2908 3773 3122 3823 derideat
3154 3786 3270 3832 vos,

1721 3875 1803 3939 qui
1847 3873 2012 3923 audire
2053 3873 2144 3920 isla
2181 3882 2274 3919 non
2309 3867 2603 3931 gravemini,
2635 3867 2676 3916 si
2711 3865 2924 3916 conserat
2947 3879 3028 3916 eas
3064 3867 3273 3916 actiones

1720 3966 1896 4030 quibus
1921 3965 2006 4013 iste
2033 3963 2260 4024 gloriatur
2285 3973 2396 4008 cum
2433 3958 2668 4008 Timothei
2697 3963 2746 4008 et
2766 3957 2974 4007 Cononis
2996 3957 3272 4008 beneficiis?

1723 4067 1815 4118 Sed
1841 4080 1936 4116 non
1965 4063 2100 4114 decet
2130 4074 2241 4111 cum
2265 4059 2530 4123 quisquiliis
2552 4059 2656 4108 istis
2684 4071 2765 4108 eos
2787 4059 3052 4119 comparari
3074 4057 3160 4121 qui
3198 4071 3274 4107 res

1721 4177 1809 4227 pro
1847 4161 1986 4211 vobis
2022 4163 2072 4210 et
2094 4158 2338 4222 republica
2369 4159 2529 4206 nostra
2548 4158 2596 4204 et
2621 4154 2884 4216 majoribus
2907 4153 3074 4215 dignas
3111 4165 3266 4212 gesse·

1720 4265 1849 4312 runt.
1874 4265 2034 4320 Quare
2051 4261 2242 4310 senaim
2265 4255 2483 4306 consulto
2501 4254 2562 4303 de
2575 4253 2828 4304 Timotheo
2844 4252 3058 4302 exhibito
3075 4289 3088 4314 ,
3117 4265 3270 4301 rever·

1720 4367 1795 4415 tar
1817 4363 1877 4413 ad
1904 4361 2168 4412 orationem
2192 4359 2254 4409 de
2281 4359 2374 4408 isto
2396 4355 2675 4407 institutam.
2707 4354 2887 4404 Recita.

2135 4501 2406 4550 SENATUS
2438 4497 2834 4548 consummi.

1786 4635 1859 4680 17.
1894 4627 2020 4678 Talis
2044 4627 2134 4676 luit
2154 4625 2232 4675 ille
2249 4623 2384 4685 civis,
2400 4619 2762 4678 Demosthenes,
2787 4615 2868 4678 qui
2879 4615 2990 4678 jure
3014 4615 3064 4662 et
3085 4611 3270 4661 veniam

1719 4755 1767 4803 et
1785 4749 1984 4814 gratiam
2009 4745 2264 4797 invenisset
2289 4757 2316 4792 a
2345 4742 2443 4791 suis
2465 4739 2674 4799 civibus,
2707 4735 2884 4799 quippe
2904 4733 2986 4795 qui
3015 4745 3110 4781 non
3132 4731 3272 4780 dictis

1717 4873 1799 4925 sed
1828 4871 1966 4922 lactis
1991 4870 2140 4920 multa
2163 4866 2318 4916 officia
2337 4861 2607 4926 reipublicae
2631 4858 2869 4922 praestitit,
2893 4855 2978 4919 qui
3001 4853 3126 4904 idem
3147 4865 3269 4902 sem·

1722 5009 1807 5058 per
1834 4995 2108 5044 institutum
2137 5000 2290 5051 nsque
2317 4988 2380 5036 ad
2403 4985 2586 5034 obitum
2607 4980 2789 5039 tenuit,
2817 4993 2910 5028 non
2931 4979 2986 5028 nt
3002 4978 3058 5027 ιιι
3090 4976 3267 5026 crebris

1720 5111 2064 5164 mutationibus
2107 5105 2388 5163 fluctuavit,
2425 5113 2582 5162 neque
2611 5100 2762 5146 tantas
2801 5095 3204 5146 remunerationes
3239 5107 3266 5142 a

70 5236 109 5274 ἱ)
128 5231 211 5289 οὐδ’
236 5234 441 5313 οἰόμενος
476 5237 581 5296 δεῖν
620 5235 737 5304 τοὺς
764 5234 1103 5314 ὀμωμοκότας
1128 5232 1265 5294 κατὰ
1294 5231 1409 5299 τοὺς
1435 5231 1626 5310 νόμους
1720 5236 1895 5299 populo
1920 5228 2148 5293 flagitavit
2170 5231 2222 5275 ut
2243 5223 2458 5287 superior
2480 5224 2606 5271 osset
2628 5215 2812 5280 legibus
2834 5253 2848 5278 ,
2871 5227 3028 5279 neque
3059 5211 3269 5276 postula-
