3825 5834
478 515 587 564 116

472 635 549 711 τῷ
578 629 903 708 Γνωσιδήμῳ
928 629 1007 687 ὅτι
1030 627 1306 706 ἐλαχίστου
1345 627 1543 706 χαλκοῦ
1571 623 1714 684 οὐδὲν
1744 621 1938 698 δέοιτο,
1967 619 2027 680 τὸ

475 721 532 781 δὲ
554 717 807 776 τάλαντον
835 716 919 775 διὰ
953 721 1043 775 τοῦ
1072 714 1309 774 Καλλίου
1340 712 1684 790 εἰσπράττειν.
1770 711 2027 786 Ἀναγκα-

476 806 681 880 ζόμενοι
707 805 761 862 δὲ
789 807 836 863 οἰ
880 803 1118 881 Ὠρεῖται
1163 799 1253 858 καὶ
1282 802 1376 858 οὐκ
1412 801 1743 879 εὐποροῦντες
1770 795 2028 855 ὑπέθεσαν

398 905 451 946 25
474 895 617 973 αὐτῷ
656 896 748 950 τοῦ
791 889 1050 948 ταλάντου
1091 886 1183 954 τὰς
1212 885 1465 962 δημοσίας
1488 884 1798 966 προσόδους,
1824 882 1915 942 καὶ
1942 880 2026 940 τό·

476 1000 566 1036 κον
594 975 821 1053 ἤνεγκαν
848 973 1169 1051 Δημοσθένει
1202 978 1292 1032 τοῦ
1322 971 1749 1052 δωροδοκήματος
1786 967 2030 1050 δραχμὴν

474 1070 566 1122 τοῦ
614 1061 773 1140 μηνὸς
814 1067 906 1132 τῆς
955 1071 1085 1138 μνᾶς
1100 1105 1117 1133 ,
1162 1059 1257 1127 ἕως
1307 1059 1369 1118 τὸ
1418 1057 1697 1140 κεφάλαιον
1744 1054 2026 1115 ἀπέδοσαν.

476 1152 589 1211 Καὶ
636 1151 788 1210 πάντ’
839 1149 1077 1229 ἐπράχθη
1128 1145 1264 1224 μετὰ
1316 1146 1648 1227 ψηφίσματος
1696 1150 1787 1203 τοῦ
1838 1143 2026 1221 δήμου.

478 1239 597 1316 (ios)
626 1237 757 1297 Ὅτι
780 1236 833 1296 δὲ
859 1239 1061 1308 τάληθῆ
1084 1234 1249 1313 λέγω,
1273 1231 1405 1292 λαὸέ
1434 1257 1525 1309 μοι
1548 1231 1611 1292 τὸ
1644 1231 1891 1314 ψήφισμα
1930 1233 2033 1288 τῶν

476 1325 745 1405 Ὠρειτῶν.

1100 1441 1412 1488 ΨΗΦῙΣΜΑ.

561 1579 721 1642 Τοῦτ’
748 1580 857 1640 ἐστὶ
892 1579 951 1637 τὸ
988 1578 1263 1660 ψήφισμα,
1290 1564 1335 1634 ὦ
1370 1575 1656 1650 Ἀθηναῖοι,
1686 1575 1907 1656 αἰσχύνη
1941 1575 2035 1651 μὲν

484 1674 575 1740 τ’ἧς
617 1668 847 1739 πόλεως,
875 1665 1086 1744 ἔλεγχος
1129 1663 1182 1722 δὲ
1218 1665 1275 1722 οὐ
1323 1663 1501 1743 μικρὸς
1544 1668 1647 1722 τῶν
1676 1661 2036 1738 Δημοσθένους

404 1771 457 1809 so
484 1755 896 1830 πολιτευμάτων,
925 1749 1119 1831 φανερὰ
1143 1749 1197 1808 δὲ
1220 1749 1505 1829 κατηγορία
1532 1755 1621 1808 τοῦ
1643 1752 2036 1828 Κτησιφῶντος·

484 1842 573 1902 τὸν
603 1841 705 1920 γὰρ
732 1839 789 1898 οὗ
800 1863 891 1903 τως
920 1841 1146 1916 αἰσχρῶς
1176 1837 1559 1912 δωροδοκοῦντα
1588 1837 1683 1895 οὐκ
1706 1835 1845 1893 ἔστιν
1873 1835 2036 1913 ἄνδρα

484 1927 749 2006 γεγονέναι
778 1925 992 2004 ἀγαθόν,
1023 1923 1058 1982 ἃ
1096 1923 1412 2000 τετόλμηκεν
1451 1915 1594 1990 οὗτος
1632 1921 1831 2003 γράψαι
1871 1923 1924 1980 ἐν
1961 1924 2036 2001 τῷ

484 2017 805 2097 ψηφίσματι.

569 2121 663 2161 ios.
710 2099 949 2160 'Emuo'
979 2097 1079 2169 ἤδη
1122 2095 1368 2155 τέτακται
1394 2095 1485 2154 καὶ
1512 2098 1539 2153 ὁ
1568 2095 1735 2176 τρίτος
1772 2100 1874 2156 τῶν
1922 2118 2040 2155 και-

492 2193 614 2268 ρῶν,
667 2188 865 2265 μᾶλλον
916 2185 959 2242 δ’
1003 2190 1031 2244 ὁ
1068 2183 1275 2243 πάντων
1321 2183 1625 2263 πικρότατος
1668 2183 1849 2265 χρόνος
1868 2229 1883 2254 ,
1914 2187 1968 2242 ἐν
1993 2174 2038 2264 ᾧ

486 2273 819 2352 Δημοσθένης
839 2271 1080 2331 ἀπώλεσε
1103 2272 1195 2338 τὰς
1212 2276 1313 2330 τῶν
1332 2271 1599 2342 Ἐλλήνων
1619 2272 1709 2329 καὶ
1731 2277 1823 2344 τῆς
1842 2271 2042 2338 πόλεως

486 2363 713 2443 πράξεις,
744 2359 1007 2430 ἀσεὸήσας
1029 2360 1122 2435 μὲν
1147 2361 1216 2426 εἰς
1241 2357 1297 2417 τὸ
1324 2357 1458 2435 ἱερὸν
1486 2357 1544 2416 τὸ
1572 2359 1623 2415 ἐν
1653 2360 1905 2436 Δελφοῖς,
1929 2357 2036 2415 ἀδι-

408 2464 461 2505 25
487 2473 575 2508 κον
601 2445 655 2507 δὲ
679 2446 769 2506 καὶ
787 2447 1023 2523 οὐδαμῶς
1040 2441 1159 2516 ἴσην
1189 2443 1283 2516 τὴν
1305 2445 1430 2525 πρὸς
1447 2443 1714 2517 Θηὸαίους
1733 2442 2042 2522 συμμαχίαν

487 2534 709 2616 γράψας.
792 2532 1043 2612 Ἀρξομαι
1076 2533 1129 2590 δὲ
1159 2531 1265 2590 ἀπὸ
1291 2535 1392 2589 τῶν
1438 2534 1509 2598 εἰς
1547 2533 1663 2597 τοὺς
1704 2529 1846 2597 θεοὺς
1885 2531 2042 2587 αὐτοῦ

488 2618 958 2698 πλημμελημάτων
981 2617 1169 2695 λέγειν.

572 2729 669 2770 107.
712 2703 875 2768 Ἔστι
912 2705 1043 2784 γάρ,
1070 2694 1115 2763 ὦ
1146 2703 1427 2777 Ἀθηναῖοι,
1453 2703 1513 2762 τὸ
1545 2703 1791 2784 Κιρραῖον
1834 2704 2040 2780 ὠνομα-

492 2794 679 2872 σμένον
704 2793 881 2851 πεδίον
910 2791 999 2850 καὶ
1024 2789 1184 2868 λιμὴν
1214 2794 1241 2848 ὁ
1268 2794 1357 2848 νῦν
1387 2790 1648 2866 ἐξάγιστος
1675 2789 1764 2848 καὶ
1792 2787 2046 2869 ἐπάρατος

489 2879 878 2958 ὠνομασμένος.
963 2879 1179 2948 Ταύτην
1207 2877 1331 2936 ποτὲ
1367 2876 1462 2949 τὴν
1504 2875 1681 2957 χώραν
1732 2874 2047 2958 κατῴκησαν

492 2970 733 3049 Κιρραῖοι
756 2967 845 3027 καί
876 2963 1205 3045 Κραγαλίδαι
1222 3008 1239 3034 ,
1262 2963 1383 3042 γένη
1412 2962 1832 3045 παρανομώτατα
1851 3009 1870 3039 ,
1896 2962 1948 3021 οἳ
1978 2963 2050 3029 εἰς

489 3056 549 3116 τὸ
590 3055 727 3135 ἱερὸν
771 3055 829 3113 τὸ
879 3055 933 3112 ἐν
971 3053 1187 3133 Δελφοῖς
1216 3051 1303 3109 καὶ
1353 3050 1418 3110 τὰ
1452 3050 1763 3127 ἀναθήματα
1798 3050 2044 3125 ἠσέὸουν,

415 3158 469 3197 00
492 3143 844 3222 ἐξημάρτανον
878 3139 932 3199 δὲ
976 3139 1066 3199 καὶ
1101 3141 1171 3206 εἰς
1216 3137 1332 3204 τοὺς
1358 3137 1746 3218 Ἀμφικτύονας.
1832 3137 2052 3214 Ἀγανα-

490 3231 775 3302 κτήσαντες
798 3231 843 3287 δ’
866 3227 953 3287 ἐπὶ
975 3235 1083 3294 τοῖς
1104 3225 1393 3304 γενομένοις
1412 3229 1641 3302 μάλιστα
1662 3227 1777 3302 μέν,
1803 3229 1870 3292 ὥς
1896 3223 2048 3302 λέγε-

490 3343 609 3390 ται,
649 3320 696 3377 οἱ
735 3314 981 3395 πρόγονοι
1015 3317 1063 3373 οἱ
1091 3312 1363 3394 ὑμέτεροι,
1391 3313 1571 3371 ἔπειτα
1600 3311 1654 3370 δὲ
1680 3312 1769 3370 καὶ
1808 3314 1856 3370 οἱ
1901 3311 2049 3370 ἄλλοι

493 3403 859 3488 Ἀμφικτύονες
908 3402 1157 3481 μαντείαν
1198 3401 1575 3478 ἐμαντεύσαντο
1624 3399 1769 3480 παρὰ
1808 3403 1883 3480 τῷ
1919 3402 2049 3479 θεῷ,

492 3495 593 3554 τίνι
636 3491 743 3575 χρὴ
775 3491 1003 3573 τιμωρία
1042 3489 1159 3557 τοὺς
1189 3489 1485 3569 ἀνθρώπως
1511 3489 1719 3553 τούτους
1763 3489 2045 3562 μετελθεῖν.

496 3582 610 3660 (ιω)
653 3579 763 3640 Καὶ
802 3581 973 3644 αὐτοῖς
1001 3583 1205 3657 ἀναιρεῖ
1229 3581 1264 3648 ἡ
1312 3575 1482 3636 Πυθία
1510 3575 1754 3651 πολεμεῖν
1784 3572 2051 3654 Κιρραίοις

494 3670 584 3728 καὶ
609 3667 969 3747 Κραγαλίδαις
994 3665 1148 3723 πάντ’
1168 3664 1353 3739 ἤματα
1384 3663 1474 3722 καὶ
1506 3661 1681 3729 πάσας
1708 3661 1922 3734 νύκτας,
1963 3659 2054 3719 καὶ

493 3753 590 3825 τὴν
618 3753 795 3833 χώραν
826 3755 995 3812 αὐτῶν
1019 3749 1439 3829 ἐκπορθήσαντας
1467 3747 1557 3807 καὶ
1582 3746 1766 3814 αὐτοὺς
1791 3749 2050 3825 ἀνδραπο·

394 3861 465 3909 (39
502 3841 805 3918 δισαμένους
845 3841 1106 3896 ἀναθεῖναι
1154 3841 1229 3916 τῷ
1283 3836 1566 3896 Ἀπόλλωνι
1610 3838 1685 3915 τῷ
1741 3833 1924 3912 Πυθίῳ
1961 3833 2052 3894 καὶ

498 3927 759 4005 Ἀρτέμιδι
806 3925 894 3983 καὶ
944 3929 1109 3996 Λητοῖ
1148 3922 1239 3982 καὶ
1284 3923 1473 4002 Ἀθηνᾷ
1506 3920 1741 4000 Προναίᾳ
1782 3922 1870 3981 ἐπὶ
1905 3921 2050 4001 πάσῃ

497 4013 707 4094 ἀεργίᾳ,
733 4011 822 4070 καὶ
843 4011 1037 4082 ταύτην
1062 4011 1156 4081 τὴν
1178 4010 1357 4089 χώραν
1389 4009 1509 4084 μήτ’
1538 4008 1718 4074 αὐτοὺς
1750 4009 2054 4089 ἐργάζεσθαι

500 4101 621 4176 μήτ’
646 4101 800 4157 ἄλλον
832 4101 942 4157 ἐᾶν.
1027 4096 1289 4162 Λαὸόντες
1312 4095 1366 4153 δὲ
1390 4095 1477 4153 τὸν
1499 4095 1739 4175 χρησμὸν
1781 4099 1829 4154 οἱ
1853 4097 2051 4176 Ἀμφι-

440 4208 445 4212 ·
500 4187 705 4253 κτύονες
747 4185 1066 4265 ἐψηφίσαντο
1114 4183 1349 4248 Σόλωνος
1374 4182 1603 4246 εἰπόντος
1653 4182 1915 4253 Ἀθηναίου
1960 4183 2054 4254 τὴν

499 4272 732 4352 γνώμην,
783 4272 961 4350 ἀνδρὸς
1010 4271 1099 4330 καὶ
1150 4273 1489 4346 νομοθετῆσαι
1536 4270 1753 4326 δυνατοῦ
1802 4271 1891 4327 καὶ
1935 4270 2054 4350 περὶ

444 4387 469 4423 r,
492 4357 706 4432 ’ποίησιν
745 4360 837 4418 καὶ
876 4358 1178 4439 φιλοσοφίαν
1228 4357 1625 4436 διατετριφότος,
1670 4357 2055 4436 ἐπιστρατεύειν

500 4450 585 4510 ἐπὶ
611 4445 727 4516 τοὺς
750 4449 944 4526 ἐναγεῖς
968 4445 1106 4504 κατὰ
1131 4445 1225 4518 τὴν
1254 4443 1501 4522 μαντείαν
1526 4450 1613 4502 τοῦ
1640 4449 1781 4503 θεοῦ·
1827 4446 1942 4522 (ιω)
1967 4446 2054 4504 καὶ

501 4537 923 4616 συναθροίσαντες
969 4535 1187 4611 δύναμιν
1238 4533 1422 4603 ἱκανὴν
1485 4536 1586 4590 τῶν
1653 4531 2054 4614 Ἀμφικτυόνων,

501 4624 1003 4704 ἐξηνδραποδίσαντο
1056 4619 1171 4688 τοὺς
1228 4619 1523 4698 ἀνθρώπους
1576 4619 1668 4677 καὶ
1725 4619 1811 4676 τὸν
1870 4618 2055 4696 λιμένα

502 4712 708 4790 ἔχωσαν
763 4712 853 4770 καὶ
899 4710 993 4782 τὴν
1044 4709 1194 4768 πόλιν
1245 4711 1413 4767 αὐτῶν
1456 4707 1794 4786 κατέσκαψαν
1828 4706 1920 4764 καὶ
1963 4705 2056 4774 τὴν

501 4799 680 4878 χώραν
721 4801 890 4858 αὐτῶν
916 4797 1242 4878 καθιέρωσαν
1268 4795 1405 4854 κατὰ
1436 4795 1529 4864 τὴν
1560 4793 1827 4872 μαντείαν·
1852 4792 1943 4849 καὶ
1971 4791 2056 4852 ε’πί

503 4887 701 4950 τούτοις
734 4885 889 4966 ὅρκον
934 4885 1149 4964 ὤμοσαν
1195 4883 1406 4962 ἰσχυρὸν
1454 4881 1577 4957 μήτ’
1612 4881 1755 4939 αὐτοὶ
1783 4879 1877 4950 τὴν
1913 4878 2056 4956 ἱερὰν

430 4995 479 5032 1⁰
506 4977 603 5050 γῆν
650 4971 959 5052 ἐργάσεσθαι
1001 4971 1123 5047 μήτ’
1167 4971 1309 5050 ἄλλῳ
1356 4966 1665 5045 ἐπιτρέψειν,
1696 4963 1834 5022 ἀλλὰ
1866 4964 2057 5042 βοηθή-

507 5084 613 5118 σειν
664 5063 737 5139 τῷ
778 5065 877 5140 θεῷ
924 5059 1013 5118 καὶ
1059 5063 1123 5138 τῇ
1169 5062 1235 5136 γῇ
1278 5060 1342 5134 τῇ
1369 5061 1485 5134 ἱερᾷ
1520 5055 1611 5113 καὶ
1638 5052 1776 5132 χειρὶ
1805 5054 1895 5110 καὶ
1939 5053 2059 5112 ποδὶ

510 5147 622 5226 [καὶ
646 5147 815 5227 φωνῇ]
845 5147 934 5204 καὶ
964 5147 1109 5224 πάσῃ
1152 5145 1387 5220 δυνάμει.
1474 5145 1589 5218 (uo)
1636 5140 1743 5199 Καὶ
1788 5141 1882 5197 οὗκ
1927 5139 2056 5196 ἀπέ-

504 5257 701 5310 χρησεν
744 5237 913 5302 αὐτοῖς
960 5239 1139 5293 τοῦτον
1170 5231 1321 5309 μόνον
1360 5230 1447 5289 τὸν
1490 5225 1638 5309 ὅρκον
1676 5226 1865 5304 ὀμόσαι
1882 5271 1897 5298 ,
1926 5226 2060 5284 ἀλλὰ

1391 494 1760 557 ΑΙΣΧΙΝΟΥ
1797 493 1848 554 0
1892 491 2102 552 ΚΑΤΑ
2146 487 2720 549 ΚΤΗΣΙΦΩΝΤΟΣ.

3251 561 3272 576 ,
3367 487 3652 563 (ιω-ωε)

2117 625 2335 688 spondit,
2353 624 2443 675 sihi
2467 625 2734 688 pauxillulo
2751 625 2860 674 aeris
2875 623 2994 674 nihil
3013 635 3116 674 esse
3133 637 3275 687 opus,
3297 623 3530 674 talentum
3556 637 3658 673 vero

2117 736 2201 785 per
2220 721 2418 772 calliam
2435 735 2488 772 se
2503 724 2807 773 exacturum.
2833 721 3000 772 coacti
3017 721 3162 784 igitur
3179 722 3332 772 oritae
3345 757 3359 783 ,
3375 735 3532 784 neque
3543 721 3662 772 unde

2116 827 2362 874 sumerent
2392 823 2650 886 habentes,
2690 823 2936 886 vectigalia
2970 823 3163 886 publica
3193 823 3362 874 talenti
3401 827 3592 874 nomine
3621 826 3660 874 ei

2117 925 2502 987 oppignersmnt,
2521 925 2570 974 et
2587 924 2804 987 pecunias
2823 923 2954 974 illius
2975 924 3179 986 turpiter
3195 924 3466 974 conciliata
3481 937 3662 974 usuram

2119 1022 2366 1072 solverunt
2393 1021 2706 1072 Demostheni
2741 1021 2938 1085 singulis
2957 1023 3205 1072 mensibus
3235 1035 3386 1072 unam
3409 1023 3462 1072 in
3495 1025 3664 1074 minam

2119 1119 2426 1184 drachmam,
2461 1121 2616 1172 donec
2653 1122 2830 1170 sortem
2873 1120 3208 1172 reddidissent.
3245 1125 3404 1184 Atque
3437 1123 3542 1174 haec
3565 1125 3664 1173 scta

2121 1223 2236 1271 sunt
2273 1233 2385 1270 cum
2415 1222 2576 1286 populi
2601 1221 2738 1272 scito.
2801 1221 2932 1284 (105)
2971 1221 3118 1280 Quod
3152 1225 3209 1272 ut
3249 1234 3368 1272 vere
3399 1235 3432 1272 a
3469 1237 3548 1274 me
3577 1223 3664 1272 dici

2123 1322 2336 1383 constet,
2361 1334 2500 1372 sume
2529 1321 2624 1371 hoc
2650 1323 2896 1372 oritarum
2930 1322 3253 1384 plebiscitum.

2679 1449 3087 1492 PansctTmt
3101 1473 3116 1488 -

2188 1583 2292 1632 iioc
2317 1583 2390 1632 est
2408 1581 2524 1632 illud
2549 1581 2850 1645 plebiscitum
2865 1618 2879 1643 ,
2906 1581 3239 1642 Athenienses,
3263 1583 3496 1645 probrum
3514 1597 3572 1635 ac
3591 1583 3664 1634 de·

2125 1669 2272 1720 decus
2301 1671 2480 1719 nostrai
2505 1669 2740 1732 civitatis,
2767 1681 2930 1719 rerum
2966 1682 2995 1719 a
3025 1670 3348 1720 Demosthene
3385 1673 3574 1734 publice
3595 1685 3669 1734 ge-

2125 1759 2310 1807 starum
2319 1770 2414 1806 non
2424 1757 2530 1806 leve
2543 1754 2790 1818 indidem,
2801 1755 3049 1820 perspicua
3059 1757 3378 1819 ctesiphontis
3391 1759 3665 1809 criminatio.

2128 1847 2249 1896 Nam
2267 1845 2352 1908 qui
2387 1845 2490 1894 tam
2511 1845 2717 1907 turpiter
2740 1845 3018 1894 muneribus
3033 1856 3086 1894 se
3105 1846 3512 1907 corrumpendum
3537 1845 3668 1895 dede·

2129 1933 2216 1994 rit,
2236 1931 2339 1981 fieri
2361 1945 2456 1980 non
2475 1933 2631 1994 potest
2647 1933 2702 1981 ut
2724 1931 2798 1980 vir
2814 1931 2969 1981 bonus
2987 1931 3066 1991 sit,
3083 1932 3212 1994 quod
3235 1934 3401 1982 tamen
3423 1933 3514 1983 'nte
3529 1935 3578 1983 iu
3593 1947 3670 1984 suo

2127 2031 2274 2068 ausus
2291 2021 2364 2069 est
2383 2018 2574 2068 decreto
2603 2018 2910 2081 μετετίθετο.

2195 2113 2297 2156 106.
2334 2107 2424 2156 iiic
2457 2118 2571 2154 vero
2596 2105 2792 2154 tertium
2819 2106 2918 2167 jam
2947 2103 3235 2154 collocatum
3260 2107 3457 2169 tempus
3487 2109 3582 2167 est,
3603 2107 3669 2156 vel

2128 2197 2288 2257 potius
2320 2192 2536 2242 omnium
2559 2191 2860 2242 acerbissima
2891 2193 3176 2254 tempestas,
3212 2205 3308 2255 qua
3347 2195 3672 2245 Demosthenes

2129 2283 2178 2331 et
2213 2283 2492 2330 Graecorum
2533 2281 2582 2328 et
2621 2277 2830 2328 civitatis
2867 2281 3044 2328 nostrae
3083 2279 3434 2342 rempublicam
3473 2281 3672 2331 funditus

2131 2367 2302 2416 evertit
2316 2401 2331 2423 ,
2353 2366 2560 2429 primum
2585 2379 2736 2429 quum
2755 2364 2804 2414 in
2827 2365 3058 2427 tempium
3081 2365 3368 2427 Delphicum
3399 2367 3543 2430 impie
3567 2367 3673 2417 deli·

2132 2453 2255 2514 quit,
2269 2451 2440 2502 deinde
2459 2464 2610 2514 quum
2629 2452 2854 2514 injustam
2879 2453 2932 2501 et
2951 2453 3146 2500 omnino
3179 2451 3412 2514 imperem
3433 2467 3544 2503 eum
3567 2455 3672 2503 The-

2133 2541 2270 2590 banis
2307 2539 2582 2590 societstem
2619 2539 2848 2589 decrevit.
2873 2539 2970 2589 Sed
3005 2552 3034 2587 a
3054 2539 3341 2601 sceleribus,
3365 2553 3482 2602 qim
3501 2541 3550 2590 in
3573 2541 3675 2590 deos

2133 2626 2426 2677 immortales
2445 2625 2678 2688 suscepit,
2693 2625 2884 2676 initium
2905 2625 3100 2676 ducam.

2203 2719 2304 2765 107.
2327 2715 2538 2776 Campus
2558 2715 2659 2774 est,
2694 2711 3032 2774 Athenienses,
3057 2724 3205 2774 quem
3235 2713 3508 2764 Cirrhoeum
3531 2713 3674 2764 nomi-

2135 2814 2278 2874 nant,
2310 2794 2574 2874 portusque
2599 2811 2683 2872 qui
2715 2809 2856 2860 hodie
2883 2815 3026 2861 Sacer
3043 2813 3094 2860 et
3115 2811 3388 2863 sceleratus
3404 2814 3672 2876 appellatur.

2138 2916 2256 2963 Eam
2287 2911 2524 2974 regionem
2545 2911 2804 2961 tenuerunt
2819 2909 2934 2959 olim
2961 2909 3163 2958 cirrlmi
3183 2915 3234 2960 et
3256 2911 3550 2974 cragalidae,
3571 2925 3672 2975 gen·

2135 3013 2208 3063 tes
2224 3023 2254 3061 a
2267 3012 2448 3076 legibus
2458 3009 2771 3070 dionissium,
2791 3011 2938 3074 quiet
2955 3009 3193 3073 templum
3211 3010 3502 3074 Delphicum
3515 3014 3562 3062 et
3577 3025 3676 3075 qun

2137 3115 2188 3165 in
2221 3129 2280 3166 eo
2310 3117 2447 3166 erant
2473 3113 2672 3164 donaria
2705 3113 2974 3175 violarunt,
3013 3113 3252 3176 simulque
3286 3115 3676 3178 Amphictyonum

2138 3212 2340 3262 concilio
2361 3212 2560 3274 iniurias
2573 3212 2854 3262 intulerunt.
2919 3213 3000 3262 0b
3016 3213 3121 3262 haee
3133 3213 3278 3275 igitur
3297 3215 3428 3266 facta
3447 3216 3675 3280 indignati,

2138 3325 2289 3375 quum
2309 3310 2479 3373 reliqui
2499 3309 2884 3373 Amphictyones,
2905 3311 3012 3360 tum
3039 3323 3157 3360 vero
3181 3312 3415 3374 maxime,
3435 3316 3492 3363 ut
3515 3315 3676 3374 terunt,

2140 3414 2345 3476 maiores
2363 3413 2537 3474 vestri,
2551 3413 2802 3463 oraculum
2821 3413 2898 3463 dei
2925 3413 3242 3474 scitabantur,
3264 3411 3444 3475 quibus
3457 3412 3679 3478 suppliciis

2140 3515 2188 3564 in
2207 3516 2320 3566 istos
2341 3515 2554 3565 homines
2563 3515 2942 3565 animadvertere
2956 3517 3215 3577 oporteret.
3285 3517 3418 3576 (los)
3439 3513 3678 3578 Respondit

2144 3617 2340 3680 Pythia,
2379 3616 2452 3666 uti
2491 3617 2730 3666 Cirrhaeos
2769 3617 2820 3666 et
2857 3615 3130 3678 cragalidas
3165 3615 3296 3665 omni
3341 3618 3560 3680 tempore
3591 3615 3678 3665 dies

2141 3719 2398 3780 noctesque
2417 3714 2540 3764 bello
2573 3716 2826 3775 vexarent,
2853 3713 3144 3777 direptisque
3165 3727 3334 3764 eorum
3357 3715 3536 3766 tinibus
3555 3716 3678 3778 ipsis·

2141 3823 2236 3874 que
2268 3809 2316 3858 in
2346 3807 2624 3858 servitutem
2652 3807 2929 3871 abstractis,
2961 3819 3100 3870 agros
3129 3807 3236 3857 illos
3263 3809 3470 3871 Apollini
3501 3808 3678 3870 Pythio,

2141 3910 2326 3970 Dianai,
2350 3909 2574 3969 Letonoe,
2613 3907 2838 3956 Minervae
2865 3908 3106 3966 Pronaeae,
3139 3907 3198 3954 ut
3231 3905 3280 3954 in
3313 3909 3595 3969 perpetuum
3621 3905 3679 3953 in·

2141 4011 2258 4062 culti
2292 4010 2476 4070 essent,
2500 4007 2858 4068 consecrarent,
2885 4017 3062 4068 eosque
3087 4019 3244 4068 neque
3263 4007 3350 4069 ipsi
3377 4008 3586 4057 colerem
3604 4017 3678 4054 ne·

2141 4117 2240 4168 que
2269 4102 2333 4152 ab
2351 4101 2445 4152 atio
2471 4097 2562 4148 coli
2581 4098 2876 4161 paterentur.
2899 4099 3002 4148 iios
3017 4097 3212 4147 oraculo
3234 4101 3463 4162 accepto,
3501 4095 3680 4160 Amphi·

2143 4205 2340 4265 ctyones
2355 4199 2689 4260 decreverunt,
2713 4196 2998 4248 sententiam
3011 4196 3198 4246 dicente
3215 4198 3392 4247 Solone
3407 4194 3682 4254 Atheniensi,

2143 4297 2248 4345 viro
2277 4297 2327 4344 et
2353 4293 2510 4354 legum
2539 4289 2893 4340 scribendarum
2925 4289 3210 4352 peritissimo
3243 4292 3295 4338 et
3331 4290 3383 4338 in
3411 4291 3606 4352 poeticis
3633 4299 3684 4336 sc

2143 4389 2453 4456 philosophiae
2489 4387 2658 4437 studiis
2689 4385 2980 4444 exercitato,
3017 4387 3073 4433 ut
3103 4397 3166 4433 cx
3199 4383 3384 4432 oraculi
3421 4383 3683 4448 praescripto

2145 4485 2385 4536 exercitus
2407 4483 2574 4532 contre
2597 4480 2853 4530 sceleratos
2877 4479 3152 4528 duceretur.
3219 4479 3350 4539 (109)
3371 4478 3523 4528 Justis
3537 4478 3685 4537 itaque

2144 4594 2206 4630 ex
2225 4575 2650 4641 Amphictyonibus
2671 4573 2882 4628 collectis
2897 4573 3073 4634 copiis,
3106 4569 3326 4620 homines
3343 4571 3454 4621 iilos
3479 4571 3529 4620 ln
3545 4568 3680 4619 servi-

2145 4676 2298 4725 tutem
2335 4671 2642 4732 redegerunt,
2677 4671 2871 4731 portum
2897 4667 3268 4726 obstruxerunt,
3289 4665 3462 4715 urhem
3487 4661 3686 4714 funditus

2146 4767 2424 4828 diruerunt,
2465 4765 2700 4827 regionem
2744 4775 2937 4812 omnem
2974 4773 3031 4810 ex
3087 4760 3282 4808 oraculo
3325 4757 3680 4814 consecrarunt,

2146 4863 2262 4925 quin
2286 4865 2334 4911 et
2359 4859 2702 4922 religiosissimo
2715 4871 2765 4907 se
2790 4859 3090 4906 sacramento
3111 4853 3454 4914 devinxerunt,
3473 4863 3622 4915 neque
3640 4861 3685 4898 se

2148 4960 2326 5006 terram
2353 4966 2536 5003 sacram
2567 4952 2787 5016 ctuturos
2817 4964 2977 5012 neque
2994 4951 3056 4998 nb
3073 4949 3178 4998 aliis
3208 4947 3302 4998 coli
3333 4961 3582 5010 masuras,
3609 4943 3684 4993 sed

2149 5062 2289 5110 opem
2307 5047 2396 5096 deo
2421 5047 2660 5106 terrmque
2677 5056 2841 5104 sacrae,
2879 5042 3123 5100 manibus,
3152 5039 3382 5102 pedibus,
3413 5051 3550 5100 voce,
3565 5034 3686 5085 omni

2152 5141 2322 5190 virium
2333 5135 2636 5188 contentione
2653 5137 2934 5197 perlaturos.
2953 5135 2970 5194 (
2981 5140 2994 5182 t
3011 5134 3082 5193 to)
3097 5136 3262 5194 Neque
3274 5145 3394 5181 vero
3405 5131 3520 5182 satis
3529 5129 3686 5178 habuc·

2153 5235 2284 5291 runt,
2301 5227 2625 5292 iusiurandum
2643 5228 2736 5277 hoc
2751 5227 2964 5276 sanxisse
2977 5261 2991 5288 ,
3013 5225 3097 5275 sed
3110 5224 3418 5287 devotionem
3437 5224 3624 5286 insuper
3643 5219 3686 5267 et
