3825 5834
193 463 426 538 (vs-²³¹)

799 583 1038 651 noiuoz.

257 765 340 811 lan.
381 752 700 826 Ἐνθυμεῖσθε
741 748 806 820 δὴ
837 753 905 814 ὣς
940 749 1095 814 καλὸς
1133 753 1162 806 ὁ
1179 748 1362 826 νόμος,
1391 737 1435 806 ὦ
1473 746 1688 827 ἄνδρες,

128 859 172 898 εο
190 838 262 896 καὶ
297 835 531 916 σύμφορος
571 838 629 894 οὗ
669 835 823 912 μόνον
853 835 1078 908 ἐκείνοις,
1102 836 1238 893 ἀλλὰ
1264 836 1353 893 καὶ
1393 838 1494 900 τοῖς
1519 835 1692 900 ἄλλοις

193 923 456 1003 ἀνθρώποις.
539 921 606 983 Ὁ
629 922 732 1002 γὰρ
759 921 906 1001 παρὰ
931 927 1034 980 τῶν
1057 926 1282 981 πολιτῶν
1307 921 1460 1002 φόὸος
1483 921 1690 1000 ἰσχυρὸς

192 1013 249 1068 ὢν
267 1012 524 1088 ἀναγκάσει
549 1010 663 1076 τοὺς
685 1011 814 1086 πρὸς
841 1009 957 1075 τοὺς
980 1009 1257 1084 πολεμίους
1275 1009 1534 1075 κινδύνους
1561 1013 1689 1066 ὓπο-

192 1097 332 1176 μένειν
346 1121 358 1133 ·
378 1099 448 1162 τίς
467 1097 565 1176 γὰρ
587 1101 719 1178 δρῶν
743 1097 950 1177 θανάτῳ
967 1096 1306 1174 ζημιούμενον
1325 1097 1412 1155 τὸν
1435 1095 1690 1175 προδότην

193 1187 234 1242 ἐν
263 1193 352 1249 τοῖς
375 1183 614 1248 κινδύνοις
647 1183 873 1262 ἐκλείψει
895 1183 990 1253 τὴν
1017 1185 1275 1262 πατρίδας
1298 1181 1332 1254 ἢ
1361 1181 1436 1249 τίς
1457 1179 1600 1262 παρὰ
1631 1180 1691 1240 τὸ

191 1271 412 1350 συμφέρον
445 1275 536 1341 τῆς
559 1269 760 1334 πόλεως
785 1268 1131 1350 φιλοψυχήσει
1165 1269 1313 1335 εἰδὼς
1337 1266 1686 1344 ὑποκειμένην

191 1363 308 1438 αὑτῷ
335 1358 600 1438 τιμωρίανς
625 1358 892 1432 Οὖδεμίαν
920 1357 1020 1436 γὰρ
1049 1357 1210 1427 ἄλλην
1236 1359 1311 1414 δεῖ
1338 1355 1528 1432 ζημίαν
1561 1345 1691 1412 εἶναι

189 1450 264 1515 τῆς
284 1445 454 1510 δειλίας
481 1443 516 1514 ἢ
549 1445 798 1502 θάνατον·
824 1445 1011 1510 εἰδότες
1039 1443 1140 1524 γὰρ
1167 1443 1242 1501 ὅτι
1274 1447 1412 1501 δυοῖν
1441 1440 1688 1501 κινδύνοιν

126 1547 168 1586 2⁸
189 1533 502 1609 ὑποκειμένοιν
521 1533 800 1608 ἀναγκαῖον
824 1531 968 1589 ἔσται
987 1530 1201 1608 θατέρου
1221 1533 1500 1608 μετασχεῖν
1515 1573 1532 1600 ,
1555 1527 1688 1586 πολὺ

190 1622 360 1694 μαλλον
383 1619 676 1696 αἱρησονται
698 1617 788 1675 τὸν
811 1617 938 1696 πρὸς
956 1617 1076 1683 τους
1099 1615 1376 1692 πολεμίους
1401 1616 1436 1687 ἢ
1459 1614 1546 1673 τὸν
1567 1615 1692 1695 πρὸς

185 1704 281 1772 τοὺς
301 1706 468 1784 νόμως
489 1704 577 1764 καὶ
599 1705 720 1771 τους
741 1705 976 1771 πολίτας.

255 1814 336 1853 1³1.
374 1792 612 1872 Τοσούτῳ
639 1792 684 1850 δ’
714 1791 778 1848 ἂν
805 1789 1116 1868 δικαιότερον
1145 1780 1288 1856 οὗτος
1311 1789 1559 1848 ἀποθάνοι
1585 1793 1690 1849 τῶν

186 1879 235 1938 ἐκ
255 1885 346 1938 τῶν
385 1857 742 1958 στρατοπέδων
784 1877 1100 1958 φευγόντων,
1139 1873 1258 1934 ὅσον
1286 1879 1334 1933 οι
1366 1875 1459 1952 μ.ν
1497 1881 1567 1945 εἷς
1595 1877 1688 1948 τὴν

186 1967 313 2025 πόλιν
347 1967 546 2038 ἥκουσιν
589 1970 660 2032 ὡς
697 1965 830 2042 ὑπὲρ
873 1963 1064 2032 ταύτης
1109 1961 1432 2040 μαχούμενοι
1477 1963 1510 2034 ἢ
1545 1970 1688 2042 κοινῇ

189 2053 410 2128 μετὰτῶν
438 2055 604 2112 ἄλλων
633 2055 862 2110 πολιτων
892 2056 1318 2126 συνατυχοῦντες,
1347 2049 1518 2106 οὖτοσι
1547 2052 1593 2106 δ’
1633 2055 1691 2108 ἐκ

186 2137 263 2202 τῆς
297 2133 520 2212 πατρίδος
545 2131 736 2212 ἔφυγεν
765 2129 868 2188 ἰδία
905 2129 1000 2198 τὴν
1027 2128 1287 2205 σωτηρίαν
1329 2128 1690 2205 ποριζόμενος,

124 2233 167 2271 ³⁰
188 2217 281 2278 οὑδὲ
302 2219 418 2296 ὑπὲρ
444 2225 532 2290 τῆς
559 2219 694 2284 ἰδίας
721 2218 893 2282 ἑστίας
921 2215 1204 2292 ἀμύνεσθαι
1231 2215 1530 2290 τολμήσας,
1557 2216 1691 2274 ἀλλὰ

187 2307 314 2378 μόνος
337 2299 470 2374 οὗτος
489 2330 592 2364 των
609 2305 826 2362 πάντων
853 2301 1134 2382 ἀνθρώπων
1160 2300 1250 2358 καὶ
1277 2302 1342 2358 τὰ
1369 2306 1461 2371 τῆς
1491 2303 1691 2380 φύσεως

186 2395 326 2449 οἰκεῖα
360 2395 442 2450 καὶ
463 2393 727 2469 ἀναγκαῖα
771 2391 1114 2470 προδέδωκεν,
1150 2388 1186 2446 ἃ
1220 2387 1310 2446 καὶ
1348 2392 1454 2455 τοῖς
1488 2389 1690 2465 ἀλόγοις

189 2476 312 2558 ζῴοις
329 2481 534 2556 μέγιστα
555 2479 647 2536 καὶ
663 2476 1048 2536 σπουδαιότατα
1069 2475 1384 2543 διείληπται.
1471 2477 1584 2552 (1³2)
1607 2475 1689 2536 Τὰ

185 2569 285 2640 γοῦν
317 2567 416 2644 ζῷα
437 2565 502 2624 τὰ
531 2563 746 2623 πετεινὰ
767 2563 802 2620 ἃ
845 2561 1072 2639 μάλιστα
1112 2563 1308 2640 πέφυκε
1349 2559 1475 2640 πρὸς
1501 2561 1686 2640 τάχος,

185 2651 298 2708 ἔστιν
334 2654 448 2710 ἰδεῖν
475 2651 604 2731 ὑπὲρ
631 2655 730 2722 τῆς
756 2653 922 2708 αὑτῶν
947 2657 1170 2715 νεοττιᾶς
1197 2645 1435 2706 ἐθέλοντα
1463 2649 1692 2721 ἀποθνή-

183 2759 326 2795 σκειν·
351 2738 454 2796 ὅθεν
481 2739 570 2796 καὶ
591 2741 698 2796 τῶν
723 2739 950 2808 ποιητῶν
975 2758 1103 2802 τινες
1131 2733 1416 2810 εἰρήκασιν,

120 2901 162 2939 κ
315 2885 436 2944 Οὐδ’
460 2883 616 2962 ἀγρία
643 2881 748 2960 γὰρ
764 2879 923 2958 ὄρνις,
949 2879 1014 2949 ἢν
1042 2877 1218 2957 πλάσῃ
1250 2877 1404 2954 δόμον
1423 2920 1438 2948 ,

317 2969 442 3049 ἄλλῃ
463 2969 706 3036 νεοσσοὺς
725 2967 941 3038 ἠξίωσεν
969 2968 1213 3025 ἐντεκεῖν.

181 3121 316 3180 Ἀλλὰ
333 3123 640 3204 Λεωκράτης
671 3129 914 3182 τοσοῦτον
943 3121 1302 3202 ὖπερὸέὸληκε
1339 3120 1502 3201 δειλίᾳ
1516 3169 1532 3194 ,
1559 3121 1694 3181 ὥστε

177 3207 258 3280 τὴν
271 3213 484 3290 πατρίδα
505 3221 612 3278 τοῖς
627 3211 892 3286 πολεμίοις
911 3209 1236 3286 ἐγκατέλιπε.
1323 3211 1436 3286 (1³³)
1460 3213 1694 3288 Τοιγαρ-

179 3303 254 3354 οῦν
283 3299 482 3374 οὐδεμία
509 3299 662 3365 πόλις
701 3296 858 3356 αὐτὸν
893 3297 1034 3354 εἴασε
1061 3296 1190 3374 παρ’
1231 3299 1363 3375 αὑτῇ
1405 3299 1694 3374 μετοικεῖν,

179 3384 296 3442 ἀλλὰ
321 3387 510 3460 μᾶλλον
545 3389 650 3444 τῶν
683 3385 1002 3463 ἀνδροφόνων
1036 3383 1278 3454 ἤλαυνεν.
1363 3382 1618 3450 Εἰκότως·
1648 3387 1695 3443 οἱ

114 3487 158 3524 ιο
181 3467 260 3541 μὲν
279 3470 370 3550 γὰρ
395 3473 544 3549 φόνου
571 3471 846 3550 φεύγοντες
874 3473 945 3536 εἷς
969 3469 1152 3546 ἑτέραν
1171 3469 1322 3528 πόλιν
1349 3470 1695 3544 μεταστάντες

179 3557 258 3612 οὐκ
281 3555 476 3635 ἔχουσιν
499 3558 714 3638 ἐχθροὺς
741 3557 855 3623 τοὺς
883 3555 1314 3631 ὑποδεξαμένους,
1334 3561 1514 3613 τοῦτον
1539 3556 1592 3614 δὲ
1619 3557 1694 3623 τίς

179 3641 234 3696 ἂν
251 3644 532 3711 ὑποδέξαιτο
556 3645 736 3715 πόλις,
761 3643 862 3708 ⁶0<
876 3641 976 3722 γὰρ
999 3641 1128 3722 ὑπὲρ
1148 3647 1236 3714 τῆς
1263 3645 1419 3700 αὑτοῦ
1447 3643 1694 3722 πατρίδος

177 3729 256 3786 οὐκ
277 3729 540 3804 ε’ὂοήθησε,
565 3729 708 3811 ταχύ
729 3753 788 3806 γε
818 3729 878 3788 ἃν
903 3729 1030 3808 ὑπὲρ
1054 3735 1145 3799 τῆς
1169 3729 1440 3808 ἀλλοτρίας
1463 3731 1693 3789 κίνδυνόν

177 3837 274 3872 τινα
287 3818 588 3894 ὑπομείνειε.
675 3817 844 3878 Κακοὶ
863 3816 962 3894 γὰρ
988 3816 1078 3874 καὶ
1105 3819 1315 3874 πολῖται
1335 3817 1424 3874 καὶ
1449 3816 1578 3884 ξένοι
1601 3819 1690 3878 καὶ

177 3901 264 3981 ἰδία
295 3903 486 3982 φίλοισί
512 3911 738 3963 τοιοῦτοι
761 3908 865 3963 τῶν
897 3901 1180 3982 ἀνθρώπων
1209 3902 1366 3974 εἰσίν,
1394 3901 1444 3960 οἳ
1466 3909 1568 3962 τῶν
1597 3903 1692 3980 μὲν

178 3990 356 4064 ἀγαθῶν
373 3995 474 4050 τῶν
495 3997 589 4063 τῆς
609 3991 814 4058 πόλεως
836 3989 1126 4066 μεθέξουσιν
1139 4037 1154 4062 ,
1173 3992 1226 4047 ἐν
1251 3989 1306 4047 δὲ
1326 3993 1438 4057 ταῖς
1458 3989 1694 4070 ἀτυχίαις

179 4076 274 4132 οὐδὲ
301 4079 530 4153 βοηθείας
569 4077 870 4147 ἀξιώσουσι.
959 4079 1078 4153 (134)
1103 4075 1292 4137 Καίτοι
1325 4077 1410 4135 τὸν
1453 4077 1554 4136 ὑπὸ
1591 4081 1694 4136 τῶν

99 4165 288 4235 1ὓ7μηδε
271 4164 674 4243 ὲνάδικουμένων
665 4165 1007 4272 μισούμενον
1027 4165 1118 4223 καὶ
1138 4164 1530 4240 ἐξελαυνόμενον
1549 4165 1602 4223 τί
1617 4166 1698 4224 δει

175 4255 332 4307 παθεῖν
353 4253 434 4332 ὑφ’
455 4227 604 4329 ὑμῶν
627 4257 732 4312 τῶν
751 4251 820 4312 τὰ
841 4251 1110 4311 δεινότατα
1139 4251 1500 4310 πεπονθότων·
1483 4247 1606 4332 ,’ἆρ
1634 4252 1692 4311 οὗ

174 4339 252 4405 τῆς
274 4341 488 4418 ἔσγάτης
506 4340 763 4417 τιμωρίας
790 4340 1096 4418 τυγχάνειη
1128 4339 1235 4399 Και
1263 4337 1397 4414 μήν,
1425 4364 1468 4397 ω
1493 4339 1694 4420 ἄνδρες,

175 4426 260 4480 τῶν
277 4425 480 4486 πώποτε
501 4429 771 4538 προδρτῶν
793 4425 1126 4484 δικαιότατ’
1099 4451 1160 4484 αν
1185 4427 1522 4504 Λεωκράτης,
1551 4427 1694 4494 εἴτις

177 4509 406 4582 μείζων
359 4537 436 4585 ειη
455 4514 686 4592 τιμωρία
703 4513 950 4586 θανάτου,
968 4514 1162 4584 ταύτην
1183 4511 1424 4592 ὑπόσχοι.
1510 4517 1580 4573 Οἱ
1598 4513 1691 4589 μὲν

176 4594 260 4673 γὰρ
297 4599 435 4658 ἄλλοι
463 4599 718 4680 προδόται
751 4599 1022 4675 μέλλοντες
1057 4600 1282 4671 ἀδικεῖν,
1322 4595 1444 4656 ὅταν
1485 4601 1692 4672 συλλη-

125 4705 146 4740 s
177 4687 344 4760 φθῶσι,
365 4686 622 4767 τιμωρίαν
641 4687 941 4766 ὑπέχωσιν·
964 4678 1110 4752 οὗτος
1132 4685 1186 4744 δὲ
1225 4684 1376 4758 μόνος
1412 4685 1694 4766 διαπεπρα-

177 4769 333 4844 γμένος
357 4774 484 4850 ὅπερ
511 4773 848 4854 ἐπεχείρησε,
882 4773 980 4844 τὴν
1003 4775 1152 4832 πόλιν
1189 4769 1549 4850 ἐγκαταλιπὼν
1585 4773 1692 4852 κρί·

175 4878 314 4920 νεται.

243 4963 327 5004 m.
366 4947 644 5025 Θαυμάζω
670 4947 726 5006 δὲ
749 4947 958 5005 καὶτῶν
976 4950 1276 5024 συνηγορεῖν
1303 4947 1446 5024 αὐτῷ
1475 4947 1694 5023 μελλόν-

177 5051 285 5103 των,
305 5033 384 5090 διὰ
399 5034 452 5091 τί
465 5057 596 5093 ποτε
617 5039 796 5094 τοῦτον
813 5033 1114 5102 ἀξιώσωσιν
1141 5035 1440 5116 ἀποφυγεῖν.
1523 5033 1694 5094 Πότε-

179 5139 250 5190 ρον
281 5118 359 5178 διὰ
381 5119 475 5192 τὴν
501 5121 636 5204 πρὸς
671 5121 852 5188 αὑτοὺς
877 5121 1078 5204 φιλίαν,
1111 5122 1252 5182 Ἀλλ’
1285 5121 1462 5198 ἔμοιγε
1487 5123 1692 5179 δοκοῦσι

175 5205 356 5274 δικαίως
394 5210 486 5268 οὐκ
527 5209 594 5268 ἂν
632 5209 844 5289 χάριτος
881 5218 1074 5288 τυχεῖν,
1102 5212 1216 5270 ἀλλ’
1262 5209 1567 5282 ἀποθανεῖν,
1611 5205 1690 5266 ὅτι

1055 457 1388 523 LYCURGI
1429 458 1552 518 ΟΒ.
1595 455 1904 518 CONTRA
1946 457 2425 520 moenum.
3246 469 3321 522 25

2484 611 2617 652 Lux.

1845 765 1949 810 130.
1988 761 2247 823 expendite
2264 763 2425 811 autem
2440 798 2455 824 ,
2476 775 2623 824 quam
2642 761 2767 812 bona
2783 762 2844 812 sit
2862 763 2941 812 lex
2954 799 2969 825 ,
2990 761 3079 812 viri
3092 799 3107 824 ,
3130 765 3179 812 et
3198 763 3327 812 utilis

1779 859 1874 894 non
1894 847 2037 896 modo
2056 849 2148 898 illis
2160 886 2175 910 ,
2194 861 2363 898 verum
2382 849 2525 898 etiam
2541 850 2648 898 aliis
2672 849 2961 898 hominibus.
3026 853 3181 898 Metus
3196 851 3324 899 enim

1775 933 1956 986 civium
1974 948 2125 997 quum
2146 949 2365 998 magnam
2384 935 2483 985 vim
2498 935 2671 986 babeat
2683 973 2697 997 ,
2714 939 2849 998 coget
2867 949 2949 984 cos
2961 935 3217 984 adversum
3242 937 3323 986 lio·

1777 1023 1873 1070 stes
1887 1023 2097 1082 pericula
2111 1024 2359 1072 sustinere.
2393 1023 2511 1082 Quis
2522 1023 2649 1072 enim
2668 1037 2865 1072 cernens
2877 1026 3032 1072 morte
3044 1022 3325 1071 damnatum

1778 1107 2068 1169 proditorem
2094 1108 2143 1156 in
2166 1108 2390 1172 periculis
2411 1109 2613 1172 patriam
2648 1109 2865 1158 deseret?
2896 1111 2981 1158 aut
3005 1109 3114 1170 quis
3150 1111 3325 1171 praeter

1779 1195 2171 1244 commoditatem
2201 1197 2333 1246 urbis
2368 1197 2514 1244 vitam
2543 1209 2679 1244 suam
2707 1197 2874 1258 patrioe
2892 1195 3033 1244 saluti
3065 1195 3323 1254 anteferet,

1779 1282 2043 1342 praesertim
2085 1295 2237 1344 quum
2272 1282 2393 1330 sciat
2424 1281 2513 1331 sibi
2548 1283 2837 1344 propositam
2872 1283 3095 1342 poenam?
3134 1282 3324 1330 Nullam

1791 1367 1919 1416 enim
1940 1368 2085 1417 aliam
2108 1369 2375 1418 timiditatis
2400 1381 2590 1430 poenam
2621 1381 2723 1416 esse
2748 1368 2887 1416 decet
2910 1380 3053 1429 quam
3078 1369 3281 1416 mortem
3310 1385 3323 1414 :

1779 1458 2079 1517 compertum
2096 1457 2223 1504 enim
2242 1455 2471 1504 babentes
2482 1491 2497 1516 ‚
2526 1455 2661 1516 quod
2678 1454 2865 1503 duobus
2884 1453 3135 1516 propositis
3155 1453 3325 1502 discri-

1779 1543 1989 1592 minibus
2022 1542 2341 1592 necessarium
2380 1542 2443 1592 sit
2480 1542 2677 1592 alterius
2702 1555 2805 1590 esse
2843 1543 3143 1600 consortem,
3172 1541 3327 1590 multo

1779 1629 1941 1690 potius
1956 1629 2128 1692 eligent
2150 1629 2199 1678 id
2216 1628 2349 1690 quod
2368 1631 2539 1678 contra
2562 1629 2722 1678 hostes
2740 1641 2887 1690 quam
2913 1627 3044 1689 quod
3068 1629 3235 1676 eontra
3258 1627 3325 1676 le·

1777 1730 1858 1779 ges
1876 1729 1937 1766 ac
1956 1717 2101 1766 cives.

1847 1809 1951 1854 131.
1986 1807 2141 1854 Tanto
2178 1805 2340 1853 antem
2380 1803 2560 1854 rectius
2596 1803 2829 1852 morietur
2864 1801 2955 1850 iste
2976 1813 3121 1862 quam
3144 1800 3231 1861 qui
3266 1813 3325 1849 ex

1779 1905 2069 1956 exercitibus
2086 1907 2301 1968 tugiunt,
2328 1907 2509 1968 quanto
2530 1905 2597 1954 illi
2624 1903 2817 1966 quidem
2852 1903 2913 1952 ad
2932 1903 3101 1952 urbem
3130 1901 3330 1951 veniunt

1779 2021 1864 2058 ceu
1887 2022 1975 2072 pro
1992 2021 2049 2058 ea
2074 2008 2341 2070 proeliaturi
2366 2010 2451 2058 aut
2474 2007 2663 2070 publice
2684 2020 2797 2055 cum
2820 2007 2923 2054 aliis
2942 2006 3127 2054 civibus
3144 2007 3329 2068 passuri

1778 2111 2107 2160 infelicitatem
2125 2127 2140 2171 ς
2160 2110 2295 2172 atqui
2319 2110 2399 2158 hic
2424 2123 2485 2158 ex
2504 2109 2657 2171 patria
2676 2108 2863 2170 aumgit
2880 2108 3105 2168 privatim
3122 2107 3327 2156 salutem

1779 2213 1868 2262 sibi
1886 2225 2193 2276 comparans,
2218 2225 2279 2262 ne
2301 2211 2489 2275 proprio
2511 2209 2707 2272 quidem
2730 2223 2818 2270 pro
2832 2210 2930 2258 lare
2951 2211 3133 2258 certare
3152 2221 3297 2257 ausus
3310 2243 3325 2268 ,

1777 2317 1860 2367 sed
1877 2317 2011 2366 solus
2026 2331 2055 2367 e
2076 2317 2267 2366 cunctis
2300 2315 2583 2365 mortalibus
2598 2317 2647 2364 et
2678 2317 2865 2363 naturae
2882 2312 3153 2388 peculiaria·
3170 2316 3218 2363 et
3240 2325 3327 2362 nc·-

1781 2421 1983 2470 cessaria
2016 2419 2258 2483 prodidit,
2298 2431 2409 2481 quae
2440 2415 2722 2466 vacantibus
2754 2417 2900 2466 etiam
2936 2417 3121 2468 ratione
3158 2417 3330 2466 belluis

1778 2531 1990 2579 maxima
2007 2531 2121 2579 sunt
2138 2529 2187 2578 et
2207 2526 2500 2590 gravissima.
2566 2527 2695 2588 (132)
2723 2526 2803 2576 sic
2828 2525 2963 2574 alites
2982 2537 3094 2587 quoe
3116 2526 3327 2575 maxime

1779 2639 1840 2690 ad
1857 2639 2149 2689 celeritatem
2162 2639 2343 2688 habiles
2354 2639 2467 2688 sunt
2480 2673 2495 2698 ,
2512 2637 2674 2687 videre
2690 2639 2762 2686 est
2781 2651 2867 2700 pro
2885 2637 2984 2686 suis
3006 2635 3147 2699 pullis
3159 2637 3329 2698 sponte

1781 2751 1900 2802 mori
1925 2770 1937 2800 ι
1958 2749 2085 2800 unde
2102 2751 2151 2800 et
2170 2751 2417 2812 poetarum
2442 2747 2639 2811 quidam
2659 2745 2825 2796 dixere
2838 2781 2855 2808 ,

1903 2891 2069 2951 Neque
2091 2887 2317 2937 silvestris
2334 2888 2431 2936 ales
2443 2922 2457 2948 ,
2476 2886 2517 2936 si
2536 2885 2949 2946 nidum-finxerit,

1905 2977 1955 3024 in
1977 2975 2075 3024 alio
2095 2975 2253 3036 pullos
2274 2973 2550 3037 progignere
2573 2971 2711 3022 velit.

1784 3145 1846 3192 At
1865 3144 2113 3192 leocrates
2124 3141 2243 3191 adeo
2260 3140 2459 3190 modum
2474 3140 2697 3190 transiliit
2714 3141 2847 3189 metu
2860 3177 2875 3201 ‚
2896 3139 2952 3188 ut
2964 3139 3165 3201 patriam
3184 3139 3329 3190 inosti·

1785 3230 1874 3278 bus
1899 3230 2159 3292 reliquerit.
2222 3229 2353 3291 (1³³)
2382 3231 2541 3284 Quare
2562 3228 2693 3276 nulla
2712 3227 2881 3276 civitas
2906 3226 2949 3275 ei
2968 3227 3183 3288 permisit
3199 3228 3329 3290 apud

1782 3331 1834 3368 se
1853 3318 2139 3380 inquilinum
2158 3330 2259 3366 esse
2278 3319 2363 3366 aut
2382 3315 2621 3376 habitare,
2646 3314 2729 3364 sed
2750 3314 2900 3376 magis
2912 3314 3055 3362 etiam
3069 3327 3217 3376 quam
3236 3315 3327 3364 ho-

1781 3405 1981 3454 micidas
2014 3405 2209 3466 expulit.
2276 3403 2425 3464 quue
2460 3415 2557 3451 non
2592 3401 2763 3463 injuria
2799 3415 2811 3448 ε
2846 3401 2992 3450 caedis
3018 3401 3145 3450 enirn
3184 3402 3249 3450 rei
3280 3402 3329 3452 in

1781 3493 1925 3542 aliam
1960 3491 2129 3540 urbem
2160 3491 2417 3551 migrantes
2446 3501 2542 3536 non
2580 3487 2757 3536 habent
2781 3486 2941 3535 hostes
2973 3499 3055 3535 eos
3088 3500 3117 3534 a
3147 3487 3233 3549 qui
3254 3501 3283 3534 n
3302 3501 3329 3538 s

1783 3581 2092 3642 recipiuntur,
2118 3577 2249 3626 hunc
2268 3577 2431 3624 autem
2454 3587 2565 3637 qum
2588 3574 2757 3623 civitas
2774 3573 3059 3634 susceperit?
3086 3575 3179 3632 Qui
3197 3575 3327 3623 enim

1781 3681 1882 3717 suae
1899 3666 2065 3729 pattiae
2082 3677 2179 3713 non
2198 3664 2307 3712 tulit
2322 3675 2463 3724 opem
2476 3697 2491 3722 ,
2512 3673 2635 3722 aegre
2648 3673 2739 3734 pro
2758 3660 2911 3708 aliena
2928 3659 3188 3720 quicquam
3206 3661 3326 3721 perfl-

1781 3761 1876 3810 culi
1898 3759 2190 3810 sustinuerit.
2251 3757 2371 3805 Nam
2398 3754 2512 3803 mali
2535 3755 2583 3803 et
2614 3754 2743 3802 cives
2778 3753 2827 3801 et
2856 3752 3063 3814 hospites
3094 3755 3143 3801 et
3172 3753 3329 3814 priva-

1781 3855 1868 3904 tim
1891 3851 2031 3901 amici
2049 3851 2167 3900 tales
2184 3847 2401 3898 homines
2418 3849 2554 3910 sunt,
2575 3845 2658 3909 qui
2677 3845 2911 3894 bonorum
2933 3845 3063 3894 urbis
3085 3847 3325 3896 consortes

1780 3961 1881 3996 esse
1897 3946 2094 4006 volunt,
2118 3943 2166 3992 in
2191 3941 2391 3990 adverso
2410 3943 2571 3989 autem
2600 3951 2761 3987 rerum
2788 3939 2915 3986 statu
2938 3951 2999 3986 ne
3018 3939 3197 3987 auxilio
3222 3942 3325 4001 qui·

1780 4039 1890 4088 dem
1909 4051 2011 4086 esse
2024 4034 2362 4098 dignabuntur.
2428 4033 2557 4094 (134)
2574 4033 2635 4080 At
2648 4043 2761 4079 vero
2774 4043 2885 4078 eum
2905 4030 2989 4091 qui
3011 4030 3181 4080 abillis
3193 4069 3207 4092 ‚
3228 4034 3327 4094 qui·

1783 4131 1870 4181 bus
1891 4132 2055 4178 tamen
2094 4127 2211 4176 nihil
2246 4123 2439 4184 nocuit,
2470 4121 2582 4171 odio
2620 4121 2826 4170 habetur
2862 4120 3174 4183 ejicitur-que,
3208 4121 3325 4182 quid

1779 4237 1900 4286 opus
1916 4224 1990 4271 est
2012 4219 2111 4283 pati
2138 4233 2165 4268 a
2184 4218 2321 4267 vobis
2342 4215 2551 4265 maxima
2574 4213 2637 4262 ab
2656 4225 2715 4262 eo
2734 4212 2909 4274 injuria
2930 4213 3145 4262 affectis?
3168 4226 3327 4264 nonne

1779 4299 2047 4364 extremum
2056 4311 2340 4374 supplicium
2350 4321 2461 4358 eum
2470 4309 2653 4368 assequi
2668 4305 2835 4354 decet?
2850 4307 2921 4353 Ex
2935 4305 3157 4354 omnibus
3164 4318 3324 4368 porro,

1783 4407 1868 4456 viri
1883 4443 1898 4468 ,
1918 4405 2235 4468 quiunquam
2264 4402 2396 4450 suere
2424 4395 2743 4460 proditoribus
2760 4395 3025 4458 justissime
3050 4397 3324 4457 Leocrates,

1779 4502 1818 4550 si
1859 4512 1957 4561 qua
1992 4497 2143 4558 major
2180 4494 2303 4543 esset
2344 4493 2499 4540 morte
2530 4501 2695 4552 poena,
2729 4487 2855 4536 hanc
2896 4486 3167 4535 sustineret.
3238 4489 3327 4537 Alii

1781 4591 1908 4641 enirn
1934 4587 2201 4652 proditores
2216 4584 2441 4647 injuriam
2470 4579 2681 4642 illaturi,
2704 4579 2981 4641 priusquam
3009 4589 3173 4638 reapse
3196 4579 3326 4630 intu-

1782 4683 1951 4743 lerint,
1970 4682 2009 4729 si
2028 4679 2156 4742 capti
2178 4676 2380 4732 ruerint,
2400 4685 2591 4736 poenam
2618 4670 2854 4721 sustinent
2874 4687 2887 4718 ι
2907 4669 2988 4716 hic
3012 4670 3175 4718 autem
3198 4671 3330 4722 solus

1781 4772 1985 4836 peractis
2002 4783 2111 4833 quae
2136 4765 2366 4825 instituit,
2384 4777 2535 4826 quum
2558 4763 2729 4812 urbem
2758 4759 3046 4823 deseruerit,
3074 4763 3329 4814 accusatur

1781 4867 1908 4931 apud
1938 4865 2137 4928 judica.

1847 4961 1951 5004 135.
1988 4951 2211 5002 Admiror
2244 4949 2406 4996 autern
2446 4943 2827 5008 patrocinaturos
2862 4941 2981 5003 ipsi3
3002 4954 3155 5003 quare
3180 4943 3311 4991 bunc

1779 5043 1977 5104 dignum
1994 5038 2217 5089 censeant
2232 5033 2451 5084 evadere.
2516 5035 2649 5079 Anne
2670 5028 2733 5078 ob
2757 5028 3017 5078 arnicitiam
3040 5041 3185 5091 quam
3215 5042 3325 5079 cum

1779 5130 1891 5192 ipsis
1909 5127 2181 5177 contraxit?
2204 5125 2265 5173 At
2278 5135 2385 5172 earn
2398 5118 2463 5168 ob
2482 5131 2583 5168 rem
2605 5115 2831 5166 videntur
2848 5116 2965 5164 mihi
2978 5116 3087 5178 jure
3104 5129 3199 5164 non
3221 5129 3322 5177 gra·

1783 5217 1898 5268 tiam
1911 5213 2125 5277 assequi,
2144 5189 2227 5263 sed
2244 5209 2389 5260 morti
2408 5205 2565 5271 potius
2584 5206 2699 5256 item
2718 5201 3021 5266 adjudicandi
3033 5237 3049 5262 ,
3068 5201 3199 5264 quod
3218 5201 3321 5262 ejus
