<?xml version="1.0" encoding="UTF-8"?>
<!DOCTYPE html PUBLIC "-//W3C//DTD XHTML 1.0 Transitional//EN"
    "http://www.w3.org/TR/xhtml1/DTD/xhtml1-transitional.dtd">
<html xmlns="http://www.w3.org/1999/xhtml" xml:lang="en" lang="en">
 <head>
  <title>
</title>
<meta http-equiv="Content-Type" content="text/html;charset=utf-8" />
  <meta name='ocr-system' content='tesseract 3.04.00' />
  <meta name='ocr-capabilities' content='ocr_page ocr_carea ocr_par ocr_line ocrx_word'/>
</head>
<body>
  <div class='ocr_page' id='page_1' title='image "./oratoresatticia02unkngoog_0068.png"; bbox 0 0 3825 5834; ppageno 0'>
   <div class='ocr_carea' id='block_1_1' title="bbox 427 1174 481 1215">
    <p class='ocr_par' dir='ltr' id='par_1_1' title="bbox 427 1174 481 1215">
     <span class='ocr_line' id='line_1_1' title="bbox 427 1174 481 1215; baseline 0 0"><span class='ocrx_word' id='word_1_1' title='bbox 427 1174 481 1215; x_wconf 74' lang='lat'><strong>⁸⁵</strong></span> 
     </span>
    </p>
   </div>
   <div class='ocr_carea' id='block_1_2' title="bbox 428 1526 482 1565">
    <p class='ocr_par' dir='ltr' id='par_1_2' title="bbox 428 1526 482 1565">
     <span class='ocr_line' id='line_1_2' title="bbox 428 1526 482 1565; baseline -0.056 0"><span class='ocrx_word' id='word_1_2' title='bbox 428 1526 482 1565; x_wconf 69' lang='grc'><strong>40</strong></span> 
     </span>
    </p>
   </div>
   <div class='ocr_carea' id='block_1_3' title="bbox 508 485 582 534">
    <p class='ocr_par' dir='ltr' id='par_1_3' title="bbox 508 485 582 534">
     <span class='ocr_line' id='line_1_3' title="bbox 508 485 582 534; baseline -0.014 0"><span class='ocrx_word' id='word_1_3' title='bbox 508 485 582 534; x_wconf 81' lang='grc'><strong>56</strong></span> 
     </span>
    </p>
   </div>
   <div class='ocr_carea' id='block_1_4' title="bbox 502 593 2055 1006">
    <p class='ocr_par' dir='ltr' id='par_1_4' title="bbox 502 593 2055 1006">
     <span class='ocr_line' id='line_1_4' title="bbox 507 593 2050 678; baseline -0.006 -18"><span class='ocrx_word' id='word_1_4' title='bbox 507 603 624 678; x_wconf 80' lang='lat'>(152)</span> <span class='ocrx_word' id='word_1_5' title='bbox 661 601 828 660; x_wconf 79' lang='grc' dir='ltr'><strong>Πάλιν</strong></span> <span class='ocrx_word' id='word_1_6' title='bbox 855 598 1020 658; x_wconf 86' lang='grc' dir='ltr'><strong>τοίνυν</strong></span> <span class='ocrx_word' id='word_1_7' title='bbox 1045 601 1072 655; x_wconf 81' lang='grc' dir='ltr'>ὁ</span> <span class='ocrx_word' id='word_1_8' title='bbox 1102 595 1332 661; x_wconf 73' lang='grc' dir='ltr'><strong>αὑτὸς-ἐν</strong></span> <span class='ocrx_word' id='word_1_9' title='bbox 1365 598 1440 676; x_wconf 80' lang='grc' dir='ltr'><strong>τῷ</strong></span> <span class='ocrx_word' id='word_1_10' title='bbox 1463 595 1669 654; x_wconf 77' lang='grc' dir='ltr'><strong>Φοίνικι</strong></span> <span class='ocrx_word' id='word_1_11' title='bbox 1689 593 2050 676; x_wconf 73' lang='grc' dir='ltr'><strong>ἀποφαίνεται,</strong></span> 
     </span>
     <span class='ocr_line' id='line_1_5' title="bbox 503 680 2052 764; baseline -0.005 -19"><span class='ocrx_word' id='word_1_12' title='bbox 503 687 632 763; x_wconf 80' lang='grc' dir='ltr'><strong>ὑπὲρ</strong></span> <span class='ocrx_word' id='word_1_13' title='bbox 655 691 747 756; x_wconf 72' lang='grc' dir='ltr'><strong>τῆς</strong></span> <span class='ocrx_word' id='word_1_14' title='bbox 773 685 1116 764; x_wconf 78' lang='grc' dir='ltr'><strong>γεγενημένης</strong></span> <span class='ocrx_word' id='word_1_15' title='bbox 1137 686 1280 761; x_wconf 79' lang='grc' dir='ltr'><strong>αὐτῷ</strong></span> <span class='ocrx_word' id='word_1_16' title='bbox 1309 680 1432 760; x_wconf 78' lang='grc' dir='ltr'><strong>πρὸς</strong></span> <span class='ocrx_word' id='word_1_17' title='bbox 1461 681 1549 740; x_wconf 81' lang='grc' dir='ltr'><strong>τὸν</strong></span> <span class='ocrx_word' id='word_1_18' title='bbox 1576 681 1780 759; x_wconf 79' lang='grc' dir='ltr'>πατέρα</span> <span class='ocrx_word' id='word_1_19' title='bbox 1808 680 2052 749; x_wconf 75' lang='grc' dir='ltr'><strong>διαὸολῆς</strong></span> 
     </span>
     <span class='ocr_line' id='line_1_6' title="bbox 504 765 2054 850; baseline -0.005 -18"><span class='ocrx_word' id='word_1_20' title='bbox 504 773 939 850; x_wconf 77' lang='grc' dir='ltr'><strong>ἀπολογούμενος,</strong></span> <span class='ocrx_word' id='word_1_21' title='bbox 979 771 1069 830; x_wconf 79' lang='grc' dir='ltr'><strong>καὶ</strong></span> <span class='ocrx_word' id='word_1_22' title='bbox 1105 769 1357 837; x_wconf 79' lang='grc' dir='ltr'><strong>ἀπεθίζων</strong></span> <span class='ocrx_word' id='word_1_23' title='bbox 1397 767 1514 834; x_wconf 78' lang='grc' dir='ltr'><strong>τοὺς</strong></span> <span class='ocrx_word' id='word_1_24' title='bbox 1553 767 1849 846; x_wconf 75' lang='grc' dir='ltr'><strong>ἀνθρώπους</strong></span> <span class='ocrx_word' id='word_1_25' title='bbox 1883 765 1957 844; x_wconf 79' lang='grc' dir='ltr'><strong>μὴ</strong></span> <span class='ocrx_word' id='word_1_26' title='bbox 2002 765 2054 834; x_wconf 75' lang='grc' dir='ltr'><strong>ἐξ</strong></span> 
     </span>
     <span class='ocr_line' id='line_1_7' title="bbox 503 854 2055 940; baseline -0.004 -22"><span class='ocrx_word' id='word_1_27' title='bbox 503 861 722 940; x_wconf 77' lang='grc' dir='ltr'><strong>ὑποψίας</strong></span> <span class='ocrx_word' id='word_1_28' title='bbox 747 862 870 937; x_wconf 84' lang='grc' dir='ltr'><strong>μηδ’</strong></span> <span class='ocrx_word' id='word_1_29' title='bbox 892 862 951 918; x_wconf 69' lang='grc' dir='ltr'><strong>ἐκ</strong></span> <span class='ocrx_word' id='word_1_30' title='bbox 975 857 1238 929; x_wconf 71' lang='grc' dir='ltr'><strong>διαόολῆς,</strong></span> <span class='ocrx_word' id='word_1_31' title='bbox 1267 857 1383 915; x_wconf 80' lang='grc' dir='ltr'><strong>ἀλλ’</strong></span> <span class='ocrx_word' id='word_1_32' title='bbox 1417 858 1476 914; x_wconf 76' lang='grc' dir='ltr'><strong>ἐκ</strong></span> <span class='ocrx_word' id='word_1_33' title='bbox 1503 861 1593 914; x_wconf 76' lang='grc' dir='ltr'><strong>τοῦ</strong></span> <span class='ocrx_word' id='word_1_34' title='bbox 1619 856 1732 932; x_wconf 81' lang='grc' dir='ltr'><strong>βίου</strong></span> <span class='ocrx_word' id='word_1_35' title='bbox 1753 854 1842 922; x_wconf 82' lang='grc' dir='ltr'><strong>τὰς</strong></span> <span class='ocrx_word' id='word_1_36' title='bbox 1864 854 2055 933; x_wconf 77' lang='grc' dir='ltr'>κρίσεις</span> 
     </span>
     <span class='ocr_line' id='line_1_8' title="bbox 502 948 775 1006; baseline 0 0"><span class='ocrx_word' id='word_1_37' title='bbox 502 948 775 1006; x_wconf 82' lang='grc' dir='ltr'><strong>ποιεῖσθαι.</strong></span> 
     </span>
    </p>
   </div>
   <div class='ocr_carea' id='block_1_5' title="bbox 623 1084 1716 1708">
    <p class='ocr_par' dir='ltr' id='par_1_5' title="bbox 625 1084 1564 1150">
     <span class='ocr_line' id='line_1_9' title="bbox 625 1084 1564 1150; baseline -0.006 -13"><span class='ocrx_word' id='word_1_38' title='bbox 625 1088 744 1146; x_wconf 81' lang='grc' dir='ltr'><strong>Ἤδη</strong></span> <span class='ocrx_word' id='word_1_39' title='bbox 767 1087 816 1135; x_wconf 85' lang='grc' dir='ltr'><strong>δὲ</strong></span> <span class='ocrx_word' id='word_1_40' title='bbox 833 1087 1014 1136; x_wconf 82' lang='grc' dir='ltr'><strong>πολλῶν</strong></span> <span class='ocrx_word' id='word_1_41' title='bbox 1033 1087 1194 1150; x_wconf 75' lang='grc' dir='ltr'><strong>ᾑρέθην</strong></span> <span class='ocrx_word' id='word_1_42' title='bbox 1216 1085 1366 1144; x_wconf 80' lang='grc' dir='ltr'><strong>λόγων</strong></span> <span class='ocrx_word' id='word_1_43' title='bbox 1389 1084 1564 1147; x_wconf 72' lang='grc' dir='ltr'><strong>κριτής,</strong></span> 
     </span>
    </p>

    <p class='ocr_par' dir='ltr' id='par_1_6' title="bbox 623 1155 1593 1290">
     <span class='ocr_line' id='line_1_10' title="bbox 623 1155 1593 1220; baseline -0.006 -12"><span class='ocrx_word' id='word_1_44' title='bbox 623 1161 704 1208; x_wconf 86' lang='grc' dir='ltr'><strong>καὶ</strong></span> <span class='ocrx_word' id='word_1_45' title='bbox 731 1159 862 1208; x_wconf 82' lang='grc' dir='ltr'><strong>πόλλ’</strong></span> <span class='ocrx_word' id='word_1_46' title='bbox 885 1157 1188 1220; x_wconf 79' lang='grc' dir='ltr'><strong>ἁμιλληθέντα</strong></span> <span class='ocrx_word' id='word_1_47' title='bbox 1211 1155 1451 1218; x_wconf 76' lang='grc' dir='ltr'><strong>μαρτύρων</strong></span> <span class='ocrx_word' id='word_1_48' title='bbox 1468 1155 1562 1203; x_wconf 80' lang='grc' dir='ltr'><strong>ὕπο</strong></span> <span class='ocrx_word' id='word_1_49' title='bbox 1578 1189 1593 1214; x_wconf 89' lang='grc'><strong>,</strong></span> 
     </span>
     <span class='ocr_line' id='line_1_11' title="bbox 627 1224 1516 1290; baseline -0.006 -13"><span class='ocrx_word' id='word_1_50' title='bbox 627 1228 827 1278; x_wconf 77' lang='grc' dir='ltr'><strong>τάναντί’</strong></span> <span class='ocrx_word' id='word_1_51' title='bbox 854 1229 998 1290; x_wconf 71' lang='grc' dir='ltr'><strong>ἔγνων</strong></span> <span class='ocrx_word' id='word_1_52' title='bbox 1017 1231 1252 1288; x_wconf 79' lang='grc' dir='ltr'><strong>συμφορᾶς</strong></span> <span class='ocrx_word' id='word_1_53' title='bbox 1271 1229 1376 1288; x_wconf 75' lang='grc' dir='ltr'><strong>μιᾶς</strong></span> <span class='ocrx_word' id='word_1_54' title='bbox 1395 1224 1516 1288; x_wconf 79' lang='grc' dir='ltr'><strong>πέρι.</strong></span> 
     </span>
    </p>

    <p class='ocr_par' dir='ltr' id='par_1_7' title="bbox 626 1291 1716 1566">
     <span class='ocr_line' id='line_1_12' title="bbox 631 1291 1716 1360; baseline -0.008 -13"><span class='ocrx_word' id='word_1_55' title='bbox 631 1298 780 1359; x_wconf 78' lang='grc' dir='ltr'><strong>Κάγὼ</strong></span> <span class='ocrx_word' id='word_1_56' title='bbox 801 1297 882 1360; x_wconf 81' lang='grc' dir='ltr'><strong>μὲν</strong></span> <span class='ocrx_word' id='word_1_57' title='bbox 905 1297 1028 1346; x_wconf 84' lang='grc' dir='ltr'><strong>οὕτω</strong></span> <span class='ocrx_word' id='word_1_58' title='bbox 1043 1333 1058 1356; x_wconf 92' lang='grc'><strong>,</strong></span> <span class='ocrx_word' id='word_1_59' title='bbox 1077 1296 1250 1358; x_wconf 80' lang='grc' dir='ltr'><strong>χῶστις</strong></span> <span class='ocrx_word' id='word_1_60' title='bbox 1273 1294 1368 1342; x_wconf 74' lang='grc' dir='ltr'><strong>ἔστ’</strong></span> <span class='ocrx_word' id='word_1_61' title='bbox 1390 1293 1501 1354; x_wconf 79' lang='grc' dir='ltr'><strong>ἀνὴρ</strong></span> <span class='ocrx_word' id='word_1_62' title='bbox 1519 1291 1686 1356; x_wconf 79' lang='grc' dir='ltr'><strong>σοφός,</strong></span> <span class='ocrx_word' id='word_1_63' title='bbox 1708 1353 1716 1360; x_wconf 88' lang='lat'><strong>.</strong></span> 
     </span>
     <span class='ocr_line' id='line_1_13' title="bbox 626 1362 1522 1430; baseline -0.008 -14"><span class='ocrx_word' id='word_1_64' title='bbox 626 1369 866 1430; x_wconf 78' lang='grc' dir='ltr'><strong>λογίζομαι</strong></span> <span class='ocrx_word' id='word_1_65' title='bbox 885 1367 1073 1424; x_wconf 80' lang='grc' dir='ltr'><strong>τάληθές</strong></span> <span class='ocrx_word' id='word_1_66' title='bbox 1086 1402 1100 1425; x_wconf 89' lang='grc'><strong>,</strong></span> <span class='ocrx_word' id='word_1_67' title='bbox 1124 1367 1188 1420; x_wconf 82' lang='grc' dir='ltr'><strong>εἰς</strong></span> <span class='ocrx_word' id='word_1_68' title='bbox 1207 1364 1369 1426; x_wconf 84' lang='grc' dir='ltr'><strong>ἀνδρὸς</strong></span> <span class='ocrx_word' id='word_1_69' title='bbox 1387 1362 1522 1426; x_wconf 70' lang='grc' dir='ltr'><strong>φύσιν</strong></span> 
     </span>
     <span class='ocr_line' id='line_1_14' title="bbox 627 1431 1566 1496; baseline -0.007 -10"><span class='ocrx_word' id='word_1_70' title='bbox 627 1443 818 1486; x_wconf 88' lang='grc' dir='ltr'><strong>σκοπῶν</strong></span> <span class='ocrx_word' id='word_1_71' title='bbox 838 1435 1012 1484; x_wconf 82' lang='grc' dir='ltr'><strong>δίαιτάν</strong></span> <span class='ocrx_word' id='word_1_72' title='bbox 1035 1435 1074 1482; x_wconf 85' lang='grc' dir='ltr'><strong>θ’</strong></span> <span class='ocrx_word' id='word_1_73' title='bbox 1093 1434 1237 1492; x_wconf 75' lang='grc' dir='ltr'><strong>ἥντιν’</strong></span> <span class='ocrx_word' id='word_1_74' title='bbox 1251 1431 1566 1496; x_wconf 73' lang='grc' dir='ltr'><strong>ἐμπορεύεται·</strong></span> 
     </span>
     <span class='ocr_line' id='line_1_15' title="bbox 626 1500 1525 1566; baseline -0.01 -11"><span class='ocrx_word' id='word_1_75' title='bbox 626 1507 754 1561; x_wconf 79' lang='grc' dir='ltr'><strong>ὅστις</strong></span> <span class='ocrx_word' id='word_1_76' title='bbox 773 1507 812 1554; x_wconf 81' lang='grc' dir='ltr'><strong>δ’</strong></span> <span class='ocrx_word' id='word_1_77' title='bbox 832 1506 1006 1566; x_wconf 84' lang='grc' dir='ltr'><strong>ὁμιλῶν</strong></span> <span class='ocrx_word' id='word_1_78' title='bbox 1022 1504 1182 1561; x_wconf 79' lang='grc' dir='ltr'><strong>ἣδεται</strong></span> <span class='ocrx_word' id='word_1_79' title='bbox 1200 1505 1362 1557; x_wconf 80' lang='grc' dir='ltr'><strong>κακοῖς</strong></span> <span class='ocrx_word' id='word_1_80' title='bbox 1380 1500 1493 1561; x_wconf 69' lang='grc' dir='ltr'><strong>ἀνὴρ</strong></span> <span class='ocrx_word' id='word_1_81' title='bbox 1508 1535 1525 1562; x_wconf 88' lang='grc'><strong>,</strong></span> 
     </span>
    </p>

    <p class='ocr_par' dir='ltr' id='par_1_8' title="bbox 626 1569 1545 1708">
     <span class='ocr_line' id='line_1_16' title="bbox 627 1569 1545 1635; baseline -0.009 -11"><span class='ocrx_word' id='word_1_82' title='bbox 627 1575 682 1624; x_wconf 83' lang='grc' dir='ltr'><strong>οὐ</strong></span> <span class='ocrx_word' id='word_1_83' title='bbox 700 1573 883 1623; x_wconf 83' lang='grc' dir='ltr'><strong>πώποτ’</strong></span> <span class='ocrx_word' id='word_1_84' title='bbox 902 1573 1123 1635; x_wconf 75' lang='grc' dir='ltr'><strong>ἠρώτησα</strong></span> <span class='ocrx_word' id='word_1_85' title='bbox 1142 1607 1155 1631; x_wconf 94' lang='grc'><strong>,</strong></span> <span class='ocrx_word' id='word_1_86' title='bbox 1177 1571 1452 1632; x_wconf 79' lang='grc' dir='ltr'><strong>γιγνώσκων</strong></span> <span class='ocrx_word' id='word_1_87' title='bbox 1473 1569 1545 1618; x_wconf 82' lang='grc' dir='ltr'><strong>ὅτι</strong></span> 
     </span>
     <span class='ocr_line' id='line_1_17' title="bbox 626 1640 1506 1708; baseline -0.006 -15"><span class='ocrx_word' id='word_1_88' title='bbox 626 1643 830 1700; x_wconf 79' lang='grc' dir='ltr'><strong>τοιοῦτός</strong></span> <span class='ocrx_word' id='word_1_89' title='bbox 848 1644 971 1692; x_wconf 73' lang='grc' dir='ltr'><strong>ἐστιν</strong></span> <span class='ocrx_word' id='word_1_90' title='bbox 988 1643 1055 1698; x_wconf 74' lang='lat' dir='ltr'><strong>ol:</strong></span> <span class='ocrx_word' id='word_1_91' title='bbox 1073 1657 1158 1704; x_wconf 82' lang='grc' dir='ltr'><strong>περ</strong></span> <span class='ocrx_word' id='word_1_92' title='bbox 1171 1642 1326 1708; x_wconf 79' lang='grc' dir='ltr'><strong>ἥδεται</strong></span> <span class='ocrx_word' id='word_1_93' title='bbox 1346 1640 1506 1697; x_wconf 80' lang='grc' dir='ltr'><strong>ξυνών.</strong></span> 
     </span>
    </p>
   </div>
   <div class='ocr_carea' id='block_1_6' title="bbox 505 1753 2058 2044">
    <p class='ocr_par' dir='ltr' id='par_1_9' title="bbox 505 1753 2056 2021">
     <span class='ocr_line' id='line_1_18' title="bbox 511 1753 2056 1846; baseline -0.007 -20.842"><span class='ocrx_word' id='word_1_94' title='bbox 511 1765 918 1846; x_wconf 66' lang='grc' dir='ltr'><strong>(153)Σκέψασθε</strong></span> <span class='ocrx_word' id='word_1_95' title='bbox 947 1765 1018 1840; x_wconf 85' lang='grc' dir='ltr'><strong>δ’,</strong></span> <span class='ocrx_word' id='word_1_96' title='bbox 1044 1753 1088 1822; x_wconf 75' lang='grc' dir='ltr'><em>ὦ</em></span> <span class='ocrx_word' id='word_1_97' title='bbox 1117 1763 1391 1835; x_wconf 85' lang='grc' dir='ltr'><strong>Ἀθηναῖοι,</strong></span> <span class='ocrx_word' id='word_1_98' title='bbox 1410 1760 1501 1828; x_wconf 81' lang='grc' dir='ltr'><strong>τὰς</strong></span> <span class='ocrx_word' id='word_1_99' title='bbox 1523 1759 1732 1838; x_wconf 77' lang='grc' dir='ltr'><strong>γνώμας</strong></span> <span class='ocrx_word' id='word_1_100' title='bbox 1750 1758 1809 1825; x_wconf 81' lang='grc' dir='ltr'><strong>ἃς</strong></span> <span class='ocrx_word' id='word_1_101' title='bbox 1833 1757 2056 1838; x_wconf 75' lang='grc' dir='ltr'><strong>ἀποφαί-</strong></span> 
     </span>
     <span class='ocr_line' id='line_1_19' title="bbox 505 1846 2053 1929; baseline -0.008 -15"><span class='ocrx_word' id='word_1_102' title='bbox 505 1878 647 1914; x_wconf 83' lang='grc' dir='ltr'><strong>νεται</strong></span> <span class='ocrx_word' id='word_1_103' title='bbox 665 1859 694 1913; x_wconf 76' lang='grc' dir='ltr'><strong>ὃ</strong></span> <span class='ocrx_word' id='word_1_104' title='bbox 715 1853 953 1925; x_wconf 78' lang='grc' dir='ltr'><strong>ποιητής.</strong></span> <span class='ocrx_word' id='word_1_105' title='bbox 980 1850 1123 1923; x_wconf 85' lang='grc' dir='ltr'><strong>Ἤδη</strong></span> <span class='ocrx_word' id='word_1_106' title='bbox 1161 1852 1367 1910; x_wconf 81' lang='grc' dir='ltr'><strong>πολλῶν</strong></span> <span class='ocrx_word' id='word_1_107' title='bbox 1394 1848 1719 1929; x_wconf 74' lang='grc' dir='ltr'><strong>πραγμάτων</strong></span> <span class='ocrx_word' id='word_1_108' title='bbox 1748 1846 1876 1928; x_wconf 72' lang='grc' dir='ltr'><strong>φησὶ</strong></span> <span class='ocrx_word' id='word_1_109' title='bbox 1901 1869 2053 1925; x_wconf 89' lang='grc' dir='ltr'><strong>γεγε-</strong></span> 
     </span>
     <span class='ocr_line' id='line_1_20' title="bbox 505 1933 2058 2044; baseline -0.005 -47"><span class='ocrx_word' id='word_1_110' title='bbox 505 1945 689 2012; x_wconf 87' lang='grc' dir='ltr'><strong>νησθαι</strong></span> <span class='ocrx_word' id='word_1_111' title='bbox 711 1939 915 2044; x_wconf 67' lang='grc' dir='ltr'><strong>κριτής,</strong></span> <span class='ocrx_word' id='word_1_112' title='bbox 942 1938 1122 2019; x_wconf 76' lang='grc' dir='ltr'><strong>ὥσπερ</strong></span> <span class='ocrx_word' id='word_1_113' title='bbox 1145 1943 1233 1996; x_wconf 78' lang='grc' dir='ltr'><strong>νῦν</strong></span> <span class='ocrx_word' id='word_1_114' title='bbox 1259 1940 1404 2015; x_wconf 80' lang='grc' dir='ltr'><strong>ὑμεῖς</strong></span> <span class='ocrx_word' id='word_1_115' title='bbox 1433 1934 1691 1994; x_wconf 86' lang='grc' dir='ltr'><strong>δικασταί·</strong></span> <span class='ocrx_word' id='word_1_116' title='bbox 1718 1933 1808 1992; x_wconf 80' lang='grc' dir='ltr'><strong>καὶ</strong></span> <span class='ocrx_word' id='word_1_117' title='bbox 1833 1933 1926 1998; x_wconf 75' lang='grc' dir='ltr'><strong>τὰς</strong></span> <span class='ocrx_word' id='word_1_118' title='bbox 1952 1933 2058 2013; x_wconf 82' lang='grc' dir='ltr'><strong>κρί-</strong></span> 
     </span>
    </p>
   </div>
   <div class='ocr_carea' id='block_1_7' title="bbox 420 2019 2055 2106">
    <p class='ocr_par' dir='ltr' id='par_1_10' title="bbox 420 2019 2055 2106">
     <span class='ocr_line' id='line_1_21' title="bbox 420 2019 2055 2106; baseline -0.007 -18"><span class='ocrx_word' id='word_1_119' title='bbox 420 2037 491 2088; x_wconf 77' lang='lat'><strong>22</strong></span> <span class='ocrx_word' id='word_1_120' title='bbox 512 2052 615 2096; x_wconf 86' lang='grc' dir='ltr'><strong>σεις</strong></span> <span class='ocrx_word' id='word_1_121' title='bbox 638 2031 732 2089; x_wconf 78' lang='grc' dir='ltr'><strong>οὗκ</strong></span> <span class='ocrx_word' id='word_1_122' title='bbox 757 2031 816 2086; x_wconf 78' lang='grc' dir='ltr'><strong>ἐκ</strong></span> <span class='ocrx_word' id='word_1_123' title='bbox 840 2029 942 2085; x_wconf 89' lang='grc' dir='ltr'><strong>τῶν</strong></span> <span class='ocrx_word' id='word_1_124' title='bbox 969 2029 1285 2106; x_wconf 89' lang='grc' dir='ltr'><strong>μαρτυριῶν,</strong></span> <span class='ocrx_word' id='word_1_125' title='bbox 1301 2025 1416 2082; x_wconf 80' lang='grc' dir='ltr'><strong>ἀλλ’</strong></span> <span class='ocrx_word' id='word_1_126' title='bbox 1441 2025 1612 2082; x_wconf 73' lang='grc' dir='ltr'><strong>ἐκτῶν</strong></span> <span class='ocrx_word' id='word_1_127' title='bbox 1634 2019 2055 2098; x_wconf 69' lang='grc' dir='ltr'><strong>ἐπιτηδευμάτων</strong></span> 
     </span>
    </p>
   </div>
   <div class='ocr_carea' id='block_1_8' title="bbox 425 3255 478 3295">
    <p class='ocr_par' dir='ltr' id='par_1_11' title="bbox 425 3255 478 3295">
     <span class='ocr_line' id='line_1_22' title="bbox 425 3255 478 3295; baseline -0.019 0"><span class='ocrx_word' id='word_1_128' title='bbox 425 3255 478 3295; x_wconf 81' lang='lat'><strong>10</strong></span> 
     </span>
    </p>
   </div>
   <div class='ocr_carea' id='block_1_9' title="bbox 502 2108 2059 3666">
    <p class='ocr_par' dir='ltr' id='par_1_12' title="bbox 502 2108 2059 3666">
     <span class='ocr_line' id='line_1_23' title="bbox 505 2108 2059 2196; baseline -0.006 -21"><span class='ocrx_word' id='word_1_129' title='bbox 505 2117 713 2176; x_wconf 78' lang='grc' dir='ltr'><strong>καὶτῶν</strong></span> <span class='ocrx_word' id='word_1_130' title='bbox 737 2117 951 2192; x_wconf 84' lang='grc' dir='ltr'><strong>ὁμιλιῶν</strong></span> <span class='ocrx_word' id='word_1_131' title='bbox 971 2138 1096 2196; x_wconf 81' lang='grc' dir='ltr'><strong>φησι</strong></span> <span class='ocrx_word' id='word_1_132' title='bbox 1115 2113 1392 2182; x_wconf 78' lang='grc' dir='ltr'><strong>ποιεῖσθαι,</strong></span> <span class='ocrx_word' id='word_1_133' title='bbox 1409 2111 1574 2169; x_wconf 72' lang='grc' dir='ltr'><strong>ἐκεῖσε</strong></span> <span class='ocrx_word' id='word_1_134' title='bbox 1597 2108 1935 2180; x_wconf 77' lang='grc' dir='ltr'><strong>ἀποὸλὲπων,</strong></span> <span class='ocrx_word' id='word_1_135' title='bbox 1948 2113 2059 2174; x_wconf 91' lang='grc' dir='ltr'><strong>πῶς</strong></span> 
     </span>
     <span class='ocr_line' id='line_1_24' title="bbox 502 2194 2057 2282; baseline -0.005 -20"><span class='ocrx_word' id='word_1_136' title='bbox 502 2205 590 2264; x_wconf 84' lang='grc' dir='ltr'><strong>τὸν</strong></span> <span class='ocrx_word' id='word_1_137' title='bbox 613 2204 730 2264; x_wconf 86' lang='grc' dir='ltr'><strong>καθ’</strong></span> <span class='ocrx_word' id='word_1_138' title='bbox 761 2201 965 2282; x_wconf 81' lang='grc' dir='ltr'><strong>ἡμέραν</strong></span> <span class='ocrx_word' id='word_1_139' title='bbox 1005 2201 1116 2280; x_wconf 88' lang='grc' dir='ltr'><strong>βίον</strong></span> <span class='ocrx_word' id='word_1_140' title='bbox 1141 2204 1253 2278; x_wconf 79' lang='grc' dir='ltr'><strong>ζῇ</strong></span> <span class='ocrx_word' id='word_1_141' title='bbox 1231 2224 1260 2259; x_wconf 90' lang='grc' dir='ltr'><strong>ο</strong></span> <span class='ocrx_word' id='word_1_142' title='bbox 1288 2197 1586 2278; x_wconf 84' lang='grc' dir='ltr'><strong>κρινόμενος</strong></span> <span class='ocrx_word' id='word_1_143' title='bbox 1626 2194 1717 2255; x_wconf 81' lang='grc' dir='ltr'><strong>καὶ</strong></span> <span class='ocrx_word' id='word_1_144' title='bbox 1742 2195 1914 2253; x_wconf 82' lang='grc' dir='ltr'><strong>ὅντινα</strong></span> <span class='ocrx_word' id='word_1_145' title='bbox 1936 2194 2057 2274; x_wconf 81' lang='grc' dir='ltr'><strong>τρό-</strong></span> 
     </span>
     <span class='ocr_line' id='line_1_25' title="bbox 505 2281 2057 2365; baseline -0.008 -14"><span class='ocrx_word' id='word_1_146' title='bbox 505 2316 600 2351; x_wconf 87' lang='grc' dir='ltr'><strong>πον</strong></span> <span class='ocrx_word' id='word_1_147' title='bbox 630 2295 808 2351; x_wconf 81' lang='grc' dir='ltr'><strong>διοικεῖ</strong></span> <span class='ocrx_word' id='word_1_148' title='bbox 836 2289 930 2360; x_wconf 83' lang='grc' dir='ltr'><strong>τὴν</strong></span> <span class='ocrx_word' id='word_1_149' title='bbox 965 2293 1150 2348; x_wconf 70' lang='grc' dir='ltr'><strong>ἑαυτοῦ</strong></span> <span class='ocrx_word' id='word_1_150' title='bbox 1184 2286 1424 2363; x_wconf 80' lang='grc' dir='ltr'><strong>οἰκίαν,</strong></span> <span class='ocrx_word' id='word_1_151' title='bbox 1396 2309 1466 2353; x_wconf 89' lang='grc' dir='ltr'><strong>ως</strong></span> <span class='ocrx_word' id='word_1_152' title='bbox 1493 2281 1873 2365; x_wconf 80' lang='grc' dir='ltr'><strong>παραπλησίως</strong></span> <span class='ocrx_word' id='word_1_153' title='bbox 1902 2281 2057 2341; x_wconf 83' lang='grc' dir='ltr'><strong>αὐτὸν</strong></span> 
     </span>
     <span class='ocr_line' id='line_1_26' title="bbox 503 2371 2057 2450; baseline -0.006 -14"><span class='ocrx_word' id='word_1_154' title='bbox 503 2381 594 2437; x_wconf 88' lang='grc' dir='ltr'><strong>και</strong></span> <span class='ocrx_word' id='word_1_155' title='bbox 618 2378 684 2436; x_wconf 76' lang='grc' dir='ltr'><strong>τὰ</strong></span> <span class='ocrx_word' id='word_1_156' title='bbox 710 2383 802 2450; x_wconf 73' lang='grc' dir='ltr'><strong>τῆς</strong></span> <span class='ocrx_word' id='word_1_157' title='bbox 838 2377 1034 2442; x_wconf 87' lang='grc' dir='ltr'><strong>πόλεως</strong></span> <span class='ocrx_word' id='word_1_158' title='bbox 1071 2374 1431 2450; x_wconf 85' lang='grc' dir='ltr'><strong>διοικησοντα,</strong></span> <span class='ocrx_word' id='word_1_159' title='bbox 1461 2372 1550 2431; x_wconf 74' lang='grc' dir='ltr'><strong>καὶ</strong></span> <span class='ocrx_word' id='word_1_160' title='bbox 1576 2371 1682 2431; x_wconf 90' lang='grc' dir='ltr'><strong>τίσι</strong></span> <span class='ocrx_word' id='word_1_161' title='bbox 1715 2373 1886 2450; x_wconf 87' lang='grc' dir='ltr'><strong>χαίρει</strong></span> <span class='ocrx_word' id='word_1_162' title='bbox 1920 2377 2057 2443; x_wconf 91' lang='grc' dir='ltr'><strong>πλη-</strong></span> 
     </span>
     <span class='ocr_line' id='line_1_27' title="bbox 505 2459 2056 2540; baseline -0.006 -16"><span class='ocrx_word' id='word_1_163' title='bbox 505 2467 711 2534; x_wconf 78' lang='grc' dir='ltr'><strong>σιάζων·</strong></span> <span class='ocrx_word' id='word_1_164' title='bbox 741 2488 833 2524; x_wconf 89' lang='grc' dir='ltr'><strong>και</strong></span> <span class='ocrx_word' id='word_1_165' title='bbox 852 2465 1103 2522; x_wconf 81' lang='grc' dir='ltr'><strong>τελευτῶν</strong></span> <span class='ocrx_word' id='word_1_166' title='bbox 1123 2465 1213 2522; x_wconf 80' lang='grc' dir='ltr'><strong>οὐκ</strong></span> <span class='ocrx_word' id='word_1_167' title='bbox 1235 2460 1466 2532; x_wconf 83' lang='grc' dir='ltr'><strong>ὤκνησεν</strong></span> <span class='ocrx_word' id='word_1_168' title='bbox 1497 2459 1860 2540; x_wconf 73' lang='grc' dir='ltr'><strong>ἀποφήνασθαι</strong></span> <span class='ocrx_word' id='word_1_169' title='bbox 1888 2481 2056 2517; x_wconf 81' lang='grc' dir='ltr'><strong>τοιου-</strong></span> 
     </span>
     <span class='ocr_line' id='line_1_28' title="bbox 504 2541 2057 2645; baseline -0.006 -33"><span class='ocrx_word' id='word_1_170' title='bbox 504 2576 590 2612; x_wconf 91' lang='grc' dir='ltr'><strong>τον</strong></span> <span class='ocrx_word' id='word_1_171' title='bbox 614 2552 769 2611; x_wconf 82' lang='grc' dir='ltr'><strong>αὐτὸν</strong></span> <span class='ocrx_word' id='word_1_172' title='bbox 795 2541 925 2609; x_wconf 74' lang='grc' dir='ltr'><strong>εἶναι</strong></span> <span class='ocrx_word' id='word_1_173' title='bbox 945 2541 1017 2616; x_wconf 78' lang='grc' dir='ltr'><strong>οἶς</strong></span> <span class='ocrx_word' id='word_1_174' title='bbox 1037 2573 1100 2607; x_wconf 87' lang='grc' dir='ltr'><strong>πε</strong></span> <span class='ocrx_word' id='word_1_175' title='bbox 1079 2572 1153 2645; x_wconf 68' lang='lat'><strong>⁸9...</strong></span> <span class='ocrx_word' id='word_1_176' title='bbox 1157 2549 1335 2622; x_wconf 75' lang='grc' dir='ltr'><strong>ἥδεται</strong></span> <span class='ocrx_word' id='word_1_177' title='bbox 1365 2546 1545 2616; x_wconf 82' lang='grc' dir='ltr'><strong>ξυνών.</strong></span> <span class='ocrx_word' id='word_1_178' title='bbox 1629 2549 1834 2606; x_wconf 77' lang='grc' dir='ltr'><strong>Οὐκοῦν</strong></span> <span class='ocrx_word' id='word_1_179' title='bbox 1861 2545 2057 2604; x_wconf 85' lang='grc' dir='ltr'><strong>δίκαιον</strong></span> 
     </span>
     <span class='ocr_line' id='line_1_29' title="bbox 503 2623 2055 2709; baseline -0.006 -19"><span class='ocrx_word' id='word_1_180' title='bbox 503 2655 595 2690; x_wconf 91' lang='grc' dir='ltr'><strong>και</strong></span> <span class='ocrx_word' id='word_1_181' title='bbox 620 2654 738 2709; x_wconf 87' lang='grc' dir='ltr'><strong>περι</strong></span> <span class='ocrx_word' id='word_1_182' title='bbox 763 2630 1042 2708; x_wconf 77' lang='grc' dir='ltr'><strong>Τιμάρχου</strong></span> <span class='ocrx_word' id='word_1_183' title='bbox 1070 2632 1174 2695; x_wconf 85' lang='grc' dir='ltr'><strong>τοῖς</strong></span> <span class='ocrx_word' id='word_1_184' title='bbox 1203 2629 1373 2693; x_wconf 80' lang='grc' dir='ltr'><strong>αὐτοῖς</strong></span> <span class='ocrx_word' id='word_1_185' title='bbox 1401 2630 1537 2703; x_wconf 68' lang='grc' dir='ltr'><strong>ὑμᾶς</strong></span> <span class='ocrx_word' id='word_1_186' title='bbox 1571 2623 1826 2704; x_wconf 77' lang='grc' dir='ltr'><strong>Εὐριπίδῃ</strong></span> <span class='ocrx_word' id='word_1_187' title='bbox 1854 2623 2055 2702; x_wconf 82' lang='grc' dir='ltr'><strong>χρήσα-</strong></span> 
     </span>
     <span class='ocr_line' id='line_1_30' title="bbox 505 2711 2058 2818; baseline -0.005 -42"><span class='ocrx_word' id='word_1_188' title='bbox 505 2725 626 2778; x_wconf 86' lang='grc' dir='ltr'><strong>σθαι</strong></span> <span class='ocrx_word' id='word_1_189' title='bbox 659 2719 948 2795; x_wconf 82' lang='grc' dir='ltr'><strong>λογισμοῖς.</strong></span> <span class='ocrx_word' id='word_1_190' title='bbox 1034 2713 1146 2794; x_wconf 68' lang='grc' dir='ltr'><strong>(ιιι)</strong></span> <span class='ocrx_word' id='word_1_191' title='bbox 1191 2716 1315 2781; x_wconf 84' lang='grc' dir='ltr'><strong>Πῶς</strong></span> <span class='ocrx_word' id='word_1_192' title='bbox 1359 2711 1622 2818; x_wconf 82' lang='grc' dir='ltr'><strong>διῴκηκε</strong></span> <span class='ocrx_word' id='word_1_193' title='bbox 1621 2711 1716 2783; x_wconf 77' lang='grc' dir='ltr'><strong>τὴν</strong></span> <span class='ocrx_word' id='word_1_194' title='bbox 1753 2713 1939 2769; x_wconf 73' lang='grc' dir='ltr'><strong>ἑαυτου</strong></span> <span class='ocrx_word' id='word_1_195' title='bbox 1970 2713 2058 2770; x_wconf 75' lang='grc' dir='ltr'><strong>οὗ·</strong></span> 
     </span>
     <span class='ocr_line' id='line_1_31' title="bbox 505 2797 2057 2882; baseline -0.005 -20"><span class='ocrx_word' id='word_1_196' title='bbox 505 2807 650 2876; x_wconf 87' lang='grc' dir='ltr'><strong>σίαν;</strong></span> <span class='ocrx_word' id='word_1_197' title='bbox 683 2804 998 2875; x_wconf 82' lang='grc' dir='ltr'><strong>κατεδηδοκε</strong></span> <span class='ocrx_word' id='word_1_198' title='bbox 1031 2801 1098 2860; x_wconf 79' lang='grc' dir='ltr'><strong>τὰ</strong></span> <span class='ocrx_word' id='word_1_199' title='bbox 1119 2805 1338 2882; x_wconf 77' lang='grc' dir='ltr'><strong>πατρῷα</strong></span> <span class='ocrx_word' id='word_1_200' title='bbox 1356 2799 1444 2860; x_wconf 76' lang='grc' dir='ltr'><strong>καὶ</strong></span> <span class='ocrx_word' id='word_1_201' title='bbox 1468 2799 1534 2859; x_wconf 74' lang='grc' dir='ltr'><strong>τὰ</strong></span> <span class='ocrx_word' id='word_1_202' title='bbox 1551 2804 1654 2860; x_wconf 89' lang='grc' dir='ltr'><strong>τῶν</strong></span> <span class='ocrx_word' id='word_1_203' title='bbox 1683 2797 1865 2880; x_wconf 78' lang='grc' dir='ltr'><strong>φίλων,</strong></span> <span class='ocrx_word' id='word_1_204' title='bbox 1895 2821 2057 2876; x_wconf 88' lang='grc' dir='ltr'><strong>μεμι-</strong></span> 
     </span>
     <span class='ocr_line' id='line_1_32' title="bbox 507 2884 2057 3002; baseline -0.004 -51"><span class='ocrx_word' id='word_1_205' title='bbox 507 2889 838 3002; x_wconf 47' lang='lat' dir='ltr'><strong>coa&#39;dpvnxtbc</strong></span> <span class='ocrx_word' id='word_1_206' title='bbox 833 2893 910 2972; x_wconf 79' lang='grc' dir='ltr'><strong>τῷ</strong></span> <span class='ocrx_word' id='word_1_207' title='bbox 939 2889 1144 2968; x_wconf 85' lang='grc' dir='ltr'><strong>σώματι</strong></span> <span class='ocrx_word' id='word_1_208' title='bbox 1180 2889 1271 2947; x_wconf 83' lang='grc' dir='ltr'><strong>καὶ</strong></span> <span class='ocrx_word' id='word_1_209' title='bbox 1300 2888 1599 2969; x_wconf 85' lang='grc' dir='ltr'><strong>δωροδοκῶν</strong></span> <span class='ocrx_word' id='word_1_210' title='bbox 1637 2885 1862 2966; x_wconf 86' lang='grc' dir='ltr'><strong>δημοσία</strong></span> <span class='ocrx_word' id='word_1_211' title='bbox 1904 2884 2057 2945; x_wconf 76' lang='grc' dir='ltr'><strong>πάντ’</strong></span> 
     </span>
     <span class='ocr_line' id='line_1_33' title="bbox 504 2973 2058 3060; baseline -0.005 -23"><span class='ocrx_word' id='word_1_212' title='bbox 504 2980 772 3060; x_wconf 66' lang='grc' dir='ltr'><strong>ἠφάνικεν,</strong></span> <span class='ocrx_word' id='word_1_213' title='bbox 800 2977 933 3036; x_wconf 79' lang='grc' dir='ltr'><strong>ὥστε</strong></span> <span class='ocrx_word' id='word_1_214' title='bbox 963 2975 1124 3053; x_wconf 84' lang='grc' dir='ltr'><strong>μηδὲν</strong></span> <span class='ocrx_word' id='word_1_215' title='bbox 1152 2977 1269 3035; x_wconf 79' lang='grc' dir='ltr'><strong>ἄλλ’</strong></span> <span class='ocrx_word' id='word_1_216' title='bbox 1311 2973 1346 3046; x_wconf 78' lang='grc' dir='ltr'>ἢ</span> <span class='ocrx_word' id='word_1_217' title='bbox 1385 2974 1479 3042; x_wconf 81' lang='grc' dir='ltr'><strong>τὰς</strong></span> <span class='ocrx_word' id='word_1_218' title='bbox 1507 2973 1756 3054; x_wconf 74' lang='grc' dir='ltr'><strong>αἱσχυνας</strong></span> <span class='ocrx_word' id='word_1_219' title='bbox 1796 2975 1939 3052; x_wconf 80' lang='grc' dir='ltr'><strong>αὐτῶ</strong></span> <span class='ocrx_word' id='word_1_220' title='bbox 1966 2996 2058 3031; x_wconf 86' lang='grc' dir='ltr'><strong>πε-</strong></span> 
     </span>
     <span class='ocr_line' id='line_1_34' title="bbox 507 3059 2056 3146; baseline -0.005 -20"><span class='ocrx_word' id='word_1_221' title='bbox 507 3069 708 3146; x_wconf 78' lang='grc' dir='ltr'><strong>ριεῖναι.</strong></span> <span class='ocrx_word' id='word_1_222' title='bbox 744 3064 1002 3145; x_wconf 80' lang='grc' dir='ltr'><strong>Χαίρειδὲ</strong></span> <span class='ocrx_word' id='word_1_223' title='bbox 1023 3069 1098 3122; x_wconf 88' lang='grc' dir='ltr'><strong>τῶ</strong></span> <span class='ocrx_word' id='word_1_224' title='bbox 1119 3062 1310 3141; x_wconf 81' lang='grc' dir='ltr'><strong>ξυνών;</strong></span> <span class='ocrx_word' id='word_1_225' title='bbox 1332 3062 1696 3143; x_wconf 77' lang='grc' dir='ltr'><strong>Ηγησάνδρῳ.</strong></span> <span class='ocrx_word' id='word_1_226' title='bbox 1719 3059 1787 3121; x_wconf 88' lang='grc' dir='ltr'><strong>Ὁ</strong></span> <span class='ocrx_word' id='word_1_227' title='bbox 1813 3063 1858 3118; x_wconf 88' lang='grc' dir='ltr'><strong>δ’</strong></span> <span class='ocrx_word' id='word_1_228' title='bbox 1882 3060 2056 3140; x_wconf 49' lang='lat' dir='ltr'><strong>‘lif-r}-</strong></span> 
     </span>
     <span class='ocr_line' id='line_1_35' title="bbox 505 3148 2057 3266; baseline -0.003 -54"><span class='ocrx_word' id='word_1_229' title='bbox 505 3155 720 3266; x_wconf 83' lang='grc' dir='ltr'><strong>σανδρος</strong></span> <span class='ocrx_word' id='word_1_230' title='bbox 758 3157 818 3212; x_wconf 80' lang='grc' dir='ltr'><strong>ἐκ</strong></span> <span class='ocrx_word' id='word_1_231' title='bbox 848 3152 998 3210; x_wconf 86' lang='grc' dir='ltr'><strong>τίνων</strong></span> <span class='ocrx_word' id='word_1_232' title='bbox 1022 3151 1160 3210; x_wconf 75' lang='grc' dir='ltr'><strong>ἐστὶν</strong></span> <span class='ocrx_word' id='word_1_233' title='bbox 1187 3149 1647 3228; x_wconf 66' lang='grc' dir='ltr'><strong>ἐπιτηδευμάτωνς</strong></span> <span class='ocrx_word' id='word_1_234' title='bbox 1677 3152 1738 3208; x_wconf 82' lang='grc' dir='ltr'><strong>ἐκ</strong></span> <span class='ocrx_word' id='word_1_235' title='bbox 1770 3149 1967 3207; x_wconf 84' lang='grc' dir='ltr'><strong>τούτων</strong></span> <span class='ocrx_word' id='word_1_236' title='bbox 2005 3148 2057 3218; x_wconf 80' lang='grc' dir='ltr'><strong>ἐξ</strong></span> 
     </span>
     <span class='ocr_line' id='line_1_36' title="bbox 504 3231 2053 3344; baseline -0.004 -44"><span class='ocrx_word' id='word_1_237' title='bbox 504 3231 575 3300; x_wconf 87' lang='grc' dir='ltr'><strong>ων</strong></span> <span class='ocrx_word' id='word_1_238' title='bbox 599 3239 754 3298; x_wconf 82' lang='grc' dir='ltr'><strong>αὐτὸν</strong></span> <span class='ocrx_word' id='word_1_239' title='bbox 773 3238 1037 3319; x_wconf 79' lang='grc' dir='ltr'><strong>πράξαντα</strong></span> <span class='ocrx_word' id='word_1_240' title='bbox 1063 3241 1110 3297; x_wconf 80' lang='grc' dir='ltr'><strong>οἱ</strong></span> <span class='ocrx_word' id='word_1_241' title='bbox 1137 3237 1285 3315; x_wconf 84' lang='grc' dir='ltr'><strong>νόμοι</strong></span> <span class='ocrx_word' id='word_1_242' title='bbox 1309 3235 1692 3344; x_wconf 73' lang='grc' dir='ltr'><strong>ἄπαγορευουσι</strong></span> <span class='ocrx_word' id='word_1_243' title='bbox 1715 3235 1790 3311; x_wconf 82' lang='grc' dir='ltr'><strong>μὴ</strong></span> <span class='ocrx_word' id='word_1_244' title='bbox 1821 3237 2053 3312; x_wconf 76' lang='grc' dir='ltr'><strong>δημηγο-</strong></span> 
     </span>
     <span class='ocr_line' id='line_1_37' title="bbox 507 3321 2057 3407; baseline -0.003 -22"><span class='ocrx_word' id='word_1_245' title='bbox 507 3351 557 3407; x_wconf 80' lang='grc' dir='ltr'><strong>ρε</strong></span> <span class='ocrx_word' id='word_1_246' title='bbox 539 3335 632 3386; x_wconf 65' lang='grc' dir='ltr'><strong>εἶν.</strong></span> <span class='ocrx_word' id='word_1_247' title='bbox 715 3325 860 3403; x_wconf 86' lang='grc' dir='ltr'><strong>Ἐγὼ</strong></span> <span class='ocrx_word' id='word_1_248' title='bbox 879 3324 934 3384; x_wconf 82' lang='grc' dir='ltr'><strong>δὲ</strong></span> <span class='ocrx_word' id='word_1_249' title='bbox 959 3349 1010 3383; x_wconf 90' lang='grc' dir='ltr'><strong>τι</strong></span> <span class='ocrx_word' id='word_1_250' title='bbox 997 3323 1170 3403; x_wconf 81' lang='grc' dir='ltr'><strong>’λέγω</strong></span> <span class='ocrx_word' id='word_1_251' title='bbox 1196 3322 1334 3382; x_wconf 71' lang='grc' dir='ltr'><strong>κατὰ</strong></span> <span class='ocrx_word' id='word_1_252' title='bbox 1352 3325 1660 3403; x_wconf 78' lang='grc' dir='ltr'><strong>Τιμάρχου,</strong></span> <span class='ocrx_word' id='word_1_253' title='bbox 1689 3323 1779 3380; x_wconf 70' lang='grc' dir='ltr'><strong>καὶ</strong></span> <span class='ocrx_word' id='word_1_254' title='bbox 1801 3321 1914 3380; x_wconf 88' lang='grc' dir='ltr'><strong>τίνα</strong></span> <span class='ocrx_word' id='word_1_255' title='bbox 1943 3323 2057 3380; x_wconf 88' lang='grc' dir='ltr'><strong>ποτ’</strong></span> 
     </span>
     <span class='ocr_line' id='line_1_38' title="bbox 505 3409 2055 3520; baseline -0.003 -46.899"><span class='ocrx_word' id='word_1_256' title='bbox 505 3414 645 3473; x_wconf 73' lang='grc' dir='ltr'><strong>ἐστὶν</strong></span> <span class='ocrx_word' id='word_1_257' title='bbox 673 3413 761 3471; x_wconf 74' lang='grc' dir='ltr'><strong>ἃ’</strong></span> <span class='ocrx_word' id='word_1_258' title='bbox 733 3412 1181 3522; x_wconf 81' lang='grc' dir='ltr'><strong>αντιγέγραμμαι;</strong></span> <span class='ocrx_word' id='word_1_259' title='bbox 1207 3411 1280 3488; x_wconf 76' lang='grc' dir='ltr'><strong>μὴ</strong></span> <span class='ocrx_word' id='word_1_260' title='bbox 1309 3411 1626 3520; x_wconf 83' lang='grc' dir='ltr'><strong>δημηγορειν</strong></span> <span class='ocrx_word' id='word_1_261' title='bbox 1651 3409 1926 3488; x_wconf 81' lang='grc' dir='ltr'><strong>Τίμαρχον</strong></span> <span class='ocrx_word' id='word_1_262' title='bbox 1960 3432 2055 3468; x_wconf 87' lang='grc' dir='ltr'><strong>πε-</strong></span> 
     </span>
     <span class='ocr_line' id='line_1_39' title="bbox 505 3496 2053 3581; baseline -0.004 -21"><span class='ocrx_word' id='word_1_263' title='bbox 505 3497 849 3581; x_wconf 77' lang='grc' dir='ltr'><strong>πορνευμένον</strong></span> <span class='ocrx_word' id='word_1_264' title='bbox 877 3499 966 3559; x_wconf 85' lang='grc' dir='ltr'><strong>καὶ</strong></span> <span class='ocrx_word' id='word_1_265' title='bbox 1007 3499 1098 3570; x_wconf 73' lang='grc' dir='ltr'><strong>τὴν</strong></span> <span class='ocrx_word' id='word_1_266' title='bbox 1149 3497 1397 3579; x_wconf 86' lang='grc' dir='ltr'><strong>πατρῴαν</strong></span> <span class='ocrx_word' id='word_1_267' title='bbox 1428 3497 1606 3557; x_wconf 81' lang='grc' dir='ltr'><strong>οὐσίαν</strong></span> <span class='ocrx_word' id='word_1_268' title='bbox 1649 3496 2053 3568; x_wconf 82' lang='grc' dir='ltr'><strong>κατεδηδοκότα.</strong></span> 
     </span>
     <span class='ocr_line' id='line_1_40' title="bbox 505 3577 2055 3666; baseline -0.005 -16.899"><span class='ocrx_word' id='word_1_269' title='bbox 505 3589 690 3666; x_wconf 84' lang='grc' dir='ltr'><strong>Ὑμεῖς</strong></span> <span class='ocrx_word' id='word_1_270' title='bbox 717 3586 772 3648; x_wconf 81' lang='grc' dir='ltr'><strong>δὲ</strong></span> <span class='ocrx_word' id='word_1_271' title='bbox 812 3587 863 3646; x_wconf 87' lang='grc' dir='ltr'><strong>τί</strong></span> <span class='ocrx_word' id='word_1_272' title='bbox 890 3587 1238 3666; x_wconf 77' lang='grc' dir='ltr'><strong>ὀμωμόκατε;</strong></span> <span class='ocrx_word' id='word_1_273' title='bbox 1282 3585 1414 3666; x_wconf 80' lang='grc' dir='ltr'><strong>ὑπὲρ</strong></span> <span class='ocrx_word' id='word_1_274' title='bbox 1455 3586 1624 3644; x_wconf 78' lang='grc' dir='ltr'><strong>αὐτῶν</strong></span> <span class='ocrx_word' id='word_1_275' title='bbox 1653 3577 2023 3665; x_wconf 46' lang='grc' dir='ltr'><strong>ψηφιεῖσθαι*</strong></span> <span class='ocrx_word' id='word_1_276' title='bbox 1984 3610 2055 3644; x_wconf 88' lang='grc' dir='ltr'><strong>ων</strong></span> 
     </span>
    </p>
   </div>
   <div class='ocr_carea' id='block_1_10' title="bbox 504 3659 2056 3920">
    <p class='ocr_par' dir='ltr' id='par_1_13' title="bbox 504 3659 2056 3920">
     <span class='ocr_line' id='line_1_41' title="bbox 504 3659 905 3746; baseline -0.008 -19"><span class='ocrx_word' id='word_1_277' title='bbox 504 3667 568 3727; x_wconf 79' lang='grc' dir='ltr'><strong>ἂν</strong></span> <span class='ocrx_word' id='word_1_278' title='bbox 597 3673 630 3738; x_wconf 85' lang='grc' dir='ltr'>ἡ</span> <span class='ocrx_word' id='word_1_279' title='bbox 665 3659 905 3746; x_wconf 72' lang='grc' dir='ltr'><strong>δίωξιςῇ.</strong></span> 
     </span>
     <span class='ocr_line' id='line_1_42' title="bbox 585 3749 2056 3833; baseline -0.005 -19"><span class='ocrx_word' id='word_1_280' title='bbox 585 3776 626 3813; x_wconf 89' lang='lat'><strong>1·</strong></span> <span class='ocrx_word' id='word_1_281' title='bbox 611 3778 682 3814; x_wconf 66' lang='lat' dir='ltr'><strong>os.</strong></span> <span class='ocrx_word' id='word_1_282' title='bbox 725 3752 845 3811; x_wconf 78' lang='grc' dir='ltr'><strong>Ἵνα</strong></span> <span class='ocrx_word' id='word_1_283' title='bbox 878 3753 930 3812; x_wconf 77' lang='grc' dir='ltr'><strong>δὲ</strong></span> <span class='ocrx_word' id='word_1_284' title='bbox 958 3752 1030 3829; x_wconf 75' lang='grc' dir='ltr'><strong>μὴ</strong></span> <span class='ocrx_word' id='word_1_285' title='bbox 1055 3756 1368 3833; x_wconf 85' lang='grc' dir='ltr'><strong>μακρολογῶ</strong></span> <span class='ocrx_word' id='word_1_286' title='bbox 1393 3775 1512 3832; x_wconf 87' lang='grc' dir='ltr'><strong>περι</strong></span> <span class='ocrx_word' id='word_1_287' title='bbox 1537 3753 1638 3810; x_wconf 88' lang='grc' dir='ltr'><strong>τῶν</strong></span> <span class='ocrx_word' id='word_1_288' title='bbox 1667 3753 1896 3823; x_wconf 87' lang='grc' dir='ltr'><strong>ποιητῶν</strong></span> <span class='ocrx_word' id='word_1_289' title='bbox 1920 3749 2056 3818; x_wconf 82' lang='grc' dir='ltr'><strong>διεξ-</strong></span> 
     </span>
     <span class='ocr_line' id='line_1_43' title="bbox 507 3835 2056 3920; baseline -0.001 -24"><span class='ocrx_word' id='word_1_290' title='bbox 507 3840 617 3915; x_wconf 78' lang='grc' dir='ltr'><strong>ιών,</strong></span> <span class='ocrx_word' id='word_1_291' title='bbox 645 3841 844 3920; x_wconf 83' lang='grc' dir='ltr'><strong>ἀνδρῶν</strong></span> <span class='ocrx_word' id='word_1_292' title='bbox 867 3841 966 3919; x_wconf 81' lang='grc' dir='ltr'><strong>ἐρῶ</strong></span> <span class='ocrx_word' id='word_1_293' title='bbox 993 3837 1352 3919; x_wconf 74' lang='grc' dir='ltr'><strong>πρεσὸυτὲρων</strong></span> <span class='ocrx_word' id='word_1_294' title='bbox 1381 3839 1470 3896; x_wconf 79' lang='grc' dir='ltr'><strong>καὶ</strong></span> <span class='ocrx_word' id='word_1_295' title='bbox 1491 3837 1762 3916; x_wconf 82' lang='grc' dir='ltr'><strong>γνωρίμων</strong></span> <span class='ocrx_word' id='word_1_296' title='bbox 1799 3841 1919 3914; x_wconf 79' lang='grc' dir='ltr'><strong>ὑμῖν</strong></span> <span class='ocrx_word' id='word_1_297' title='bbox 1952 3835 2056 3895; x_wconf 81' lang='grc' dir='ltr'><strong>ὀνό·</strong></span> 
     </span>
    </p>
   </div>
   <div class='ocr_carea' id='block_1_11' title="bbox 459 3917 2055 4003">
    <p class='ocr_par' dir='ltr' id='par_1_14' title="bbox 459 3917 2055 4003">
     <span class='ocr_line' id='line_1_44' title="bbox 459 3917 2055 4003; baseline -0.002 -20"><span class='ocrx_word' id='word_1_298' title='bbox 459 3951 480 3983; x_wconf 71' lang='grc' dir='ltr'><strong>ιι</strong></span> <span class='ocrx_word' id='word_1_299' title='bbox 507 3949 649 4003; x_wconf 85' lang='grc' dir='ltr'><strong>ματα</strong></span> <span class='ocrx_word' id='word_1_300' title='bbox 675 3925 764 3984; x_wconf 71' lang='grc' dir='ltr'><strong>καὶ</strong></span> <span class='ocrx_word' id='word_1_301' title='bbox 808 3925 1090 4002; x_wconf 78' lang='grc' dir='ltr'><strong>μειρακίοιν</strong></span> <span class='ocrx_word' id='word_1_302' title='bbox 1118 3925 1206 3982; x_wconf 82' lang='grc' dir='ltr'><strong>καὶ</strong></span> <span class='ocrx_word' id='word_1_303' title='bbox 1237 3925 1453 3998; x_wconf 85' lang='grc' dir='ltr'><strong>παίδων,</strong></span> <span class='ocrx_word' id='word_1_304' title='bbox 1481 3917 1553 3983; x_wconf 72' lang='grc' dir='ltr'><strong>ὧν</strong></span> <span class='ocrx_word' id='word_1_305' title='bbox 1580 3925 1684 3990; x_wconf 80' lang='grc' dir='ltr'><strong>τοῖς</strong></span> <span class='ocrx_word' id='word_1_306' title='bbox 1716 3925 1808 4002; x_wconf 82' lang='grc' dir='ltr'><strong>μὲν</strong></span> <span class='ocrx_word' id='word_1_307' title='bbox 1838 3925 1922 3982; x_wconf 76' lang='grc' dir='ltr'><strong>διὰ</strong></span> <span class='ocrx_word' id='word_1_308' title='bbox 1962 3923 2055 3995; x_wconf 76' lang='grc' dir='ltr'><strong>τὴν</strong></span> 
     </span>
    </p>
   </div>
   <div class='ocr_carea' id='block_1_12' title="bbox 505 4011 2057 4094">
    <p class='ocr_par' dir='ltr' id='par_1_15' title="bbox 505 4011 2057 4094">
     <span class='ocr_line' id='line_1_45' title="bbox 505 4011 2057 4094; baseline -0.003 -22"><span class='ocrx_word' id='word_1_309' title='bbox 505 4013 814 4094; x_wconf 83' lang='grc' dir='ltr'><strong>εὐπρέπειαν</strong></span> <span class='ocrx_word' id='word_1_310' title='bbox 851 4012 1034 4070; x_wconf 83' lang='grc' dir='ltr'><strong>πολλοὶ</strong></span> <span class='ocrx_word' id='word_1_311' title='bbox 1055 4013 1324 4088; x_wconf 85' lang='grc' dir='ltr'><strong>γεγόνασιν</strong></span> <span class='ocrx_word' id='word_1_312' title='bbox 1351 4011 1564 4091; x_wconf 80' lang='grc' dir='ltr'><strong>ἐρασταί</strong></span> <span class='ocrx_word' id='word_1_313' title='bbox 1623 4011 1768 4078; x_wconf 80' lang='grc' dir='ltr'><strong>ἐνίοις</strong></span> <span class='ocrx_word' id='word_1_314' title='bbox 1793 4011 1846 4070; x_wconf 81' lang='grc' dir='ltr'><strong>δὲ</strong></span> <span class='ocrx_word' id='word_1_315' title='bbox 1873 4014 1977 4068; x_wconf 89' lang='grc' dir='ltr'><strong>τῶν</strong></span> <span class='ocrx_word' id='word_1_316' title='bbox 2005 4013 2057 4068; x_wconf 80' lang='grc' dir='ltr'><strong>ἐν</strong></span> 
     </span>
    </p>
   </div>
   <div class='ocr_carea' id='block_1_13' title="bbox 425 4091 2057 4178">
    <p class='ocr_par' dir='ltr' id='par_1_16' title="bbox 425 4091 2057 4178">
     <span class='ocr_line' id='line_1_46' title="bbox 425 4091 2057 4178; baseline -0.003 -19"><span class='ocrx_word' id='word_1_317' title='bbox 425 4109 432 4114; x_wconf 85' lang='grc'><em>“</em></span> <span class='ocrx_word' id='word_1_318' title='bbox 505 4099 740 4178; x_wconf 52' lang='lat' dir='ltr'><strong>mixta*</strong></span> <span class='ocrx_word' id='word_1_319' title='bbox 711 4123 786 4158; x_wconf 91' lang='grc' dir='ltr'><strong>ετι</strong></span> <span class='ocrx_word' id='word_1_320' title='bbox 815 4122 903 4157; x_wconf 88' lang='grc' dir='ltr'><strong>και</strong></span> <span class='ocrx_word' id='word_1_321' title='bbox 931 4123 1018 4158; x_wconf 91' lang='grc' dir='ltr'><strong>νυν</strong></span> <span class='ocrx_word' id='word_1_322' title='bbox 1043 4097 1192 4172; x_wconf 80' lang='grc' dir='ltr'><strong>εἰσίν,</strong></span> <span class='ocrx_word' id='word_1_323' title='bbox 1221 4091 1291 4158; x_wconf 72' lang='grc' dir='ltr'><strong>ὧν</strong></span> <span class='ocrx_word' id='word_1_324' title='bbox 1317 4099 1477 4165; x_wconf 78' lang='grc' dir='ltr'><strong>οὐδεὶς</strong></span> <span class='ocrx_word' id='word_1_325' title='bbox 1507 4102 1712 4157; x_wconf 87' lang='grc' dir='ltr'><strong>πωποτ’</strong></span> <span class='ocrx_word' id='word_1_326' title='bbox 1741 4101 1810 4164; x_wconf 76' lang='grc' dir='ltr'><strong>εἷς</strong></span> <span class='ocrx_word' id='word_1_327' title='bbox 1836 4097 1929 4164; x_wconf 73' lang='grc' dir='ltr'><strong>τὰς</strong></span> <span class='ocrx_word' id='word_1_328' title='bbox 1962 4121 2057 4154; x_wconf 83' lang='grc' dir='ltr'><strong>αυ-</strong></span> 
     </span>
    </p>
   </div>
   <div class='ocr_carea' id='block_1_14' title="bbox 421 4635 474 4671">
    <p class='ocr_par' dir='ltr' id='par_1_17' title="bbox 421 4635 474 4671">
     <span class='ocr_line' id='line_1_47' title="bbox 421 4635 474 4671; baseline 0.019 -1"><span class='ocrx_word' id='word_1_329' title='bbox 421 4635 474 4671; x_wconf 68' lang='lat'><strong>2⁰</strong></span> 
     </span>
    </p>
   </div>
   <div class='ocr_carea' id='block_1_15' title="bbox 501 4181 2057 5312">
    <p class='ocr_par' dir='ltr' id='par_1_18' title="bbox 501 4181 2057 5312">
     <span class='ocr_line' id='line_1_48' title="bbox 503 4181 2052 4292; baseline -0.003 -47"><span class='ocrx_word' id='word_1_330' title='bbox 503 4187 597 4253; x_wconf 84' lang='grc' dir='ltr'><strong>τὰς</strong></span> <span class='ocrx_word' id='word_1_331' title='bbox 618 4187 786 4253; x_wconf 85' lang='grc' dir='ltr'><strong>αἰτίας</strong></span> <span class='ocrx_word' id='word_1_332' title='bbox 806 4187 1016 4267; x_wconf 72' lang='grc' dir='ltr'><strong>ἀφῖκται</strong></span> <span class='ocrx_word' id='word_1_333' title='bbox 1043 4189 1092 4246; x_wconf 87' lang='grc' dir='ltr'><strong>Γ</strong></span> <span class='ocrx_word' id='word_1_334' title='bbox 1096 4209 1332 4292; x_wconf 68' lang='grc' dir='ltr'><strong>ιμαρχω</strong></span> <span class='ocrx_word' id='word_1_335' title='bbox 1363 4185 1452 4244; x_wconf 81' lang='grc' dir='ltr'><strong>καὶ</strong></span> <span class='ocrx_word' id='word_1_336' title='bbox 1479 4187 1674 4244; x_wconf 63' lang='grc' dir='ltr'><strong>πιιίλινί</strong></span> <span class='ocrx_word' id='word_1_337' title='bbox 1657 4193 1774 4260; x_wconf 84' lang='grc' dir='ltr'><strong>υμῖν</strong></span> <span class='ocrx_word' id='word_1_338' title='bbox 1803 4185 1995 4243; x_wconf 61' lang='grc' dir='ltr'><strong>ἀντιδ</strong></span> <span class='ocrx_word' id='word_1_339' title='bbox 1952 4207 1993 4241; x_wconf 92' lang='grc' dir='ltr'><strong>ι</strong></span> <span class='ocrx_word' id='word_1_340' title='bbox 1998 4181 2052 4252; x_wconf 81' lang='grc' dir='ltr'><strong>’ς’-</strong></span> 
     </span>
     <span class='ocr_line' id='line_1_49' title="bbox 505 4265 2057 4354; baseline -0.003 -24"><span class='ocrx_word' id='word_1_341' title='bbox 505 4297 612 4349; x_wconf 79' lang='grc' dir='ltr'><strong>ειμι</strong></span> <span class='ocrx_word' id='word_1_342' title='bbox 649 4272 931 4352; x_wconf 81' lang='grc' dir='ltr'><strong>ἀνθρώπων</strong></span> <span class='ocrx_word' id='word_1_343' title='bbox 961 4265 1387 4354; x_wconf 81' lang='grc' dir='ltr'><strong>πεπορνευμένων</strong></span> <span class='ocrx_word' id='word_1_344' title='bbox 1433 4274 1663 4352; x_wconf 73' lang='grc' dir='ltr'><strong>αίσγρῶς</strong></span> <span class='ocrx_word' id='word_1_345' title='bbox 1704 4295 1792 4328; x_wconf 90' lang='grc' dir='ltr'><strong>και</strong></span> <span class='ocrx_word' id='word_1_346' title='bbox 1827 4273 2057 4350; x_wconf 83' lang='grc' dir='ltr'><strong>φανερῶς</strong></span> 
     </span>
     <span class='ocr_line' id='line_1_50' title="bbox 503 4356 2055 4437; baseline -0.003 -18"><span class='ocrx_word' id='word_1_347' title='bbox 503 4361 763 4437; x_wconf 82' lang='grc' dir='ltr'><strong>ὀνόματα,</strong></span> <span class='ocrx_word' id='word_1_348' title='bbox 787 4359 916 4418; x_wconf 73' lang='grc' dir='ltr'><strong>ίνα“</strong></span> <span class='ocrx_word' id='word_1_349' title='bbox 897 4369 1042 4434; x_wconf 85' lang='grc' dir='ltr'><strong>υμεῖς</strong></span> <span class='ocrx_word' id='word_1_350' title='bbox 1065 4359 1476 4434; x_wconf 68' lang='grc' dir='ltr'><strong>ἀναμνησθέντες</strong></span> <span class='ocrx_word' id='word_1_351' title='bbox 1501 4359 1847 4434; x_wconf 87' lang='grc' dir='ltr'><strong>κατανείμητε</strong></span> <span class='ocrx_word' id='word_1_352' title='bbox 1873 4361 1944 4424; x_wconf 87' lang='grc' dir='ltr'><strong>εἷς</strong></span> <span class='ocrx_word' id='word_1_353' title='bbox 1962 4356 2055 4428; x_wconf 77' lang='grc' dir='ltr'><strong>τὴν</strong></span> 
     </span>
     <span class='ocr_line' id='line_1_51' title="bbox 504 4441 2055 4525; baseline -0.003 -21"><span class='ocrx_word' id='word_1_354' title='bbox 504 4445 866 4524; x_wconf 79' lang='grc' dir='ltr'><strong>προσήκουσαν</strong></span> <span class='ocrx_word' id='word_1_355' title='bbox 894 4445 1036 4514; x_wconf 75' lang='grc' dir='ltr'><strong>τάξιν</strong></span> <span class='ocrx_word' id='word_1_356' title='bbox 1065 4447 1360 4525; x_wconf 73' lang='grc' dir='ltr'><strong>Τίμαργ.ον</strong></span> <span class='ocrx_word' id='word_1_357' title='bbox 1447 4448 1564 4522; x_wconf 74' lang='lat' dir='ltr'><strong>(iso)</strong></span> <span class='ocrx_word' id='word_1_358' title='bbox 1597 4448 1813 4522; x_wconf 87' lang='grc' dir='ltr'><strong>Πρῶτον</strong></span> <span class='ocrx_word' id='word_1_359' title='bbox 1843 4443 1896 4501; x_wconf 85' lang='grc' dir='ltr'><strong>δὲ</strong></span> <span class='ocrx_word' id='word_1_360' title='bbox 1925 4445 1980 4500; x_wconf 83' lang='grc' dir='ltr'><strong>λε</strong></span> <span class='ocrx_word' id='word_1_361' title='bbox 1970 4441 2055 4511; x_wconf 82' lang='grc' dir='ltr'><strong>’ξω</strong></span> 
     </span>
     <span class='ocr_line' id='line_1_52' title="bbox 504 4529 2054 4642; baseline -0.005 -50"><span class='ocrx_word' id='word_1_362' title='bbox 504 4533 569 4592; x_wconf 80' lang='grc' dir='ltr'><strong>τὰ</strong></span> <span class='ocrx_word' id='word_1_363' title='bbox 595 4538 698 4591; x_wconf 87' lang='grc' dir='ltr'><strong>τῶν</strong></span> <span class='ocrx_word' id='word_1_364' title='bbox 721 4531 996 4642; x_wconf 76' lang='grc' dir='ltr'><strong>ἐλευθερων</strong></span> <span class='ocrx_word' id='word_1_365' title='bbox 1025 4532 1112 4590; x_wconf 81' lang='grc' dir='ltr'><strong>καὶ</strong></span> <span class='ocrx_word' id='word_1_366' title='bbox 1143 4535 1314 4598; x_wconf 84' lang='grc' dir='ltr'><strong>καλῶς</strong></span> <span class='ocrx_word' id='word_1_367' title='bbox 1344 4531 1670 4610; x_wconf 78' lang='grc' dir='ltr'><strong>βεὸιωκότων</strong></span> <span class='ocrx_word' id='word_1_368' title='bbox 1693 4529 1942 4606; x_wconf 81' lang='grc' dir='ltr'><strong>ὀνόματα.</strong></span> <span class='ocrx_word' id='word_1_369' title='bbox 1964 4531 2009 4588; x_wconf 93' lang='lat' dir='ltr'>l</span> <span class='ocrx_word' id='word_1_370' title='bbox 2014 4554 2054 4585; x_wconf 91' lang='grc' dir='ltr'><strong>ι-</strong></span> 
     </span>
     <span class='ocr_line' id='line_1_53' title="bbox 505 4617 2051 4699; baseline -0.002 -22"><span class='ocrx_word' id='word_1_371' title='bbox 505 4644 744 4694; x_wconf 83' lang='grc' dir='ltr'><strong>νωσκετε,</strong></span> <span class='ocrx_word' id='word_1_372' title='bbox 770 4646 815 4680; x_wconf 86' lang='grc' dir='ltr'><strong>ω</strong></span> <span class='ocrx_word' id='word_1_373' title='bbox 841 4621 1116 4692; x_wconf 78' lang='grc' dir='ltr'><strong>Ἀθηναῖοι,</strong></span> <span class='ocrx_word' id='word_1_374' title='bbox 1151 4619 1388 4699; x_wconf 86' lang='grc' dir='ltr'><strong>Κρίτωνα</strong></span> <span class='ocrx_word' id='word_1_375' title='bbox 1410 4617 1496 4676; x_wconf 85' lang='grc' dir='ltr'><strong>τὸν</strong></span> <span class='ocrx_word' id='word_1_376' title='bbox 1522 4617 1797 4695; x_wconf 66' lang='grc' dir='ltr'><strong>Ἀστυόχου</strong></span> <span class='ocrx_word' id='word_1_377' title='bbox 1826 4641 1916 4674; x_wconf 89' lang='grc' dir='ltr'><strong>και</strong></span> <span class='ocrx_word' id='word_1_378' title='bbox 1946 4620 2051 4676; x_wconf 86' lang='grc' dir='ltr'><strong>Πε-</strong></span> 
     </span>
     <span class='ocr_line' id='line_1_54' title="bbox 507 4703 2051 4788; baseline -0.005 -22"><span class='ocrx_word' id='word_1_379' title='bbox 507 4707 760 4788; x_wconf 77' lang='grc' dir='ltr'><strong>ρικλείδην</strong></span> <span class='ocrx_word' id='word_1_380' title='bbox 796 4707 884 4766; x_wconf 81' lang='grc' dir='ltr'><strong>τὸν</strong></span> <span class='ocrx_word' id='word_1_381' title='bbox 917 4707 1224 4786; x_wconf 77' lang='grc' dir='ltr'><strong>Περιθοίδην</strong></span> <span class='ocrx_word' id='word_1_382' title='bbox 1267 4705 1356 4764; x_wconf 78' lang='grc' dir='ltr'><strong>καὶ</strong></span> <span class='ocrx_word' id='word_1_383' title='bbox 1389 4705 1760 4781; x_wconf 80' lang='grc' dir='ltr'><strong>Πολεμαγένην</strong></span> <span class='ocrx_word' id='word_1_384' title='bbox 1785 4703 1875 4762; x_wconf 72' lang='grc' dir='ltr'><strong>καὶ</strong></span> <span class='ocrx_word' id='word_1_385' title='bbox 1909 4707 2051 4762; x_wconf 70' lang='lat' dir='ltr'><strong>nav·</strong></span> 
     </span>
     <span class='ocr_line' id='line_1_55' title="bbox 501 4789 2052 4871; baseline -0.003 -20"><span class='ocrx_word' id='word_1_386' title='bbox 501 4793 742 4851; x_wconf 86' lang='grc' dir='ltr'><strong>ταλὲοντα</strong></span> <span class='ocrx_word' id='word_1_387' title='bbox 783 4793 871 4852; x_wconf 80' lang='grc' dir='ltr'><strong>τὸν</strong></span> <span class='ocrx_word' id='word_1_388' title='bbox 903 4793 1206 4871; x_wconf 84' lang='grc' dir='ltr'><strong>Κλεαγόρου</strong></span> <span class='ocrx_word' id='word_1_389' title='bbox 1248 4793 1336 4851; x_wconf 81' lang='grc' dir='ltr'><strong>καὶ</strong></span> <span class='ocrx_word' id='word_1_390' title='bbox 1364 4791 1679 4868; x_wconf 87' lang='grc' dir='ltr'><strong>Τιμησίθεον</strong></span> <span class='ocrx_word' id='word_1_391' title='bbox 1711 4791 1798 4848; x_wconf 85' lang='grc' dir='ltr'><strong>τὸν</strong></span> <span class='ocrx_word' id='word_1_392' title='bbox 1827 4789 2052 4869; x_wconf 81' lang='grc' dir='ltr'><strong>δρομέα,</strong></span> 
     </span>
     <span class='ocr_line' id='line_1_56' title="bbox 503 4877 2052 4956; baseline -0.003 -18"><span class='ocrx_word' id='word_1_393' title='bbox 503 4881 807 4946; x_wconf 87' lang='grc' dir='ltr'><strong>καλλίστους</strong></span> <span class='ocrx_word' id='word_1_394' title='bbox 827 4883 886 4938; x_wconf 85' lang='grc' dir='ltr'><strong>οὗ</strong></span> <span class='ocrx_word' id='word_1_395' title='bbox 911 4879 1066 4956; x_wconf 86' lang='grc' dir='ltr'><strong>μόνον</strong></span> <span class='ocrx_word' id='word_1_396' title='bbox 1087 4883 1190 4937; x_wconf 88' lang='grc' dir='ltr'><strong>τῶν</strong></span> <span class='ocrx_word' id='word_1_397' title='bbox 1213 4882 1435 4937; x_wconf 86' lang='grc' dir='ltr'><strong>πολιτῶν</strong></span> <span class='ocrx_word' id='word_1_398' title='bbox 1460 4877 1596 4936; x_wconf 76' lang='grc' dir='ltr'><strong>ἀλλὰ</strong></span> <span class='ocrx_word' id='word_1_399' title='bbox 1621 4877 1710 4936; x_wconf 82' lang='grc' dir='ltr'><strong>καὶ</strong></span> <span class='ocrx_word' id='word_1_400' title='bbox 1733 4882 1834 4936; x_wconf 87' lang='grc' dir='ltr'><strong>τῶν</strong></span> <span class='ocrx_word' id='word_1_401' title='bbox 1859 4877 2052 4948; x_wconf 77' lang='grc' dir='ltr'><strong>Ἑλλή-</strong></span> 
     </span>
     <span class='ocr_line' id='line_1_57' title="bbox 501 4963 2052 5044; baseline -0.003 -20"><span class='ocrx_word' id='word_1_402' title='bbox 501 4989 602 5024; x_wconf 90' lang='grc' dir='ltr'><strong>νων</strong></span> <span class='ocrx_word' id='word_1_403' title='bbox 621 4965 990 5043; x_wconf 76' lang='grc' dir='ltr'><strong>γεγενημένους</strong></span> <span class='ocrx_word' id='word_1_404' title='bbox 1012 4964 1104 5024; x_wconf 81' lang='grc' dir='ltr'><strong>καὶ</strong></span> <span class='ocrx_word' id='word_1_405' title='bbox 1122 4965 1381 5026; x_wconf 83' lang='grc' dir='ltr'><strong>πλείστων</strong></span> <span class='ocrx_word' id='word_1_406' title='bbox 1401 4963 1492 5024; x_wconf 81' lang='grc' dir='ltr'><strong>καὶ</strong></span> <span class='ocrx_word' id='word_1_407' title='bbox 1510 4963 1839 5044; x_wconf 73' lang='grc' dir='ltr'><strong>σωφρονεστά</strong></span> <span class='ocrx_word' id='word_1_408' title='bbox 1853 4987 1945 5022; x_wconf 84' lang='grc' dir='ltr'><strong>ςων</strong></span> <span class='ocrx_word' id='word_1_409' title='bbox 1970 4987 2052 5022; x_wconf 90' lang='grc' dir='ltr'><strong>τυ-</strong></span> 
     </span>
     <span class='ocr_line' id='line_1_58' title="bbox 501 5049 2055 5132; baseline -0.001 -22"><span class='ocrx_word' id='word_1_410' title='bbox 501 5054 690 5132; x_wconf 80' lang='grc' dir='ltr'><strong>χόντας</strong></span> <span class='ocrx_word' id='word_1_411' title='bbox 715 5057 962 5132; x_wconf 81' lang='grc' dir='ltr'><strong>ἐραστῶν·</strong></span> <span class='ocrx_word' id='word_1_412' title='bbox 993 5055 1108 5111; x_wconf 79' lang='grc' dir='ltr'><strong>ἀλλ’</strong></span> <span class='ocrx_word' id='word_1_413' title='bbox 1136 5053 1277 5128; x_wconf 80' lang='grc' dir='ltr'><strong>ὅμως</strong></span> <span class='ocrx_word' id='word_1_414' title='bbox 1300 5053 1463 5119; x_wconf 82' lang='grc' dir='ltr'><strong>οὐδεὶς</strong></span> <span class='ocrx_word' id='word_1_415' title='bbox 1489 5051 1701 5110; x_wconf 84' lang='grc' dir='ltr'><strong>πώποτε</strong></span> <span class='ocrx_word' id='word_1_416' title='bbox 1731 5049 1915 5118; x_wconf 69' lang='grc' dir='ltr'><strong>αὐτοὺς</strong></span> <span class='ocrx_word' id='word_1_417' title='bbox 1943 5049 2055 5130; x_wconf 81' lang='grc' dir='ltr'><strong>ἕψε·</strong></span> 
     </span>
     <span class='ocr_line' id='line_1_59' title="bbox 503 5137 2053 5220; baseline -0.003 -22"><span class='ocrx_word' id='word_1_418' title='bbox 503 5141 574 5208; x_wconf 81' lang='grc' dir='ltr'><strong>ξε.</strong></span> <span class='ocrx_word' id='word_1_419' title='bbox 660 5139 773 5216; x_wconf 68' lang='grc' dir='ltr'><strong>(ιο-ι’)</strong></span> <span class='ocrx_word' id='word_1_420' title='bbox 813 5139 982 5199; x_wconf 77' lang='grc' dir='ltr'><strong>Πάλιν</strong></span> <span class='ocrx_word' id='word_1_421' title='bbox 1007 5141 1065 5198; x_wconf 82' lang='grc' dir='ltr'><strong>ἐκ</strong></span> <span class='ocrx_word' id='word_1_422' title='bbox 1087 5145 1188 5198; x_wconf 88' lang='grc' dir='ltr'><strong>τῶν</strong></span> <span class='ocrx_word' id='word_1_423' title='bbox 1228 5139 1508 5220; x_wconf 85' lang='grc' dir='ltr'><strong>μειρακίων</strong></span> <span class='ocrx_word' id='word_1_424' title='bbox 1539 5139 1627 5196; x_wconf 79' lang='grc' dir='ltr'><strong>καὶ</strong></span> <span class='ocrx_word' id='word_1_425' title='bbox 1666 5142 1766 5197; x_wconf 89' lang='grc' dir='ltr'><strong>τῶν</strong></span> <span class='ocrx_word' id='word_1_426' title='bbox 1793 5141 1844 5196; x_wconf 82' lang='grc' dir='ltr'><strong>ἐν</strong></span> <span class='ocrx_word' id='word_1_427' title='bbox 1873 5137 2053 5196; x_wconf 85' lang='grc' dir='ltr'><strong>παισὶν</strong></span> 
     </span>
     <span class='ocr_line' id='line_1_60' title="bbox 503 5226 2051 5312; baseline -0.002 -27"><span class='ocrx_word' id='word_1_428' title='bbox 503 5229 578 5286; x_wconf 83' lang='grc' dir='ltr'><strong>ἔτι</strong></span> <span class='ocrx_word' id='word_1_429' title='bbox 606 5227 694 5284; x_wconf 80' lang='grc' dir='ltr'><strong>καὶ</strong></span> <span class='ocrx_word' id='word_1_430' title='bbox 723 5233 808 5285; x_wconf 77' lang='grc' dir='ltr'><strong>νῦν</strong></span> <span class='ocrx_word' id='word_1_431' title='bbox 838 5226 994 5285; x_wconf 79' lang='grc' dir='ltr'><strong>ὄντοιν</strong></span> <span class='ocrx_word' id='word_1_432' title='bbox 1019 5231 1221 5304; x_wconf 87' lang='grc' dir='ltr'><strong>πρῶτον</strong></span> <span class='ocrx_word' id='word_1_433' title='bbox 1248 5227 1341 5303; x_wconf 76' lang='grc' dir='ltr'><strong>μὲν</strong></span> <span class='ocrx_word' id='word_1_434' title='bbox 1361 5226 1447 5286; x_wconf 79' lang='grc' dir='ltr'><strong>τὸν</strong></span> <span class='ocrx_word' id='word_1_435' title='bbox 1479 5229 1779 5312; x_wconf 68' lang='grc' dir='ltr'><strong>οἷδελιριδοῦν</strong></span> <span class='ocrx_word' id='word_1_436' title='bbox 1809 5228 1894 5284; x_wconf 82' lang='grc' dir='ltr'><strong>τὸν</strong></span> <span class='ocrx_word' id='word_1_437' title='bbox 1920 5226 2051 5306; x_wconf 59' lang='grc' dir='ltr'><strong>Ἶρι·</strong></span> 
     </span>
    </p>
   </div>
   <div class='ocr_carea' id='block_1_16' title="bbox 1501 465 2649 528">
    <p class='ocr_par' dir='ltr' id='par_1_19' title="bbox 1501 465 2649 528">
     <span class='ocr_line' id='line_1_61' title="bbox 1501 465 2649 528; baseline -0.002 -2"><span class='ocrx_word' id='word_1_438' title='bbox 1501 467 1864 526; x_wconf 80' lang='grc' dir='ltr'><strong>ΑΙΣΧΙΝΟΥ</strong></span> <span class='ocrx_word' id='word_1_439' title='bbox 1901 469 1951 526; x_wconf 89' lang='grc' dir='ltr'>Ο</span> <span class='ocrx_word' id='word_1_440' title='bbox 1993 465 2191 526; x_wconf 79' lang='grc' dir='ltr'><strong>ΚΑΤΑ</strong></span> <span class='ocrx_word' id='word_1_441' title='bbox 2237 465 2649 528; x_wconf 75' lang='grc' dir='ltr'><strong>ΤΙΜΛΡΧΟΥ.</strong></span> 
     </span>
    </p>
   </div>
   <div class='ocr_carea' id='block_1_17' title="bbox 2142 465 3697 784">
    <p class='ocr_par' dir='ltr' id='par_1_20' title="bbox 2142 465 3697 784">
     <span class='ocr_line' id='line_1_62' title="bbox 3420 465 3691 542; baseline 0.015 -20"><span class='ocrx_word' id='word_1_442' title='bbox 3420 465 3691 542; x_wconf 68' lang='lat' dir='ltr'><strong>(tu—15⁸)</strong></span> 
     </span>
     <span class='ocr_line' id='line_1_63' title="bbox 2142 600 3697 667; baseline 0.001 -15"><span class='ocrx_word' id='word_1_443' title='bbox 2142 605 2273 666; x_wconf 79' lang='lat' dir='ltr'><strong>(t52)</strong></span> <span class='ocrx_word' id='word_1_444' title='bbox 2296 607 2477 655; x_wconf 82' lang='lat' dir='ltr'><strong>Rursus</strong></span> <span class='ocrx_word' id='word_1_445' title='bbox 2498 604 2623 654; x_wconf 87' lang='lat' dir='ltr'><strong>idem</strong></span> <span class='ocrx_word' id='word_1_446' title='bbox 2642 605 2779 667; x_wconf 83' lang='lat' dir='ltr'><strong>poeta</strong></span> <span class='ocrx_word' id='word_1_447' title='bbox 2804 603 2851 652; x_wconf 90' lang='lat' dir='ltr'><strong>in</strong></span> <span class='ocrx_word' id='word_1_448' title='bbox 2877 602 3128 665; x_wconf 75' lang='lat' dir='ltr'><strong>Pha-nice,</strong></span> <span class='ocrx_word' id='word_1_449' title='bbox 3155 600 3217 651; x_wconf 89' lang='lat' dir='ltr'><strong>de</strong></span> <span class='ocrx_word' id='word_1_450' title='bbox 3238 602 3483 652; x_wconf 79' lang='lat' dir='ltr'><strong>calumnia</strong></span> <span class='ocrx_word' id='word_1_451' title='bbox 3500 617 3598 665; x_wconf 87' lang='lat' dir='ltr'><strong>qua</strong></span> <span class='ocrx_word' id='word_1_452' title='bbox 3620 605 3697 654; x_wconf 80' lang='lat' dir='ltr'><strong>de·</strong></span> 
     </span>
     <span class='ocr_line' id='line_1_64' title="bbox 2144 719 3697 784; baseline 0.001 -15"><span class='ocrx_word' id='word_1_453' title='bbox 2144 720 2271 770; x_wconf 76' lang='lat' dir='ltr'><strong>latus</strong></span> <span class='ocrx_word' id='word_1_454' title='bbox 2302 721 2501 770; x_wconf 79' lang='lat' dir='ltr'><strong>Phoenix</strong></span> <span class='ocrx_word' id='word_1_455' title='bbox 2525 722 2679 771; x_wconf 80' lang='lat' dir='ltr'><strong>suerat</strong></span> <span class='ocrx_word' id='word_1_456' title='bbox 2700 721 2827 784; x_wconf 73' lang='lat' dir='ltr'><strong>apud</strong></span> <span class='ocrx_word' id='word_1_457' title='bbox 2862 724 3073 784; x_wconf 80' lang='lat' dir='ltr'><strong>patrem,</strong></span> <span class='ocrx_word' id='word_1_458' title='bbox 3098 720 3408 783; x_wconf 78' lang='lat' dir='ltr'><strong>pronuntiat,</strong></span> <span class='ocrx_word' id='word_1_459' title='bbox 3440 719 3697 770; x_wconf 76' lang='lat' dir='ltr'><strong>defendens</strong></span> 
     </span>
    </p>
   </div>
   <div class='ocr_carea' id='block_1_18' title="bbox 2142 839 3699 901">
    <p class='ocr_par' dir='ltr' id='par_1_21' title="bbox 2142 839 3699 901">
     <span class='ocr_line' id='line_1_65' title="bbox 2142 839 3699 901; baseline 0.001 -14"><span class='ocrx_word' id='word_1_460' title='bbox 2142 851 2255 887; x_wconf 89' lang='lat' dir='ltr'><strong>eum</strong></span> <span class='ocrx_word' id='word_1_461' title='bbox 2270 841 2323 888; x_wconf 87' lang='lat' dir='ltr'><strong>et</strong></span> <span class='ocrx_word' id='word_1_462' title='bbox 2338 839 2553 888; x_wconf 75' lang='lat' dir='ltr'><strong>homines</strong></span> <span class='ocrx_word' id='word_1_463' title='bbox 2573 839 2927 889; x_wconf 74' lang='lat' dir='ltr'><strong>consuefaciens</strong></span> <span class='ocrx_word' id='word_1_464' title='bbox 2938 873 2957 901; x_wconf 83' lang='lat'><strong>,</strong></span> <span class='ocrx_word' id='word_1_465' title='bbox 2974 851 3035 888; x_wconf 87' lang='lat' dir='ltr'><strong>ne</strong></span> <span class='ocrx_word' id='word_1_466' title='bbox 3052 853 3113 888; x_wconf 78' lang='lat' dir='ltr'><strong>ex</strong></span> <span class='ocrx_word' id='word_1_467' title='bbox 3130 839 3485 901; x_wconf 74' lang='lat' dir='ltr'>suspicionibus</span> <span class='ocrx_word' id='word_1_468' title='bbox 3496 843 3581 888; x_wconf 90' lang='lat' dir='ltr'><strong>aut</strong></span> <span class='ocrx_word' id='word_1_469' title='bbox 3608 841 3699 888; x_wconf 82' lang='lat' dir='ltr'><strong>cri·</strong></span> 
     </span>
    </p>
   </div>
   <div class='ocr_carea' id='block_1_19' title="bbox 2144 951 3576 1014">
    <p class='ocr_par' dir='ltr' id='par_1_22' title="bbox 2144 951 3576 1014">
     <span class='ocr_line' id='line_1_66' title="bbox 2144 951 3576 1014; baseline 0 -14"><span class='ocrx_word' id='word_1_470' title='bbox 2144 951 2508 1010; x_wconf 86' lang='lat' dir='ltr'><strong>minationibus,</strong></span> <span class='ocrx_word' id='word_1_471' title='bbox 2532 951 2615 1002; x_wconf 87' lang='lat' dir='ltr'><strong>sed</strong></span> <span class='ocrx_word' id='word_1_472' title='bbox 2638 966 2699 1002; x_wconf 85' lang='lat' dir='ltr'><strong>ex</strong></span> <span class='ocrx_word' id='word_1_473' title='bbox 2717 955 2829 1001; x_wconf 82' lang='lat' dir='ltr'><strong>ante</strong></span> <span class='ocrx_word' id='word_1_474' title='bbox 2846 953 2953 1002; x_wconf 83' lang='lat' dir='ltr'><strong>acta</strong></span> <span class='ocrx_word' id='word_1_475' title='bbox 2980 952 3077 1002; x_wconf 83' lang='lat' dir='ltr'><strong>vita</strong></span> <span class='ocrx_word' id='word_1_476' title='bbox 3098 951 3331 1014; x_wconf 83' lang='lat' dir='ltr'><strong>judicium</strong></span> <span class='ocrx_word' id='word_1_477' title='bbox 3357 951 3537 1000; x_wconf 72' lang='lat' dir='ltr'><strong>faciam</strong></span> <span class='ocrx_word' id='word_1_478' title='bbox 3564 971 3576 1000; x_wconf 75' lang='grc' dir='ltr'><strong>ε</strong></span> 
     </span>
    </p>
   </div>
   <div class='ocr_carea' id='block_1_20' title="bbox 2248 1089 3278 1684">
    <p class='ocr_par' dir='ltr' id='par_1_23' title="bbox 2249 1089 3065 1146">
     <span class='ocr_line' id='line_1_67' title="bbox 2249 1089 3065 1146; baseline 0 -14"><span class='ocrx_word' id='word_1_479' title='bbox 2249 1093 2348 1132; x_wconf 74' lang='lat' dir='ltr'><strong>sam</strong></span> <span class='ocrx_word' id='word_1_480' title='bbox 2362 1102 2475 1146; x_wconf 63' lang='grc' dir='ltr'><strong>προ</strong></span> <span class='ocrx_word' id='word_1_481' title='bbox 2492 1090 2633 1134; x_wconf 72' lang='lat' dir='ltr'><strong>loctu-</strong></span> <span class='ocrx_word' id='word_1_482' title='bbox 2650 1089 2766 1134; x_wconf 73' lang='lat' dir='ltr'><strong>scrls</strong></span> <span class='ocrx_word' id='word_1_483' title='bbox 2784 1090 2872 1134; x_wconf 76' lang='lat' dir='ltr'><strong>titis</strong></span> <span class='ocrx_word' id='word_1_484' title='bbox 2884 1089 3065 1140; x_wconf 81' lang='lat' dir='ltr'><strong>arbiter.</strong></span> 
     </span>
    </p>

    <p class='ocr_par' dir='ltr' id='par_1_24' title="bbox 2248 1157 3278 1489">
     <span class='ocr_line' id='line_1_68' title="bbox 2248 1157 3266 1213; baseline 0 -13"><span class='ocrx_word' id='word_1_485' title='bbox 2248 1168 2389 1213; x_wconf 83' lang='lat' dir='ltr'><strong>quum</strong></span> <span class='ocrx_word' id='word_1_486' title='bbox 2412 1158 2551 1202; x_wconf 79' lang='lat' dir='ltr'><strong>multa</strong></span> <span class='ocrx_word' id='word_1_487' title='bbox 2568 1159 2907 1202; x_wconf 68' lang='lat' dir='ltr'>concurrissent</span> <span class='ocrx_word' id='word_1_488' title='bbox 2924 1157 3043 1201; x_wconf 87' lang='lat' dir='ltr'><strong>dicta</strong></span> <span class='ocrx_word' id='word_1_489' title='bbox 3064 1157 3266 1209; x_wconf 80' lang='lat' dir='ltr'><strong>testium,</strong></span> 
     </span>
     <span class='ocr_line' id='line_1_69' title="bbox 2248 1224 3205 1275; baseline 0 -7"><span class='ocrx_word' id='word_1_490' title='bbox 2248 1226 2381 1269; x_wconf 74' lang='lat' dir='ltr'><strong>statui</strong></span> <span class='ocrx_word' id='word_1_491' title='bbox 2399 1224 2623 1268; x_wconf 81' lang='lat' dir='ltr'><strong>diversum</strong></span> <span class='ocrx_word' id='word_1_492' title='bbox 2637 1256 2648 1275; x_wconf 90' lang='lat'>‚</span> <span class='ocrx_word' id='word_1_493' title='bbox 2670 1237 2801 1270; x_wconf 76' lang='lat' dir='ltr'><strong>causa</strong></span> <span class='ocrx_word' id='word_1_494' title='bbox 2816 1225 3037 1269; x_wconf 84' lang='lat' dir='ltr'><strong>adductus</strong></span> <span class='ocrx_word' id='word_1_495' title='bbox 3056 1225 3205 1268; x_wconf 75' lang='lat' dir='ltr'><strong>unica.</strong></span> 
     </span>
     <span class='ocr_line' id='line_1_70' title="bbox 2252 1294 3278 1351; baseline -0.003 -10"><span class='ocrx_word' id='word_1_496' title='bbox 2252 1299 2309 1340; x_wconf 80' lang='lat' dir='ltr'><strong>Et</strong></span> <span class='ocrx_word' id='word_1_497' title='bbox 2324 1305 2411 1351; x_wconf 78' lang='lat' dir='ltr'><strong>ego</strong></span> <span class='ocrx_word' id='word_1_498' title='bbox 2428 1295 2607 1350; x_wconf 86' lang='lat' dir='ltr'><strong>quidem</strong></span> <span class='ocrx_word' id='word_1_499' title='bbox 2634 1295 2697 1339; x_wconf 72' lang='lat' dir='ltr'><strong>dc</strong></span> <span class='ocrx_word' id='word_1_500' title='bbox 2718 1295 2853 1348; x_wconf 76' lang='lat' dir='ltr'><strong>(ratio</strong></span> <span class='ocrx_word' id='word_1_501' title='bbox 2870 1297 2922 1340; x_wconf 89' lang='lat' dir='ltr'><strong>ut</strong></span> <span class='ocrx_word' id='word_1_502' title='bbox 2940 1295 3033 1351; x_wconf 80' lang='lat' dir='ltr'><strong>ipsa</strong></span> <span class='ocrx_word' id='word_1_503' title='bbox 3050 1294 3278 1350; x_wconf 76' lang='lat' dir='ltr'><strong>postulat)</strong></span> 
     </span>
     <span class='ocr_line' id='line_1_71' title="bbox 2250 1362 3129 1418; baseline -0.002 -10"><span class='ocrx_word' id='word_1_504' title='bbox 2250 1364 2433 1418; x_wconf 83' lang='lat' dir='ltr'><strong>inquiro</strong></span> <span class='ocrx_word' id='word_1_505' title='bbox 2450 1375 2553 1408; x_wconf 85' lang='lat' dir='ltr'><strong>vera</strong></span> <span class='ocrx_word' id='word_1_506' title='bbox 2566 1393 2577 1410; x_wconf 91' lang='lat'><strong>.</strong></span> <span class='ocrx_word' id='word_1_507' title='bbox 2598 1373 2745 1408; x_wconf 73' lang='lat' dir='ltr'><strong>more·</strong></span> <span class='ocrx_word' id='word_1_508' title='bbox 2762 1363 2943 1408; x_wconf 76' lang='lat' dir='ltr'><strong>inmens</strong></span> <span class='ocrx_word' id='word_1_509' title='bbox 2956 1362 3041 1406; x_wconf 84' lang='lat' dir='ltr'><strong>viri</strong></span> <span class='ocrx_word' id='word_1_510' title='bbox 3052 1394 3066 1416; x_wconf 89' lang='lat'><strong>,</strong></span> <span class='ocrx_word' id='word_1_511' title='bbox 3082 1365 3129 1407; x_wconf 84' lang='lat' dir='ltr'><strong>et</strong></span> 
     </span>
     <span class='ocr_line' id='line_1_72' title="bbox 2250 1433 3054 1489; baseline 0 -11"><span class='ocrx_word' id='word_1_512' title='bbox 2250 1434 2518 1489; x_wconf 67' lang='lat' dir='ltr'><strong>quotidianae</strong></span> <span class='ocrx_word' id='word_1_513' title='bbox 2543 1433 2647 1478; x_wconf 77' lang='lat' dir='ltr'><strong>vitae</strong></span> <span class='ocrx_word' id='word_1_514' title='bbox 2667 1433 3054 1478; x_wconf 80' lang='lat' dir='ltr'><strong>consuetudinem.</strong></span> 
     </span>
    </p>

    <p class='ocr_par' dir='ltr' id='par_1_25' title="bbox 2253 1499 3277 1684">
     <span class='ocr_line' id='line_1_73' title="bbox 2253 1499 3277 1557; baseline 0 -12"><span class='ocrx_word' id='word_1_515' title='bbox 2253 1504 2450 1557; x_wconf 79' lang='lat' dir='ltr'><strong>Namque</strong></span> <span class='ocrx_word' id='word_1_516' title='bbox 2466 1501 2771 1556; x_wconf 85' lang='lat' dir='ltr'><strong>improborum</strong></span> <span class='ocrx_word' id='word_1_517' title='bbox 2792 1501 2865 1544; x_wconf 90' lang='lat' dir='ltr'><strong>cui</strong></span> <span class='ocrx_word' id='word_1_518' title='bbox 2885 1500 3027 1556; x_wconf 77' lang='lat' dir='ltr'><strong>placet</strong></span> <span class='ocrx_word' id='word_1_519' title='bbox 3046 1499 3277 1554; x_wconf 68' lang='lat' dir='ltr'><strong>nodutim,</strong></span> 
     </span>
     <span class='ocr_line' id='line_1_74' title="bbox 2254 1571 3171 1627; baseline -0.002 -12"><span class='ocrx_word' id='word_1_520' title='bbox 2254 1573 2291 1616; x_wconf 84' lang='lat' dir='ltr'><strong>is</strong></span> <span class='ocrx_word' id='word_1_521' title='bbox 2309 1573 2384 1627; x_wconf 82' lang='lat' dir='ltr'><strong>qui</strong></span> <span class='ocrx_word' id='word_1_522' title='bbox 2402 1572 2487 1615; x_wconf 85' lang='lat' dir='ltr'><strong>siet</strong></span> <span class='ocrx_word' id='word_1_523' title='bbox 2506 1571 2589 1620; x_wconf 81' lang='lat' dir='ltr'><strong>vir.</strong></span> <span class='ocrx_word' id='word_1_524' title='bbox 2610 1581 2703 1614; x_wconf 91' lang='lat' dir='ltr'><strong>non</strong></span> <span class='ocrx_word' id='word_1_525' title='bbox 2722 1581 2833 1626; x_wconf 71' lang='lat' dir='ltr'><strong>rogo</strong></span> <span class='ocrx_word' id='word_1_526' title='bbox 2852 1585 2865 1613; x_wconf 77' lang='grc' dir='ltr'><strong>ι</strong></span> <span class='ocrx_word' id='word_1_527' title='bbox 2884 1571 3028 1614; x_wconf 78' lang='lat' dir='ltr'><strong>sciens</strong></span> <span class='ocrx_word' id='word_1_528' title='bbox 3045 1571 3171 1622; x_wconf 75' lang='lat' dir='ltr'><strong>satis,</strong></span> 
     </span>
     <span class='ocr_line' id='line_1_75' title="bbox 2253 1639 3115 1684; baseline -0.002 0"><span class='ocrx_word' id='word_1_529' title='bbox 2253 1639 2471 1684; x_wconf 77' lang='lat' dir='ltr'><strong>sodalium</strong></span> <span class='ocrx_word' id='word_1_530' title='bbox 2490 1640 2619 1684; x_wconf 88' lang='lat' dir='ltr'><strong>illum</strong></span> <span class='ocrx_word' id='word_1_531' title='bbox 2640 1639 2885 1684; x_wconf 73' lang='lat' dir='ltr'><strong>convenire</strong></span> <span class='ocrx_word' id='word_1_532' title='bbox 2902 1639 3115 1683; x_wconf 83' lang='lat' dir='ltr'><strong>moribus.</strong></span> 
     </span>
    </p>
   </div>
   <div class='ocr_carea' id='block_1_21' title="bbox 2146 1759 3705 2209">
    <p class='ocr_par' dir='ltr' id='par_1_26' title="bbox 2146 1759 3705 2209">
     <span class='ocr_line' id='line_1_76' title="bbox 2149 1759 3703 1826; baseline -0.001 -15"><span class='ocrx_word' id='word_1_533' title='bbox 2149 1763 2187 1824; x_wconf 89' lang='lat' dir='ltr'><strong>(t</strong></span> <span class='ocrx_word' id='word_1_534' title='bbox 2201 1763 2276 1826; x_wconf 81' lang='lat'><strong>5³)</strong></span> <span class='ocrx_word' id='word_1_535' title='bbox 2300 1761 2609 1812; x_wconf 73' lang='lat' dir='ltr'><strong>Considerate</strong></span> <span class='ocrx_word' id='word_1_536' title='bbox 2626 1759 2883 1811; x_wconf 84' lang='lat' dir='ltr'><strong>sententias</strong></span> <span class='ocrx_word' id='word_1_537' title='bbox 2896 1795 2909 1820; x_wconf 94' lang='lat'><strong>,</strong></span> <span class='ocrx_word' id='word_1_538' title='bbox 2933 1759 3266 1821; x_wconf 65' lang='lat' dir='ltr'><strong>Athenienses,</strong></span> <span class='ocrx_word' id='word_1_539' title='bbox 3292 1773 3415 1822; x_wconf 83' lang='lat' dir='ltr'><strong>quas</strong></span> <span class='ocrx_word' id='word_1_540' title='bbox 3430 1764 3572 1824; x_wconf 78' lang='lat' dir='ltr'><strong>poeta</strong></span> <span class='ocrx_word' id='word_1_541' title='bbox 3592 1777 3703 1825; x_wconf 85' lang='lat' dir='ltr'><strong>pro·</strong></span> 
     </span>
     <span class='ocr_line' id='line_1_77' title="bbox 2148 1857 3705 1920; baseline 0 -12"><span class='ocrx_word' id='word_1_542' title='bbox 2148 1861 2255 1910; x_wconf 80' lang='lat' dir='ltr'><strong>sert.</strong></span> <span class='ocrx_word' id='word_1_543' title='bbox 2319 1860 2399 1910; x_wconf 80' lang='lat' dir='ltr'><strong>Ait</strong></span> <span class='ocrx_word' id='word_1_544' title='bbox 2416 1873 2466 1910; x_wconf 87' lang='lat' dir='ltr'><strong>se</strong></span> <span class='ocrx_word' id='word_1_545' title='bbox 2488 1858 2587 1920; x_wconf 77' lang='lat' dir='ltr'><strong>iam</strong></span> <span class='ocrx_word' id='word_1_546' title='bbox 2612 1859 2869 1907; x_wconf 81' lang='lat' dir='ltr'><strong>multarum</strong></span> <span class='ocrx_word' id='word_1_547' title='bbox 2888 1871 3051 1906; x_wconf 89' lang='lat' dir='ltr'><strong>rerum</strong></span> <span class='ocrx_word' id='word_1_548' title='bbox 3070 1858 3213 1906; x_wconf 79' lang='lat' dir='ltr'><strong>misse</strong></span> <span class='ocrx_word' id='word_1_549' title='bbox 3230 1857 3602 1920; x_wconf 74' lang='lat' dir='ltr'><strong>disceptatorem</strong></span> <span class='ocrx_word' id='word_1_550' title='bbox 3616 1897 3631 1918; x_wconf 92' lang='lat'><strong>‚</strong></span> <span class='ocrx_word' id='word_1_551' title='bbox 3652 1861 3705 1908; x_wconf 89' lang='lat' dir='ltr'><strong>ut</strong></span> 
     </span>
     <span class='ocr_line' id='line_1_78' title="bbox 2146 1951 3703 2016; baseline -0.001 -10"><span class='ocrx_word' id='word_1_552' title='bbox 2146 1959 2195 2006; x_wconf 87' lang='lat' dir='ltr'><strong>et</strong></span> <span class='ocrx_word' id='word_1_553' title='bbox 2213 1968 2299 2006; x_wconf 83' lang='lat' dir='ltr'><strong>vos</strong></span> <span class='ocrx_word' id='word_1_554' title='bbox 2314 1968 2445 2004; x_wconf 90' lang='lat' dir='ltr'><strong>nunc</strong></span> <span class='ocrx_word' id='word_1_555' title='bbox 2454 1953 2642 2016; x_wconf 69' lang='lat' dir='ltr'><strong>judices</strong></span> <span class='ocrx_word' id='word_1_556' title='bbox 2664 1972 2677 2002; x_wconf 71' lang='grc' dir='ltr'><strong>ι</strong></span> <span class='ocrx_word' id='word_1_557' title='bbox 2698 1965 2845 2016; x_wconf 84' lang='lat' dir='ltr'><strong>seque</strong></span> <span class='ocrx_word' id='word_1_558' title='bbox 2858 1954 3024 2001; x_wconf 84' lang='lat' dir='ltr'><strong>asserit</strong></span> <span class='ocrx_word' id='word_1_559' title='bbox 3037 1951 3219 2014; x_wconf 84' lang='lat' dir='ltr'><strong>judicia</strong></span> <span class='ocrx_word' id='word_1_560' title='bbox 3240 1966 3339 2002; x_wconf 90' lang='lat' dir='ltr'><strong>non</strong></span> <span class='ocrx_word' id='word_1_561' title='bbox 3358 1967 3387 2003; x_wconf 86' lang='lat' dir='ltr'><strong>e</strong></span> <span class='ocrx_word' id='word_1_562' title='bbox 3400 1954 3703 2016; x_wconf 75' lang='lat' dir='ltr'><strong>testimoniis,</strong></span> 
     </span>
     <span class='ocr_line' id='line_1_79' title="bbox 2146 2049 3703 2112; baseline -0.001 -12"><span class='ocrx_word' id='word_1_563' title='bbox 2146 2049 2231 2101; x_wconf 85' lang='lat' dir='ltr'><strong>sed</strong></span> <span class='ocrx_word' id='word_1_564' title='bbox 2254 2063 2284 2100; x_wconf 84' lang='lat' dir='ltr'><strong>c</strong></span> <span class='ocrx_word' id='word_1_565' title='bbox 2306 2049 2473 2100; x_wconf 78' lang='lat' dir='ltr'><strong>studiis</strong></span> <span class='ocrx_word' id='word_1_566' title='bbox 2499 2051 2551 2100; x_wconf 84' lang='lat' dir='ltr'><strong>et</strong></span> <span class='ocrx_word' id='word_1_567' title='bbox 2578 2049 2975 2099; x_wconf 71' lang='lat' dir='ltr'><strong>familiaritatibus</strong></span> <span class='ocrx_word' id='word_1_568' title='bbox 3002 2049 3166 2098; x_wconf 80' lang='lat' dir='ltr'><strong>secisse</strong></span> <span class='ocrx_word' id='word_1_569' title='bbox 3190 2067 3205 2098; x_wconf 71' lang='grc' dir='ltr'><strong>ι</strong></span> <span class='ocrx_word' id='word_1_570' title='bbox 3232 2049 3349 2097; x_wconf 90' lang='lat' dir='ltr'><strong>illuc</strong></span> <span class='ocrx_word' id='word_1_571' title='bbox 3370 2050 3703 2112; x_wconf 78' lang='lat' dir='ltr'><strong>respicientem</strong></span> 
     </span>
     <span class='ocr_line' id='line_1_80' title="bbox 2146 2142 3703 2209; baseline 0.001 -15"><span class='ocrx_word' id='word_1_572' title='bbox 2146 2159 2257 2209; x_wconf 78' lang='lat' dir='ltr'><strong>qum</strong></span> <span class='ocrx_word' id='word_1_573' title='bbox 2293 2146 2456 2196; x_wconf 75' lang='lat' dir='ltr'><strong>luisset</strong></span> <span class='ocrx_word' id='word_1_574' title='bbox 2478 2158 2561 2194; x_wconf 89' lang='lat' dir='ltr'><strong>reo</strong></span> <span class='ocrx_word' id='word_1_575' title='bbox 2584 2143 2877 2206; x_wconf 65' lang='lat' dir='ltr'><strong>quotidianos</strong></span> <span class='ocrx_word' id='word_1_576' title='bbox 2912 2143 3025 2192; x_wconf 70' lang='lat' dir='ltr'><strong>vitm</strong></span> <span class='ocrx_word' id='word_1_577' title='bbox 3056 2142 3380 2205; x_wconf 73' lang='lat' dir='ltr'><strong>consuetudo,</strong></span> <span class='ocrx_word' id='word_1_578' title='bbox 3402 2147 3453 2194; x_wconf 88' lang='lat' dir='ltr'><strong>et</strong></span> <span class='ocrx_word' id='word_1_579' title='bbox 3476 2147 3531 2194; x_wconf 87' lang='lat' dir='ltr'><strong>ut</strong></span> <span class='ocrx_word' id='word_1_580' title='bbox 3564 2160 3703 2195; x_wconf 75' lang='lat' dir='ltr'><strong>suam</strong></span> 
     </span>
    </p>
   </div>
   <div class='ocr_carea' id='block_1_22' title="bbox 2146 2241 3707 4174">
    <p class='ocr_par' dir='ltr' id='par_1_27' title="bbox 2146 2241 3707 4174">
     <span class='ocr_line' id='line_1_81' title="bbox 2150 2241 3703 2306; baseline 0.001 -14"><span class='ocrx_word' id='word_1_581' title='bbox 2150 2243 2375 2292; x_wconf 79' lang='lat' dir='ltr'><strong>familiam</strong></span> <span class='ocrx_word' id='word_1_582' title='bbox 2396 2242 2727 2305; x_wconf 73' lang='lat' dir='ltr'><strong>gubernasset,</strong></span> <span class='ocrx_word' id='word_1_583' title='bbox 2751 2241 2887 2306; x_wconf 84' lang='lat' dir='ltr'><strong>quasi</strong></span> <span class='ocrx_word' id='word_1_584' title='bbox 2920 2241 3089 2292; x_wconf 88' lang='lat' dir='ltr'><strong>eodem</strong></span> <span class='ocrx_word' id='word_1_585' title='bbox 3114 2241 3261 2292; x_wconf 86' lang='lat' dir='ltr'><strong>modo</strong></span> <span class='ocrx_word' id='word_1_586' title='bbox 3282 2245 3333 2292; x_wconf 87' lang='lat' dir='ltr'><strong>et</strong></span> <span class='ocrx_word' id='word_1_587' title='bbox 3354 2245 3703 2306; x_wconf 75' lang='lat' dir='ltr'><strong>rempublicam</strong></span> 
     </span>
     <span class='ocr_line' id='line_1_82' title="bbox 2146 2337 3704 2400; baseline 0.001 -12"><span class='ocrx_word' id='word_1_588' title='bbox 2146 2340 2269 2388; x_wconf 67' lang='lat' dir='ltr'><strong>esset</strong></span> <span class='ocrx_word' id='word_1_589' title='bbox 2285 2337 2723 2399; x_wconf 80' lang='lat' dir='ltr'><strong>administraturus3</strong></span> <span class='ocrx_word' id='word_1_590' title='bbox 2744 2339 2793 2386; x_wconf 89' lang='lat' dir='ltr'><strong>et</strong></span> <span class='ocrx_word' id='word_1_591' title='bbox 2806 2349 3013 2399; x_wconf 88' lang='lat' dir='ltr'><strong>quorum</strong></span> <span class='ocrx_word' id='word_1_592' title='bbox 3032 2337 3321 2386; x_wconf 79' lang='lat' dir='ltr'><strong>commercio</strong></span> <span class='ocrx_word' id='word_1_593' title='bbox 3341 2339 3531 2400; x_wconf 72' lang='lat' dir='ltr'><strong>gavisus</strong></span> <span class='ocrx_word' id='word_1_594' title='bbox 3564 2344 3704 2398; x_wconf 57' lang='lat' dir='ltr'><strong>essen</strong></span> 
     </span>
     <span class='ocr_line' id='line_1_83' title="bbox 2146 2425 3705 2491; baseline 0 -14"><span class='ocrx_word' id='word_1_595' title='bbox 2146 2429 2351 2491; x_wconf 87' lang='lat' dir='ltr'><strong>denique</strong></span> <span class='ocrx_word' id='word_1_596' title='bbox 2370 2429 2677 2491; x_wconf 75' lang='lat' dir='ltr'><strong>pronuntiare</strong></span> <span class='ocrx_word' id='word_1_597' title='bbox 2706 2440 2803 2476; x_wconf 91' lang='lat' dir='ltr'><strong>non</strong></span> <span class='ocrx_word' id='word_1_598' title='bbox 2834 2425 3054 2488; x_wconf 82' lang='lat' dir='ltr'><strong>dubitat,</strong></span> <span class='ocrx_word' id='word_1_599' title='bbox 3080 2427 3227 2476; x_wconf 87' lang='lat' dir='ltr'><strong>talem</strong></span> <span class='ocrx_word' id='word_1_600' title='bbox 3249 2441 3363 2478; x_wconf 88' lang='lat' dir='ltr'><strong>enm</strong></span> <span class='ocrx_word' id='word_1_601' title='bbox 3389 2441 3519 2489; x_wconf 82' lang='lat' dir='ltr'><strong>esse,</strong></span> <span class='ocrx_word' id='word_1_602' title='bbox 3538 2430 3705 2491; x_wconf 75' lang='lat' dir='ltr'><strong>quales</strong></span> 
     </span>
     <span class='ocr_line' id='line_1_84' title="bbox 2146 2518 3704 2582; baseline -0.001 -12"><span class='ocrx_word' id='word_1_603' title='bbox 2146 2521 2181 2570; x_wconf 95' lang='lat' dir='ltr'><strong>ii</strong></span> <span class='ocrx_word' id='word_1_604' title='bbox 2198 2521 2312 2579; x_wconf 86' lang='lat' dir='ltr'><strong>sint,</strong></span> <span class='ocrx_word' id='word_1_605' title='bbox 2330 2533 2539 2582; x_wconf 85' lang='lat' dir='ltr'><strong>quorum</strong></span> <span class='ocrx_word' id='word_1_606' title='bbox 2557 2518 2901 2569; x_wconf 84' lang='lat' dir='ltr'><strong>consuetudine</strong></span> <span class='ocrx_word' id='word_1_607' title='bbox 2918 2519 3197 2568; x_wconf 76' lang='lat' dir='ltr'><strong>delectetur.</strong></span> <span class='ocrx_word' id='word_1_608' title='bbox 3218 2522 3429 2581; x_wconf 77' lang='lat' dir='ltr'><strong>AEquum</strong></span> <span class='ocrx_word' id='word_1_609' title='bbox 3448 2519 3597 2582; x_wconf 79' lang='lat' dir='ltr'><strong>igitur</strong></span> <span class='ocrx_word' id='word_1_610' title='bbox 3616 2525 3704 2580; x_wconf 83' lang='lat' dir='ltr'><strong>est,</strong></span> 
     </span>
     <span class='ocr_line' id='line_1_85' title="bbox 2148 2611 3703 2675; baseline 0.001 -15"><span class='ocrx_word' id='word_1_611' title='bbox 2148 2626 2233 2662; x_wconf 80' lang='lat' dir='ltr'><strong>vos</strong></span> <span class='ocrx_word' id='word_1_612' title='bbox 2257 2612 2319 2663; x_wconf 90' lang='lat' dir='ltr'><strong>de</strong></span> <span class='ocrx_word' id='word_1_613' title='bbox 2340 2613 2595 2662; x_wconf 81' lang='lat' dir='ltr'><strong>Timarcho</strong></span> <span class='ocrx_word' id='word_1_614' title='bbox 2633 2612 2777 2662; x_wconf 86' lang='lat' dir='ltr'><strong>etiam</strong></span> <span class='ocrx_word' id='word_1_615' title='bbox 2804 2611 2972 2662; x_wconf 88' lang='lat' dir='ltr'><strong>iisdem</strong></span> <span class='ocrx_word' id='word_1_616' title='bbox 3006 2625 3119 2660; x_wconf 88' lang='lat' dir='ltr'><strong>cum</strong></span> <span class='ocrx_word' id='word_1_617' title='bbox 3142 2612 3371 2675; x_wconf 84' lang='lat' dir='ltr'><strong>Euripide</strong></span> <span class='ocrx_word' id='word_1_618' title='bbox 3400 2613 3473 2662; x_wconf 88' lang='lat' dir='ltr'><strong>uti</strong></span> <span class='ocrx_word' id='word_1_619' title='bbox 3502 2615 3703 2662; x_wconf 85' lang='lat' dir='ltr'><strong>rationi-</strong></span> 
     </span>
     <span class='ocr_line' id='line_1_86' title="bbox 2146 2712 3705 2775; baseline -0.001 -13"><span class='ocrx_word' id='word_1_620' title='bbox 2146 2712 2253 2762; x_wconf 85' lang='lat' dir='ltr'><strong>bus.</strong></span> <span class='ocrx_word' id='word_1_621' title='bbox 2322 2715 2447 2775; x_wconf 74' lang='grc'>(154)</span> <span class='ocrx_word' id='word_1_622' title='bbox 2465 2712 2719 2771; x_wconf 87' lang='lat' dir='ltr'><strong>Quomodo</strong></span> <span class='ocrx_word' id='word_1_623' title='bbox 2736 2724 2872 2761; x_wconf 89' lang='lat' dir='ltr'><strong>suam</strong></span> <span class='ocrx_word' id='word_1_624' title='bbox 2892 2723 2993 2761; x_wconf 87' lang='lat' dir='ltr'><strong>rem</strong></span> <span class='ocrx_word' id='word_1_625' title='bbox 3014 2712 3293 2760; x_wconf 74' lang='lat' dir='ltr'><strong>familiarem</strong></span> <span class='ocrx_word' id='word_1_626' title='bbox 3312 2713 3533 2760; x_wconf 80' lang='lat' dir='ltr'><strong>curavit?</strong></span> <span class='ocrx_word' id='word_1_627' title='bbox 3557 2714 3705 2762; x_wconf 84' lang='lat' dir='ltr'><strong>Patri-</strong></span> 
     </span>
     <span class='ocr_line' id='line_1_87' title="bbox 2148 2807 3703 2870; baseline -0.001 -12"><span class='ocrx_word' id='word_1_628' title='bbox 2148 2809 2363 2858; x_wconf 85' lang='lat' dir='ltr'><strong>monium</strong></span> <span class='ocrx_word' id='word_1_629' title='bbox 2380 2813 2429 2858; x_wconf 89' lang='lat' dir='ltr'><strong>et</strong></span> <span class='ocrx_word' id='word_1_630' title='bbox 2453 2822 2595 2858; x_wconf 87' lang='lat' dir='ltr'><strong>suum</strong></span> <span class='ocrx_word' id='word_1_631' title='bbox 2617 2812 2666 2859; x_wconf 87' lang='lat' dir='ltr'><strong>et</strong></span> <span class='ocrx_word' id='word_1_632' title='bbox 2686 2807 2951 2857; x_wconf 83' lang='lat' dir='ltr'><strong>amicorum</strong></span> <span class='ocrx_word' id='word_1_633' title='bbox 2969 2821 3053 2869; x_wconf 87' lang='lat' dir='ltr'><strong>per</strong></span> <span class='ocrx_word' id='word_1_634' title='bbox 3074 2808 3242 2857; x_wconf 79' lang='lat' dir='ltr'><strong>luxum</strong></span> <span class='ocrx_word' id='word_1_635' title='bbox 3270 2807 3561 2870; x_wconf 82' lang='lat' dir='ltr'><strong>absumpsit,</strong></span> <span class='ocrx_word' id='word_1_636' title='bbox 3590 2823 3703 2870; x_wconf 84' lang='lat' dir='ltr'><strong>pro·</strong></span> 
     </span>
     <span class='ocr_line' id='line_1_88' title="bbox 2146 2903 3704 2967; baseline -0.001 -12"><span class='ocrx_word' id='word_1_637' title='bbox 2146 2905 2314 2955; x_wconf 84' lang='lat' dir='ltr'><strong>stituta</strong></span> <span class='ocrx_word' id='word_1_638' title='bbox 2342 2903 2561 2954; x_wconf 80' lang='lat' dir='ltr'><strong>mercede</strong></span> <span class='ocrx_word' id='word_1_639' title='bbox 2583 2903 2811 2967; x_wconf 85' lang='lat' dir='ltr'><strong>pudicitia</strong></span> <span class='ocrx_word' id='word_1_640' title='bbox 2828 2939 2843 2966; x_wconf 92' lang='lat'><strong>,</strong></span> <span class='ocrx_word' id='word_1_641' title='bbox 2864 2903 3165 2966; x_wconf 74' lang='lat' dir='ltr'><strong>acceptisque</strong></span> <span class='ocrx_word' id='word_1_642' title='bbox 3184 2905 3247 2953; x_wconf 92' lang='lat' dir='ltr'><strong>ob</strong></span> <span class='ocrx_word' id='word_1_643' title='bbox 3266 2917 3368 2953; x_wconf 90' lang='lat' dir='ltr'><strong>rem</strong></span> <span class='ocrx_word' id='word_1_644' title='bbox 3388 2904 3704 2966; x_wconf 83' lang='lat' dir='ltr'><strong>judicandam</strong></span> 
     </span>
     <span class='ocr_line' id='line_1_89' title="bbox 2146 2997 3705 3060; baseline 0 -12"><span class='ocrx_word' id='word_1_645' title='bbox 2146 2998 2424 3048; x_wconf 88' lang='lat' dir='ltr'><strong>muneribus</strong></span> <span class='ocrx_word' id='word_1_646' title='bbox 2444 2998 2605 3047; x_wconf 88' lang='lat' dir='ltr'><strong>omnia</strong></span> <span class='ocrx_word' id='word_1_647' title='bbox 2621 2999 2813 3046; x_wconf 83' lang='lat' dir='ltr'><strong>strenue</strong></span> <span class='ocrx_word' id='word_1_648' title='bbox 2832 2997 3035 3045; x_wconf 78' lang='lat' dir='ltr'><strong>confecit</strong></span> <span class='ocrx_word' id='word_1_649' title='bbox 3050 3032 3067 3058; x_wconf 93' lang='lat'><strong>,</strong></span> <span class='ocrx_word' id='word_1_650' title='bbox 3092 2999 3148 3046; x_wconf 89' lang='lat' dir='ltr'><strong>nt</strong></span> <span class='ocrx_word' id='word_1_651' title='bbox 3168 2997 3287 3045; x_wconf 88' lang='lat' dir='ltr'><strong>nihil</strong></span> <span class='ocrx_word' id='word_1_652' title='bbox 3306 2997 3349 3046; x_wconf 84' lang='lat' dir='ltr'><strong>ei</strong></span> <span class='ocrx_word' id='word_1_653' title='bbox 3372 2997 3436 3046; x_wconf 86' lang='lat' dir='ltr'><strong>sit</strong></span> <span class='ocrx_word' id='word_1_654' title='bbox 3462 2998 3705 3060; x_wconf 84' lang='lat' dir='ltr'><strong>reliquum</strong></span> 
     </span>
     <span class='ocr_line' id='line_1_90' title="bbox 2146 3089 3707 3158; baseline -0.001 -14"><span class='ocrx_word' id='word_1_655' title='bbox 2146 3096 2319 3158; x_wconf 80' lang='lat' dir='ltr'><strong>praeler</strong></span> <span class='ocrx_word' id='word_1_656' title='bbox 2335 3091 2561 3144; x_wconf 82' lang='lat' dir='ltr'><strong>dedecus.</strong></span> <span class='ocrx_word' id='word_1_657' title='bbox 2588 3091 2736 3152; x_wconf 74' lang='lat' dir='ltr'><strong>cuius</strong></span> <span class='ocrx_word' id='word_1_658' title='bbox 2753 3092 2913 3140; x_wconf 83' lang='lat' dir='ltr'><strong>autem</strong></span> <span class='ocrx_word' id='word_1_659' title='bbox 2933 3089 3275 3140; x_wconf 85' lang='lat' dir='ltr'><strong>consuetudine</strong></span> <span class='ocrx_word' id='word_1_660' title='bbox 3292 3090 3559 3141; x_wconf 75' lang='lat' dir='ltr'><strong>delectatur</strong></span> <span class='ocrx_word' id='word_1_661' title='bbox 3574 3095 3597 3140; x_wconf 71' lang='grc' dir='ltr'><strong><em>Ρ</em></strong></span> <span class='ocrx_word' id='word_1_662' title='bbox 3618 3097 3707 3144; x_wconf 81' lang='lat' dir='ltr'><strong>Re-</strong></span> 
     </span>
     <span class='ocr_line' id='line_1_91' title="bbox 2146 3181 3705 3254; baseline 0.004 -19"><span class='ocrx_word' id='word_1_663' title='bbox 2146 3185 2381 3248; x_wconf 66' lang='lat' dir='ltr'><strong>gosandri,</strong></span> <span class='ocrx_word' id='word_1_664' title='bbox 2414 3181 2698 3247; x_wconf 74' lang='lat' dir='ltr'><strong>uegcsaudri</strong></span> <span class='ocrx_word' id='word_1_665' title='bbox 2724 3195 2863 3248; x_wconf 78' lang='lat' dir='ltr'><strong>porro</strong></span> <span class='ocrx_word' id='word_1_666' title='bbox 2893 3181 3051 3236; x_wconf 79' lang='lat' dir='ltr'><strong>studia</strong></span> <span class='ocrx_word' id='word_1_667' title='bbox 3077 3193 3185 3250; x_wconf 72' lang='lat' dir='ltr'><strong>qna:</strong></span> <span class='ocrx_word' id='word_1_668' title='bbox 3208 3184 3357 3237; x_wconf 75' lang='lat' dir='ltr'><strong>sunt?</strong></span> <span class='ocrx_word' id='word_1_669' title='bbox 3389 3185 3479 3250; x_wconf 70' lang='lat' dir='ltr'><strong>lis,</strong></span> <span class='ocrx_word' id='word_1_670' title='bbox 3504 3191 3705 3254; x_wconf 70' lang='lat' dir='ltr'><strong>propter</strong></span> 
     </span>
     <span class='ocr_line' id='line_1_92' title="bbox 2146 3279 3707 3344; baseline 0.004 -18"><span class='ocrx_word' id='word_1_671' title='bbox 2146 3293 2257 3342; x_wconf 82' lang='lat' dir='ltr'><strong>quae</strong></span> <span class='ocrx_word' id='word_1_672' title='bbox 2280 3280 2462 3342; x_wconf 79' lang='lat' dir='ltr'><strong>legibus</strong></span> <span class='ocrx_word' id='word_1_673' title='bbox 2478 3292 2505 3327; x_wconf 87' lang='lat' dir='ltr'><strong>a</strong></span> <span class='ocrx_word' id='word_1_674' title='bbox 2528 3279 2835 3330; x_wconf 84' lang='lat' dir='ltr'><strong>concionibus</strong></span> <span class='ocrx_word' id='word_1_675' title='bbox 2854 3279 3083 3330; x_wconf 80' lang='lat' dir='ltr'><strong>habendis</strong></span> <span class='ocrx_word' id='word_1_676' title='bbox 3104 3281 3365 3343; x_wconf 81' lang='lat' dir='ltr'><strong>repellitur.</strong></span> <span class='ocrx_word' id='word_1_677' title='bbox 3388 3285 3489 3344; x_wconf 80' lang='lat' dir='ltr'><strong>Ego</strong></span> <span class='ocrx_word' id='word_1_678' title='bbox 3505 3296 3631 3332; x_wconf 78' lang='lat' dir='ltr'><strong>vero</strong></span> <span class='ocrx_word' id='word_1_679' title='bbox 3646 3285 3707 3334; x_wconf 88' lang='lat' dir='ltr'><strong>de</strong></span> 
     </span>
     <span class='ocr_line' id='line_1_93' title="bbox 2148 3370 3707 3434; baseline 0.002 -15"><span class='ocrx_word' id='word_1_680' title='bbox 2148 3371 2401 3420; x_wconf 84' lang='lat' dir='ltr'><strong>Timarcho</strong></span> <span class='ocrx_word' id='word_1_681' title='bbox 2430 3370 2542 3433; x_wconf 86' lang='lat' dir='ltr'><strong>quid</strong></span> <span class='ocrx_word' id='word_1_682' title='bbox 2564 3370 2705 3419; x_wconf 83' lang='lat' dir='ltr'><strong>dico?</strong></span> <span class='ocrx_word' id='word_1_683' title='bbox 2728 3371 2777 3420; x_wconf 84' lang='lat' dir='ltr'><strong>et</strong></span> <span class='ocrx_word' id='word_1_684' title='bbox 2806 3383 3029 3432; x_wconf 71' lang='lat' dir='ltr'><strong>quamam</strong></span> <span class='ocrx_word' id='word_1_685' title='bbox 3060 3370 3119 3420; x_wconf 85' lang='lat' dir='ltr'><strong>ad</strong></span> <span class='ocrx_word' id='word_1_686' title='bbox 3144 3374 3398 3434; x_wconf 75' lang='lat' dir='ltr'><strong>pra-torem</strong></span> <span class='ocrx_word' id='word_1_687' title='bbox 3422 3374 3601 3422; x_wconf 81' lang='lat' dir='ltr'><strong>retuli?</strong></span> <span class='ocrx_word' id='word_1_688' title='bbox 3636 3379 3707 3425; x_wconf 73' lang='lat' dir='ltr'><strong>Ne</strong></span> 
     </span>
     <span class='ocr_line' id='line_1_94' title="bbox 2146 3463 3707 3529; baseline 0.001 -17"><span class='ocrx_word' id='word_1_689' title='bbox 2146 3463 2403 3513; x_wconf 85' lang='lat' dir='ltr'><strong>conciones</strong></span> <span class='ocrx_word' id='word_1_690' title='bbox 2436 3463 2609 3512; x_wconf 83' lang='lat' dir='ltr'><strong>babeat</strong></span> <span class='ocrx_word' id='word_1_691' title='bbox 2636 3464 2942 3524; x_wconf 78' lang='lat' dir='ltr'><strong>Timarchus,</strong></span> <span class='ocrx_word' id='word_1_692' title='bbox 2969 3463 3197 3526; x_wconf 86' lang='lat' dir='ltr'><strong>pudicitia</strong></span> <span class='ocrx_word' id='word_1_693' title='bbox 3228 3465 3513 3526; x_wconf 83' lang='lat' dir='ltr'><strong>prostituta,</strong></span> <span class='ocrx_word' id='word_1_694' title='bbox 3534 3469 3589 3516; x_wconf 82' lang='lat' dir='ltr'><strong>et</strong></span> <span class='ocrx_word' id='word_1_695' title='bbox 3620 3481 3707 3529; x_wconf 73' lang='lat' dir='ltr'><strong>pes</strong></span> 
     </span>
     <span class='ocr_line' id='line_1_95' title="bbox 2148 3555 3703 3618; baseline 0.003 -15"><span class='ocrx_word' id='word_1_696' title='bbox 2148 3555 2317 3604; x_wconf 78' lang='lat' dir='ltr'><strong>luxum</strong></span> <span class='ocrx_word' id='word_1_697' title='bbox 2336 3555 2592 3616; x_wconf 86' lang='lat' dir='ltr'><strong>absumpto</strong></span> <span class='ocrx_word' id='word_1_698' title='bbox 2614 3555 2917 3617; x_wconf 83' lang='lat' dir='ltr'><strong>patrimonio.</strong></span> <span class='ocrx_word' id='word_1_699' title='bbox 2948 3559 3045 3604; x_wconf 77' lang='lat' dir='ltr'><strong>vos</strong></span> <span class='ocrx_word' id='word_1_700' title='bbox 3064 3555 3180 3618; x_wconf 84' lang='lat' dir='ltr'><strong>quid</strong></span> <span class='ocrx_word' id='word_1_701' title='bbox 3194 3556 3419 3618; x_wconf 74' lang='lat' dir='ltr'><strong>jurastis?</strong></span> <span class='ocrx_word' id='word_1_702' title='bbox 3442 3561 3517 3606; x_wconf 88' lang='lat' dir='ltr'><strong>De</strong></span> <span class='ocrx_word' id='word_1_703' title='bbox 3538 3559 3601 3608; x_wconf 87' lang='lat' dir='ltr'><strong>iis</strong></span> <span class='ocrx_word' id='word_1_704' title='bbox 3626 3575 3703 3608; x_wconf 88' lang='lat' dir='ltr'><strong>re-</strong></span> 
     </span>
     <span class='ocr_line' id='line_1_96' title="bbox 2146 3648 3655 3713; baseline 0.003 -16"><span class='ocrx_word' id='word_1_705' title='bbox 2146 3648 2237 3698; x_wconf 87' lang='lat' dir='ltr'><strong>bus</strong></span> <span class='ocrx_word' id='word_1_706' title='bbox 2258 3648 2671 3711; x_wconf 79' lang='lat' dir='ltr'><strong>pronuntiaturos,</strong></span> <span class='ocrx_word' id='word_1_707' title='bbox 2692 3661 2803 3711; x_wconf 77' lang='lat' dir='ltr'><strong>quae</strong></span> <span class='ocrx_word' id='word_1_708' title='bbox 2832 3649 2881 3696; x_wconf 89' lang='lat' dir='ltr'><strong>in</strong></span> <span class='ocrx_word' id='word_1_709' title='bbox 2904 3650 3209 3698; x_wconf 87' lang='lat' dir='ltr'><strong>accusatione</strong></span> <span class='ocrx_word' id='word_1_710' title='bbox 3226 3650 3517 3713; x_wconf 75' lang='lat' dir='ltr'><strong>praescriptae</strong></span> <span class='ocrx_word' id='word_1_711' title='bbox 3536 3655 3655 3702; x_wconf 86' lang='lat' dir='ltr'><strong>sint.</strong></span> 
     </span>
     <span class='ocr_line' id='line_1_97' title="bbox 2212 3743 3697 3809; baseline 0.005 -20"><span class='ocrx_word' id='word_1_712' title='bbox 2212 3747 2316 3790; x_wconf 81' lang='lat'><strong>155.</strong></span> <span class='ocrx_word' id='word_1_713' title='bbox 2354 3745 2425 3791; x_wconf 85' lang='lat' dir='ltr'><strong>Ne</strong></span> <span class='ocrx_word' id='word_1_714' title='bbox 2443 3754 2558 3790; x_wconf 75' lang='lat' dir='ltr'><strong>vero</strong></span> <span class='ocrx_word' id='word_1_715' title='bbox 2590 3745 2838 3804; x_wconf 78' lang='lat' dir='ltr'><strong>poetarum</strong></span> <span class='ocrx_word' id='word_1_716' title='bbox 2856 3743 3145 3792; x_wconf 84' lang='lat' dir='ltr'><strong>auctoritate</strong></span> <span class='ocrx_word' id='word_1_717' title='bbox 3164 3743 3448 3793; x_wconf 86' lang='lat' dir='ltr'><strong>inculcanda</strong></span> <span class='ocrx_word' id='word_1_718' title='bbox 3468 3746 3563 3794; x_wconf 88' lang='lat' dir='ltr'><strong>sim</strong></span> <span class='ocrx_word' id='word_1_719' title='bbox 3588 3761 3697 3809; x_wconf 87' lang='lat' dir='ltr'><strong>pro·</strong></span> 
     </span>
     <span class='ocr_line' id='line_1_98' title="bbox 2146 3833 3705 3900; baseline 0.003 -18"><span class='ocrx_word' id='word_1_720' title='bbox 2146 3834 2303 3893; x_wconf 70' lang='lat' dir='ltr'><strong>lixior,</strong></span> <span class='ocrx_word' id='word_1_721' title='bbox 2324 3834 2534 3882; x_wconf 81' lang='lat' dir='ltr'><strong>virorum</strong></span> <span class='ocrx_word' id='word_1_722' title='bbox 2548 3833 2703 3882; x_wconf 86' lang='lat' dir='ltr'><strong>dicam</strong></span> <span class='ocrx_word' id='word_1_723' title='bbox 2720 3833 2961 3883; x_wconf 85' lang='lat' dir='ltr'><strong>seniorum</strong></span> <span class='ocrx_word' id='word_1_724' title='bbox 2978 3835 3301 3896; x_wconf 81' lang='lat' dir='ltr'><strong>uotorumque</strong></span> <span class='ocrx_word' id='word_1_725' title='bbox 3322 3836 3459 3885; x_wconf 74' lang='lat' dir='ltr'><strong>vobis</strong></span> <span class='ocrx_word' id='word_1_726' title='bbox 3474 3839 3675 3887; x_wconf 82' lang='lat' dir='ltr'><strong>nomina</strong></span> <span class='ocrx_word' id='word_1_727' title='bbox 3690 3877 3705 3900; x_wconf 93' lang='lat'><strong>,</strong></span> 
     </span>
     <span class='ocr_line' id='line_1_99' title="bbox 2146 3928 3707 3990; baseline 0.004 -14"><span class='ocrx_word' id='word_1_728' title='bbox 2146 3928 2500 3977; x_wconf 70' lang='lat' dir='ltr'><strong>adolescentum</strong></span> <span class='ocrx_word' id='word_1_729' title='bbox 2521 3928 2635 3976; x_wconf 87' lang='lat' dir='ltr'><strong>item</strong></span> <span class='ocrx_word' id='word_1_730' title='bbox 2654 3931 2701 3976; x_wconf 90' lang='lat' dir='ltr'><strong>ct</strong></span> <span class='ocrx_word' id='word_1_731' title='bbox 2726 3941 2981 3990; x_wconf 85' lang='lat' dir='ltr'><strong>puerorum</strong></span> <span class='ocrx_word' id='word_1_732' title='bbox 2996 3963 3009 3988; x_wconf 93' lang='lat'><strong>,</strong></span> <span class='ocrx_word' id='word_1_733' title='bbox 3029 3941 3235 3990; x_wconf 87' lang='lat' dir='ltr'><strong>quorum</strong></span> <span class='ocrx_word' id='word_1_734' title='bbox 3254 3928 3333 3976; x_wconf 88' lang='lat' dir='ltr'><strong>alii</strong></span> <span class='ocrx_word' id='word_1_735' title='bbox 3356 3930 3421 3978; x_wconf 93' lang='lat' dir='ltr'><strong>ob</strong></span> <span class='ocrx_word' id='word_1_736' title='bbox 3438 3931 3611 3982; x_wconf 75' lang='lat' dir='ltr'><strong>fortnae</strong></span> <span class='ocrx_word' id='word_1_737' title='bbox 3628 3947 3707 3982; x_wconf 76' lang='lat' dir='ltr'><strong>ve-</strong></span> 
     </span>
     <span class='ocr_line' id='line_1_100' title="bbox 2146 4017 3705 4082; baseline 0.003 -13"><span class='ocrx_word' id='word_1_738' title='bbox 2146 4023 2385 4069; x_wconf 87' lang='lat' dir='ltr'><strong>nustatem</strong></span> <span class='ocrx_word' id='word_1_739' title='bbox 2404 4019 2583 4068; x_wconf 72' lang='lat' dir='ltr'><strong>inultos</strong></span> <span class='ocrx_word' id='word_1_740' title='bbox 2602 4017 2870 4068; x_wconf 80' lang='lat' dir='ltr'><strong>habuerunt</strong></span> <span class='ocrx_word' id='word_1_741' title='bbox 2885 4023 3141 4080; x_wconf 81' lang='lat' dir='ltr'><strong>amatores,</strong></span> <span class='ocrx_word' id='word_1_742' title='bbox 3158 4020 3237 4068; x_wconf 87' lang='lat' dir='ltr'><strong>alii</strong></span> <span class='ocrx_word' id='word_1_743' title='bbox 3258 4033 3343 4082; x_wconf 86' lang='lat' dir='ltr'><strong>per</strong></span> <span class='ocrx_word' id='word_1_744' title='bbox 3354 4025 3543 4071; x_wconf 74' lang='lat' dir='ltr'><strong>aetatcm</strong></span> <span class='ocrx_word' id='word_1_745' title='bbox 3568 4038 3705 4074; x_wconf 88' lang='lat' dir='ltr'><strong>nunc</strong></span> 
     </span>
     <span class='ocr_line' id='line_1_101' title="bbox 2146 4111 3704 4174; baseline 0.001 -12"><span class='ocrx_word' id='word_1_746' title='bbox 2146 4113 2291 4162; x_wconf 87' lang='lat' dir='ltr'><strong>etiam</strong></span> <span class='ocrx_word' id='word_1_747' title='bbox 2314 4111 2490 4160; x_wconf 81' lang='lat' dir='ltr'><strong>habent</strong></span> <span class='ocrx_word' id='word_1_748' title='bbox 2514 4131 2525 4160; x_wconf 91' lang='lat'><strong>:</strong></span> <span class='ocrx_word' id='word_1_749' title='bbox 2547 4123 2752 4172; x_wconf 86' lang='lat' dir='ltr'><strong>quorum</strong></span> <span class='ocrx_word' id='word_1_750' title='bbox 2770 4111 2948 4159; x_wconf 88' lang='lat' dir='ltr'><strong>nemini</strong></span> <span class='ocrx_word' id='word_1_751' title='bbox 2968 4123 3180 4171; x_wconf 83' lang='lat' dir='ltr'><strong>unquam</strong></span> <span class='ocrx_word' id='word_1_752' title='bbox 3200 4111 3366 4160; x_wconf 85' lang='lat' dir='ltr'><strong>eadem</strong></span> <span class='ocrx_word' id='word_1_753' title='bbox 3384 4125 3495 4174; x_wconf 81' lang='lat' dir='ltr'><strong>quae</strong></span> <span class='ocrx_word' id='word_1_754' title='bbox 3516 4115 3704 4164; x_wconf 81' lang='lat' dir='ltr'><strong>Timar·</strong></span> 
     </span>
    </p>
   </div>
   <div class='ocr_carea' id='block_1_23' title="bbox 2146 4207 3707 4270">
    <p class='ocr_par' dir='ltr' id='par_1_28' title="bbox 2146 4207 3707 4270">
     <span class='ocr_line' id='line_1_102' title="bbox 2146 4207 3707 4270; baseline 0.002 -11"><span class='ocrx_word' id='word_1_755' title='bbox 2146 4211 2237 4260; x_wconf 89' lang='lat' dir='ltr'><strong>cho</strong></span> <span class='ocrx_word' id='word_1_756' title='bbox 2254 4209 2448 4259; x_wconf 86' lang='lat' dir='ltr'><strong>crimina</strong></span> <span class='ocrx_word' id='word_1_757' title='bbox 2466 4213 2577 4258; x_wconf 86' lang='lat' dir='ltr'><strong>sunt</strong></span> <span class='ocrx_word' id='word_1_758' title='bbox 2598 4208 2800 4270; x_wconf 82' lang='lat' dir='ltr'><strong>objecta.</strong></span> <span class='ocrx_word' id='word_1_759' title='bbox 2827 4208 2885 4254; x_wconf 78' lang='lat' dir='ltr'><strong>V·</strong></span> <span class='ocrx_word' id='word_1_760' title='bbox 2874 4208 3135 4270; x_wconf 75' lang='lat' dir='ltr'><strong>isissimque</strong></span> <span class='ocrx_word' id='word_1_761' title='bbox 3156 4221 3183 4254; x_wconf 80' lang='grc' dir='ltr'><strong>ι</strong></span> <span class='ocrx_word' id='word_1_762' title='bbox 3188 4207 3291 4258; x_wconf 87' lang='lat' dir='ltr'><strong>obis</strong></span> <span class='ocrx_word' id='word_1_763' title='bbox 3308 4213 3707 4262; x_wconf 84' lang='lat' dir='ltr'><strong>commemorabo</strong></span> 
     </span>
    </p>
   </div>
   <div class='ocr_carea' id='block_1_24' title="bbox 2146 4333 3707 4454">
    <p class='ocr_par' dir='ltr' id='par_1_29' title="bbox 2146 4333 3707 4454">
     <span class='ocr_line' id='line_1_103' title="bbox 2146 4333 3707 4454; baseline 0.001 -10"><span class='ocrx_word' id='word_1_764' title='bbox 2146 4400 2291 4445; x_wconf 86' lang='lat' dir='ltr'><strong>runt:</strong></span> <span class='ocrx_word' id='word_1_765' title='bbox 2320 4399 2375 4445; x_wconf 90' lang='lat' dir='ltr'><strong>ut</strong></span> <span class='ocrx_word' id='word_1_766' title='bbox 2402 4409 2486 4444; x_wconf 84' lang='lat' dir='ltr'><strong>vos</strong></span> <span class='ocrx_word' id='word_1_767' title='bbox 2508 4407 2675 4444; x_wconf 89' lang='lat' dir='ltr'><strong>eorum</strong></span> <span class='ocrx_word' id='word_1_768' title='bbox 2704 4333 2965 4454; x_wconf 81' lang='lat' dir='ltr'><strong>recordati,</strong></span> <span class='ocrx_word' id='word_1_769' title='bbox 2998 4393 3303 4442; x_wconf 83' lang='lat' dir='ltr'><strong>Timarchum</strong></span> <span class='ocrx_word' id='word_1_770' title='bbox 3334 4393 3383 4442; x_wconf 88' lang='lat' dir='ltr'><strong>in</strong></span> <span class='ocrx_word' id='word_1_771' title='bbox 3407 4409 3707 4446; x_wconf 68' lang='lat' dir='ltr'><strong>conv-emen</strong></span> 
     </span>
    </p>
   </div>
   <div class='ocr_carea' id='block_1_25' title="bbox 2144 4491 3705 4650">
    <p class='ocr_par' dir='ltr' id='par_1_30' title="bbox 2144 4491 3705 4650">
     <span class='ocr_line' id='line_1_104' title="bbox 2145 4491 3705 4554; baseline 0 -9"><span class='ocrx_word' id='word_1_772' title='bbox 2145 4501 2243 4545; x_wconf 89' lang='lat' dir='ltr'><strong>tem</strong></span> <span class='ocrx_word' id='word_1_773' title='bbox 2259 4496 2303 4544; x_wconf 87' lang='lat' dir='ltr'><strong>ei</strong></span> <span class='ocrx_word' id='word_1_774' title='bbox 2333 4493 2547 4543; x_wconf 84' lang='lat' dir='ltr'><strong>ordinem</strong></span> <span class='ocrx_word' id='word_1_775' title='bbox 2578 4493 2829 4554; x_wconf 76' lang='lat' dir='ltr'><strong>reponatis.</strong></span> <span class='ocrx_word' id='word_1_776' title='bbox 2894 4493 3023 4554; x_wconf 80' lang='lat'>(156)</span> <span class='ocrx_word' id='word_1_777' title='bbox 3058 4491 3271 4540; x_wconf 84' lang='lat' dir='ltr'><strong>Primum</strong></span> <span class='ocrx_word' id='word_1_778' title='bbox 3298 4495 3461 4542; x_wconf 83' lang='lat' dir='ltr'><strong>autem</strong></span> <span class='ocrx_word' id='word_1_779' title='bbox 3482 4508 3705 4546; x_wconf 76' lang='lat' dir='ltr'><strong>comine-</strong></span> 
     </span>
     <span class='ocr_line' id='line_1_105' title="bbox 2144 4585 3705 4650; baseline 0.001 -14"><span class='ocrx_word' id='word_1_780' title='bbox 2144 4589 2341 4636; x_wconf 89' lang='lat' dir='ltr'><strong>morabo</strong></span> <span class='ocrx_word' id='word_1_781' title='bbox 2354 4588 2667 4648; x_wconf 85' lang='lat' dir='ltr'><strong>ingenuorum</strong></span> <span class='ocrx_word' id='word_1_782' title='bbox 2684 4586 2894 4648; x_wconf 86' lang='lat' dir='ltr'><strong>nomina,</strong></span> <span class='ocrx_word' id='word_1_783' title='bbox 2910 4586 2993 4647; x_wconf 85' lang='lat' dir='ltr'><strong>qui</strong></span> <span class='ocrx_word' id='word_1_784' title='bbox 3004 4587 3195 4634; x_wconf 83' lang='lat' dir='ltr'><strong>aetatem</strong></span> <span class='ocrx_word' id='word_1_785' title='bbox 3208 4585 3407 4635; x_wconf 74' lang='lat' dir='ltr'><strong>honeste</strong></span> <span class='ocrx_word' id='word_1_786' title='bbox 3418 4595 3705 4650; x_wconf 77' lang='lat' dir='ltr'><strong>exegerunt.</strong></span> 
     </span>
    </p>
   </div>
   <div class='ocr_carea' id='block_1_26' title="bbox 2142 4683 3709 4932">
    <p class='ocr_par' dir='ltr' id='par_1_31' title="bbox 2142 4683 3709 4932">
     <span class='ocr_line' id='line_1_106' title="bbox 2145 4683 3709 4746; baseline 0.001 -10"><span class='ocrx_word' id='word_1_787' title='bbox 2145 4684 2323 4744; x_wconf 73' lang='lat' dir='ltr'><strong>Nostis,</strong></span> <span class='ocrx_word' id='word_1_788' title='bbox 2347 4683 2673 4745; x_wconf 77' lang='lat' dir='ltr'><strong>Athenienses,</strong></span> <span class='ocrx_word' id='word_1_789' title='bbox 2692 4683 2939 4733; x_wconf 83' lang='lat' dir='ltr'><strong>Critonem</strong></span> <span class='ocrx_word' id='word_1_790' title='bbox 2963 4683 3188 4746; x_wconf 76' lang='lat' dir='ltr'><strong>Astyochi</strong></span> <span class='ocrx_word' id='word_1_791' title='bbox 3202 4721 3217 4746; x_wconf 87' lang='lat'><strong>,</strong></span> <span class='ocrx_word' id='word_1_792' title='bbox 3238 4688 3287 4735; x_wconf 89' lang='lat' dir='ltr'><strong>et</strong></span> <span class='ocrx_word' id='word_1_793' title='bbox 3308 4685 3593 4736; x_wconf 81' lang='lat' dir='ltr'><strong>Periclidem</strong></span> <span class='ocrx_word' id='word_1_794' title='bbox 3622 4691 3709 4738; x_wconf 74' lang='lat' dir='ltr'><strong>Pe-</strong></span> 
     </span>
     <span class='ocr_line' id='line_1_107' title="bbox 2142 4776 3705 4840; baseline 0.001 -13"><span class='ocrx_word' id='word_1_795' title='bbox 2142 4776 2425 4837; x_wconf 84' lang='lat' dir='ltr'><strong>rithoedam,</strong></span> <span class='ocrx_word' id='word_1_796' title='bbox 2460 4778 2509 4826; x_wconf 83' lang='lat' dir='ltr'><strong>et</strong></span> <span class='ocrx_word' id='word_1_797' title='bbox 2552 4777 2943 4839; x_wconf 79' lang='lat' dir='ltr'><strong>Poiemagenem,</strong></span> <span class='ocrx_word' id='word_1_798' title='bbox 2980 4779 3030 4826; x_wconf 83' lang='lat' dir='ltr'><strong>et</strong></span> <span class='ocrx_word' id='word_1_799' title='bbox 3058 4777 3421 4828; x_wconf 73' lang='lat' dir='ltr'><strong>pantaleontem</strong></span> <span class='ocrx_word' id='word_1_800' title='bbox 3451 4780 3705 4840; x_wconf 75' lang='lat' dir='ltr'><strong>Cleagorae</strong></span> 
     </span>
     <span class='ocr_line' id='line_1_108' title="bbox 2142 4868 3701 4932; baseline 0.002 -12"><span class='ocrx_word' id='word_1_801' title='bbox 2142 4872 2217 4928; x_wconf 79' lang='lat' dir='ltr'><strong>F..</strong></span> <span class='ocrx_word' id='word_1_802' title='bbox 2239 4870 2289 4919; x_wconf 89' lang='lat' dir='ltr'><strong>et</strong></span> <span class='ocrx_word' id='word_1_803' title='bbox 2315 4868 2665 4920; x_wconf 75' lang='lat' dir='ltr'><strong>Timesitheum</strong></span> <span class='ocrx_word' id='word_1_804' title='bbox 2690 4883 2962 4931; x_wconf 76' lang='lat' dir='ltr'><strong>cursorem,</strong></span> <span class='ocrx_word' id='word_1_805' title='bbox 2984 4870 3068 4932; x_wconf 86' lang='lat' dir='ltr'><strong>qui</strong></span> <span class='ocrx_word' id='word_1_806' title='bbox 3094 4883 3187 4918; x_wconf 90' lang='lat' dir='ltr'><strong>non</strong></span> <span class='ocrx_word' id='word_1_807' title='bbox 3210 4869 3390 4918; x_wconf 83' lang='lat' dir='ltr'><strong>civium</strong></span> <span class='ocrx_word' id='word_1_808' title='bbox 3408 4871 3701 4924; x_wconf 78' lang='lat' dir='ltr'><strong>dumtaxat.</strong></span> 
     </span>
    </p>
   </div>
   <div class='ocr_carea' id='block_1_27' title="bbox 2140 4961 3705 5290">
    <p class='ocr_par' dir='ltr' id='par_1_32' title="bbox 2140 4961 3705 5290">
     <span class='ocr_line' id='line_1_109' title="bbox 2140 4961 3705 5027; baseline -0.006 -8"><span class='ocrx_word' id='word_1_809' title='bbox 2140 4969 2221 5019; x_wconf 86' lang='lat' dir='ltr'><strong>sed</strong></span> <span class='ocrx_word' id='word_1_810' title='bbox 2262 4970 2313 5018; x_wconf 87' lang='lat' dir='ltr'><strong>et</strong></span> <span class='ocrx_word' id='word_1_811' title='bbox 2350 4971 2631 5016; x_wconf 80' lang='lat' dir='ltr'><strong>Groecorum</strong></span> <span class='ocrx_word' id='word_1_812' title='bbox 2666 4963 2883 5012; x_wconf 89' lang='lat' dir='ltr'><strong>omnium</strong></span> <span class='ocrx_word' id='word_1_813' title='bbox 2918 4961 3243 5012; x_wconf 79' lang='lat' dir='ltr'><strong>formosissimi</strong></span> <span class='ocrx_word' id='word_1_814' title='bbox 3287 4961 3513 5023; x_wconf 81' lang='lat' dir='ltr'><strong>suerunt,</strong></span> <span class='ocrx_word' id='word_1_815' title='bbox 3552 4966 3705 5027; x_wconf 79' lang='lat' dir='ltr'><strong>atque</strong></span> 
     </span>
     <span class='ocr_line' id='line_1_110' title="bbox 2142 5047 3705 5116; baseline -0.004 -10"><span class='ocrx_word' id='word_1_816' title='bbox 2142 5058 2381 5106; x_wconf 81' lang='lat' dir='ltr'><strong>amatores</strong></span> <span class='ocrx_word' id='word_1_817' title='bbox 2409 5051 2640 5116; x_wconf 85' lang='lat' dir='ltr'><strong>plurimos</strong></span> <span class='ocrx_word' id='word_1_818' title='bbox 2674 5053 2723 5100; x_wconf 86' lang='lat' dir='ltr'><strong>et</strong></span> <span class='ocrx_word' id='word_1_819' title='bbox 2766 5049 3136 5099; x_wconf 85' lang='lat' dir='ltr'><strong>modestissimos</strong></span> <span class='ocrx_word' id='word_1_820' title='bbox 3168 5047 3443 5097; x_wconf 84' lang='lat' dir='ltr'><strong>habuerunt</strong></span> <span class='ocrx_word' id='word_1_821' title='bbox 3482 5068 3493 5098; x_wconf 92' lang='lat'><strong>:</strong></span> <span class='ocrx_word' id='word_1_822' title='bbox 3534 5053 3705 5100; x_wconf 81' lang='lat' dir='ltr'><strong>tamen</strong></span> 
     </span>
     <span class='ocr_line' id='line_1_111' title="bbox 2142 5136 3705 5204; baseline -0.003 -12"><span class='ocrx_word' id='word_1_823' title='bbox 2142 5157 2283 5192; x_wconf 86' lang='lat' dir='ltr'><strong>nemo</strong></span> <span class='ocrx_word' id='word_1_824' title='bbox 2308 5155 2519 5204; x_wconf 82' lang='lat' dir='ltr'><strong>unquam</strong></span> <span class='ocrx_word' id='word_1_825' title='bbox 2543 5153 2624 5189; x_wconf 81' lang='lat' dir='ltr'><strong>eos</strong></span> <span class='ocrx_word' id='word_1_826' title='bbox 2642 5137 2950 5199; x_wconf 74' lang='lat' dir='ltr'><strong>vituperavit.</strong></span> <span class='ocrx_word' id='word_1_827' title='bbox 2992 5136 3121 5196; x_wconf 80' lang='lat'>(157)</span> <span class='ocrx_word' id='word_1_828' title='bbox 3144 5138 3325 5184; x_wconf 85' lang='lat' dir='ltr'><strong>Rursus</strong></span> <span class='ocrx_word' id='word_1_829' title='bbox 3344 5149 3405 5185; x_wconf 79' lang='lat' dir='ltr'><strong>ex</strong></span> <span class='ocrx_word' id='word_1_830' title='bbox 3427 5136 3705 5187; x_wconf 70' lang='lat' dir='ltr'><strong>adolescen-</strong></span> 
     </span>
     <span class='ocr_line' id='line_1_112' title="bbox 2143 5225 3701 5290; baseline -0.004 -9"><span class='ocrx_word' id='word_1_831' title='bbox 2143 5232 2274 5281; x_wconf 89' lang='lat' dir='ltr'><strong>tibus</strong></span> <span class='ocrx_word' id='word_1_832' title='bbox 2300 5233 2347 5279; x_wconf 79' lang='lat' dir='ltr'><strong>et</strong></span> <span class='ocrx_word' id='word_1_833' title='bbox 2374 5229 2429 5278; x_wconf 83' lang='lat' dir='ltr'><strong>iis</strong></span> <span class='ocrx_word' id='word_1_834' title='bbox 2449 5228 2532 5290; x_wconf 87' lang='lat' dir='ltr'><strong>qui</strong></span> <span class='ocrx_word' id='word_1_835' title='bbox 2550 5227 2694 5276; x_wconf 87' lang='lat' dir='ltr'><strong>etiam</strong></span> <span class='ocrx_word' id='word_1_836' title='bbox 2713 5239 2843 5274; x_wconf 85' lang='lat' dir='ltr'><strong>nunc</strong></span> <span class='ocrx_word' id='word_1_837' title='bbox 2869 5225 2991 5273; x_wconf 88' lang='lat' dir='ltr'><strong>inter</strong></span> <span class='ocrx_word' id='word_1_838' title='bbox 3013 5237 3182 5286; x_wconf 80' lang='lat' dir='ltr'><strong>pueros</strong></span> <span class='ocrx_word' id='word_1_839' title='bbox 3200 5225 3469 5284; x_wconf 86' lang='lat' dir='ltr'><strong>censentur,</strong></span> <span class='ocrx_word' id='word_1_840' title='bbox 3487 5225 3701 5286; x_wconf 81' lang='lat' dir='ltr'><strong>primum</strong></span> 
     </span>
    </p>
   </div>
  </div>
 </body>
</html>
