3825 5834
110 451 188 526 (¹⁶⁵
206 448 380 526 -1w)

963 447 1338 508 AEscflile
1381 448 1504 509 OB.
1543 447 1846 510 CONTRA
1885 451 2377 515 TIMARCHUM.
3188 481 3263 530 59

107 575 623 656 πεπραγματευμέναις
687 548 1006 656 μεταφοραῖς
1073 575 1341 653 ὀνομάτων
1406 575 1624 655 αἰσχρὰς
1711 583 1802 634 bus
1818 586 2098 648 verborum,
2118 591 2283 652 turpes
2300 591 2589 654 suspiciones
2608 593 2835 658 iniecerit,
2856 598 3109 652 ridiculam
3124 603 3267 654 saciet

105 665 296 744 ὑποψίας
337 663 679 744 παρεμὸάλῃ,
718 663 1106 738 καταγέλαστον
1143 662 1237 732 τὴν
1281 661 1430 721 πόλιν
1466 667 1620 724 ποιεῖ.

109 753 204 828 (iss)
228 751 318 817 Ὡς
342 748 440 829 γὰρ
467 747 554 815 τὰς
577 749 710 826 ἐμὰς
739 749 950 815 εὐθύνας
987 749 1251 826 βλάπτων,
1289 749 1395 816 ἃς*
1377 749 1472 806 υπὲ
1479 773 1506 827 ρ
1533 774 1625 821 της

105 839 346 916 πρεσὸείας
371 837 548 913 μέλλω
584 835 782 895 διδόναι
800 881 818 910 ,
859 835 986 917 φησί
1015 859 1112 912 με,
1143 836 1218 892 ὅτ’
1254 835 1404 902 αὐτὸς
1445 837 1624 914 πρώην

105 927 208 1036 πρὸς
230 925 316 996 τὴν
348 925 541 1003 βουλὴν
570 924 701 1004 ὑπὲρ
725 949 818 983 του
862 924 1046 990 παιδὸς
1071 922 1402 1002 Ἀλεξάνδρου
1441 922 1626 1001 διεξῄει

104 1019 162 1080 ὡς
183 1019 228 1072 ἐν
254 1017 323 1092 τῷ
345 1011 490 1090 πότῳ
515 1017 670 1087 ἡμῶν
699 1011 948 1092 κιθαρίζοι
985 1035 1075 1070 και
1110 1011 1254 1089 λέγοι
1291 1012 1462 1092 ῥήσεις
1488 1011 1626 1079 τινὰς

53 1119 91 1157 to
105 1101 178 1158 καὶ
201 1098 538 1178 ἀντικρούσεις
563 1098 691 1178 πρὸς
732 1098 904 1177 ἕτερον
929 1099 1126 1170 παῖδα,
1155 1098 1246 1156 καὶ
1279 1099 1398 1208 περὶ
1431 1097 1628 1156 τούτων

109 1188 190 1243 ἃ
167 1187 220 1258 σή
243 1211 359 1245 ποτε
386 1185 542 1254 αὐτὸς
571 1185 822 1265 ἐτύγχανε
857 1185 1122 1262 γινώσκων
1149 1187 1276 1264 πρὸς
1305 1185 1400 1256 τὴν
1438 1186 1628 1266 βουλην

107 1275 398 1354 ἀπεφηνατο,
433 1276 534 1352 οὐχ
564 1277 634 1340 ὡς
663 1272 1122 1352 συμπρεσὸευτήν,
1164 1275 1282 1330 ἀλλ’
1310 1278 1379 1340 ὣς
1406 1278 1628 1351 συγγενῆ

107 1365 190 1428 τοῖς
207 1361 368 1427 εἷςτον
389 1363 560 1420 παῖδα
583 1360 897 1437 σκώμμασιν
927 1364 1309 1438 ἀγανακτῆσαι.
1346 1361 1462 1438 (too)
1486 1360 1630 1438 Ἐγὼ

107 1450 144 1504 δ’
169 1449 460 1529 Ἀλεξάνδρῳ
488 1449 589 1524 μὲν
634 1448 845 1514 εἰκότως
871 1447 956 1506 διὰ
983 1447 1080 1519 τὴν
1117 1447 1318 1518 ἡλικίαν
1345 1450 1402 1506 οὗ
1441 1448 1630 1506 διείλε-

106 1560 230 1612 γμαι,
251 1536 509 1595 Φίλιππον
536 1535 595 1593 δὲ
615 1557 706 1593 νυν
730 1535 822 1610 μὲν
847 1534 931 1592 διὰ
951 1533 1044 1604 τὴν
1059 1558 1162 1592 των
1184 1533 1352 1610 λόγων
1372 1533 1629 1615 εὐφημίαν

109 1626 301 1694 ἐπαινῶ,
321 1622 409 1681 ἐὰν
429 1624 476 1680 δ’
497 1626 529 1680 ὁ
555 1621 712 1688 αὗτος
733 1625 786 1680 tv
810 1629 916 1688 τοῖς
931 1621 1058 1700 πρὸς
1079 1621 1267 1697 ἡμᾶς
1237 1643 1402 1699 εργοις
1419 1620 1632 1697 γένηται

107 1715 189 1776 οἷος
208 1716 286 1767 νῦν
303 1713 440 1768 ἐστιν
461 1711 518 1768 ἐν
545 1713 654 1776 τοῖς
673 1709 1090 1786 ἐπαγγέλμασιν,
1116 1711 1326 1788 ἀσφαλῆ
1347 1708 1437 1768 καὶ
1462 1708 1630 1791 ῥᾴδιον

55 1815 90 1854 ιε
105 1798 174 1853 τὀν
192 1797 294 1855 καθ’
321 1801 476 1855 αὓτοῧ
502 1796 720 1868 ποιήσει
748 1795 978 1854 ἔπαινον.
1035 1795 1373 1872 Ἐπετίμησα
1397 1795 1452 1854 δὲ
1481 1801 1534 1856 ἐν
1557 1801 1634 1877 τῷ

110 1884 416 1964 βουλευτηρίῳ
454 1883 786 1960 Δημοσθένει
826 1886 882 1942 οὗ
923 1884 1010 1942 τὸν
1051 1885 1216 1942 παῖδα
1257 1883 1632 1960 ἐκθεραπεύων,

107 1971 199 2029 ἀλλ’
227 1971 306 2028 ἐὰν
338 1972 402 2029 τὰ
427 1994 656 2030 τοιαυτα
687 1969 1045 2049 ἀποδέχησθε,
1073 1970 1256 2046 ὁμοίαν
1292 1971 1510 2049 νομίζων
1538 1971 1633 2044 τὴν

107 2057 227 2115 πόλιν
252 2057 600 2166 φανησεσθαι
595 2061 660 2136 τῇ
685 2062 777 2114 τοῦ
801 2057 1094 2134 λέγοντος’
1064 2056 1313 2137 ακοσμία.

172 2164 254 2205 ιτο.
273 2143 446 2212 Ὅλως
464 2147 532 2219 δ,
555 2169 605 2203 ω
623 2144 1004 2216 Ἀθηναῖοι,τὰς
1023 2143 1204 2213 ἔξωθεν
1222 2149 1314 2202 τοῦ
1333 2143 1636 2222 πράγματος

107 2233 346 2310 ἀπολογίας
381 2231 454 2308 μὴ
505 2231 900 2312 προσδέχεσθε,
939 2255 1144 2311 πρωτον
1187 2230 1283 2308 μὲν
1319 2234 1424 2290 τῶν
1464 2231 1634 2309 ὅρκων

109 2318 246 2376 ἕνεκεν
279 2319 414 2386 οὖς’
385 2318 640 2395 ωμόσατε
663 2365 682 2396 ,
713 2317 946 2397 δεύτερον
978 2317 1034 2378 δὲ
1067 2317 1196 2395 ὑπὲρ
1221 2323 1314 2376 τοῦ
1353 2317 1426 2396 μὴ
1462 2339 1636 2397 παρα-

109 2409 374 2483 κρουσθῆναι
409 2406 515 2464 ὑπὸ
559 2403 840 2482 ἀνθρώπου
881 2403 1116 2483 τεχνίτου
1156 2404 1346 2482 λόγων.
1433 2403 1636 2482 Μικρὸν

53 2509 92 2545 ιο
111 2491 145 2548 δ’
169 2495 336 2549 ἄνωθεν
366 2491 456 2571 άρς
459 2515 593 2570 ομαι
631 2491 894 2550 διδάσκειν
933 2495 1086 2567 ὑμᾶς.
1169 2491 1504 2568 Δημοσθένης
1536 2491 1636 2570 γὰρ

111 2579 254 2650 ἐπειδὴ
275 2578 362 2650 τὴν
383 2575 640 2658 πατρῴαν
667 2577 844 2636 οὐσίαν
873 2578 1137 2652 ἀνάλωσε,
1165 2578 1374 2670 περιῄει
1399 2579 1518 2660 περὶ
1542 2581 1634 2650 τὴν

113 2667 236 2722 πόλιν
269 2665 486 2746 θηρεύων
530 2667 684 2730 νέους
724 2667 1000 2733 πλουσίους
1027 2667 1305 2745 ὀρφανούς,
1334 2671 1406 2724 ὧν
1451 2671 1498 2725 οἱ
1541 2666 1634 2743 μὲν

110 2754 288 2830 πατέρες
323 2755 788 2828 τετελευτήκεσαν,
837 2757 890 2811 αἱ
927 2755 982 2812 δὲ
1026 2753 1244 2833 μητέρες
1284 2753 1498 2832 διῴκουν
1542 2753 1637 2825 τὴν

111 2840 278 2899 eisin.
319 2841 552 2908 Πολλοὺς
577 2843 629 2898 δ’
655 2837 884 2919 ὑπερὸἆς
903 2841 1012 2907 ἑνὸς
1029 2845 1131 2899 τῶν
1150 2841 1291 2899 δεινὰ
1307 2841 1636 2900 πεπονθότων
1677 2835 1684 2884 ἶ

111 2927 189 2984 ὑπὸ
217 2929 384 2988 τούτου
411 2927 808 3005 μνησθήσομαι.
897 2929 1016 3005 (171)
1047 2928 1292 2988 Κατιδὼν
1327 2927 1430 3007 γὰρ
1471 2931 1636 2988 οἰκίαν

109 3015 320 3074 πλουσίαν
335 3018 423 3074 καὶ
441 3019 538 3076 οὐκ
555 3013 963 3090 εὖνομουμένην,
984 3007 1046 3087 ἧς
1067 3014 1279 3094 ἡγεμὼν
1303 3015 1399 3092 μὲν
1419 3009 1480 3088 ἦν
1507 3017 1636 3092 γυνὴ

55 3125 90 3160 ι·-
112 3101 222 3178 μέγα
243 3111 482 3184 φρονοῦσα
515 3103 612 3162 καὶ
637 3107 758 3160 νοῦν
785 3105 876 3160 οὐκ
913 3101 1140 3182 ἔχουσα,
1166 3103 1426 3172 νεανίσκος
1457 3103 1512 3162 δὲ
1548 3107 1636 3184 ὀρ·

111 3190 239 3265 φανὸς
284 3188 546 3266 ἡμιμανὴς
593 3187 871 3270 διεχείριζε
919 3191 1013 3261 τὴν
1056 3191 1260 3264 οὗσίαν,
1305 3189 1546 3271 Ἀρίσταρ

111 3277 224 3333 δτοῧ
259 3279 498 3358 Μόσχου,
523 3277 722 3336 τούτου
747 3277 1231 3357 προσποιησάμενος
1259 3275 1477 3356 ἐραστὴς
1506 3214 1638 3336 ε’ἰζίί(ἶ

111 3361 183 3418 καὶ
201 3385 256 3420 το
278 3365 538 3444 μειράκιον
561 3366 638 3429 εἰς
657 3363 754 3436 τὴν
735 3365 1161 3476 φιλανθρωπίαν
1188 3363 1381 3434 ταύτην
1406 3387 1635 3444 προσκα-

114 3447 372 3550 λεσάμενος,
389 3451 616 3510 ἐλπίδων
635 3453 800 3509 κενῶν
823 3451 1139 3528 ἐμπλήσαςε
1111 3475 1180 3517 ως
1198 3451 1384 3509 αὐτίκα
1405 3451 1468 3522 δὴ
1493 3453 1637 3526 μάλα

112 3536 193 3591 τῶν
239 3538 456 3644 ῥητόρων
509 3535 914 3619 πρωτεύσοντα,
935 3539 1254 3648 ..κατάλογον
1313 3539 1635 3620 ἀποφαίνων,

115 3623 206 3696 (172]
242 3626 473 3684 τοιούτοιν
510 3629 740 3704 εἰσηγητ
763 3651 801 3698 ,ς
831 3629 974 3705 αὐτῷ
1003 3627 1093 3685 καὶ
1133 3625 1444 3693 διδάσκαλος
1473 3625 1636 3705 ἔργων

115 3708 180 3782 ἓγε
182 3733 306 3784 νετο,
333 3713 380 3781 ἐξ
407 3739 478 3770 ων
519 3715 719 3780 ἐκεῖνος
747 3712 840 3788 μὲν
869 3713 1044 3796 φεύγει
1071 3712 1165 3784 την
1194 3713 1456 3792 πατρίδα,
1489 3707 1634 3782 οὗτος

51 3803 90 3841 au
115 3787 148 3841 δ’
172 3790 305 3848 αὐτοῦ
325 3793 390 3849 τὰ
410 3797 501 3862 τῆς
525 3795 746 3873 φυγῆςε
722 3791 900 3872 ἐφόδια
928 3791 1206 3872 προλαὸὼν
1250 3793 1369 3872 τρία
1398 3793 1628 3851 τάλαντα

115 3873 416 3954 ἀπεστέρηκε,
445 3879 754 3952 Νικόδημος
777 3880 822 3935 δ’
841 3883 868 3936 ὁ
887 3878 1210 3959 Ἀφιδναῖος*
1192 3881 1281 3936 υπ’
1301 3878 1636 3958 Αριστάρχου

116 3963 401 4036 τετελεύτηκε
445 3967 608 4045 βιαίω
645 3965 892 4046 θανάτω,
934 3966 1170 4030 ἐκκοπεὶς
1207 3968 1234 4022 ὁ
1272 3966 1492 4031 δείλαιος
1529 3969 1637 4042 ἀμ-

117 4068 210 4121 φοτε
199 4049 316 4124 ’ρους
351 4051 464 4120 τοὺς
504 4051 812 4133 ὄφθαλμους
849 4075 940 4110 και
979 4051 1076 4123 τὴν
1119 4054 1356 4127 γλῶτταν
1395 4023 1635 4128 ἀποτμη-

117 4127 246 4204 θίῑςῆ
284 4139 692 4248 ἐπαρρησιάζετο
729 4141 988 4198 πιστεύων
1013 4147 1118 4207 τοῖς
1147 4139 1320 4214 νόμοις
1363 4163 1450 4198 και
1493 4144 1634 4216 ὑμῖν.

121 4223 174 4287 (17
159 4221 209 4290 ³]
219 4218 442 4283 'Er-’siff‘
424 4237 591 4303 υμεῖς,
614 4253 661 4286 ω
677 4227 954 4299 Ἀθηναῖοι,
971 4227 1258 4322 Σωκράτην
1279 4227 1343 4303 μὲ
1349 4227 1480 4286 ντὸν
1502 4249 1640 4306 σοφι-

61 4325 100 4362 aa
119 4306 217 4378 σ’ἦν
233 4311 572 4386 ἀπεκτείνατε,
590 4315 676 4373 ὅτι
697 4315 916 4394 Κριτίαν
940 4313 1100 4394 ἐφάνη
1125 4297 1484 4380 πεπαιδευκώς
1501 4359 1516 4388 ,
1547 4313 1636 4372 ἕνα

119 4395 198 4449 τῶν
229 4399 486 4476 τριάκοντα
524 4407 634 4460 τῶν
675 4425 762 4459 τον
793 4405 960 4478 δῆμον
992 4401 1417 4472 καταλυσάντων,
1452 4405 1634 4483 Δημο-

122 4481 312 4555 ‘fflwc
284 4487 324 4544 0⁹
345 4491 462 4565 ὑμῖν
483 4491 722 4570 ἑταίρους
745 4495 794 4548 ε’
773 4488 1073 4560 ζαιτησεται
1096 4493 1123 4547 ὁ
1146 4488 1458 4561 τηλικαύτας
1481 4501 1638 4564 τιμωὲ

124 4568 210 4636 βίας
234 4573 500 4649 λαμὸάνων
500 4578 684 4683 “aruph
714 4582 818 4635 τῶν
845 4580 1062 4636 ἰδιωτῶν
1089 4601 1180 4635 και
1209 4580 1502 4652 δημοτικῶν
1543 4580 1638 4633 ἀν-

123 4655 298 4730 θρῶπων
319 4663 408 4722 ὗπὲ
385 4688 441 4744 ep
467 4670 563 4736 τῆς
592 4665 898 4746 ἰσηγορίας·
884 4712 900 4740 ,
939 4655 984 4746 ᾧ
1023 4665 1404 4744 παρακεκλημέ
1407 4687 1482 4723 νοι
1508 4663 1639 4730 τινὲς

123 4745 202 4798 ’ὧν
225 4753 448 4820 μαθητῶν
482 4751 706 4823 ἥκουσιν
735 4754 822 4811 ἐπὶ
849 4751 999 4824 τὴν’
971 4753 1249 4830 ακρόασιν·
1273 4775 1494 4810 κατεπα
1490 4751 1637 4828 Ι’γέλ-

123 4826 239 4885 λῑῗᾰῑ
273 4857 416 4916 γαρ
399 4861 526 4919 προς
555 4839 750 4906 αὐτους
778 4839 1129 4920 ἕργολαὸιιν’
1107 4842 1184 4920 εφ’
1225 4843 1358 4914 ὑμᾶς
1337 4881 1390 4910 ,
1428 4841 1496 4904 ὡς
1537 4838 1638 4916 ἐγω

123 4918 426 5024 ξυνθάνομαι,
467 4925 650 4996 λησειν
695 4927 1020 5002 μεταλλάξας
1068 4951 1153 4985 τον
1197 4930 1372 5002 ἀγῶνα
1413 4926 1502 4984 καὶ
1544 4950 1639 4996 την

121 5023 218 5074 “P-²
201 5004 326 5083 ’ἐρᾶν
350 5011 628 5090 ἀκρόασιν,
658 5014 774 5092 (17⁴)
801 5014 892 5072 καὶ
915 5037 1266 5093 παραστησειν
1291 5039 1365 5071 τω
1395 5013 1459 5071 μὲ
1463 5038 1490 5071 ν
1519 5037 1579 5094 :ps
1557 5013 1635 5071 26-

71 5099 454 5194 ωγοντιθαρρεῒν,
478 5100 604 5158 ὅταν
634 5102 790 5168 αὐτὸς
819 5103 969 5180 δευρο
991 5103 1246 5181 παρεΛθ,
1271 5104 1638 5180 ἐκπεπλῆχθαι

131 5175 171 5230 ὑὲ
191 5183 520 5268 ’ὧκατηγόρω
540 5189 636 5246 καὶ
658 5187 984 5269 πεφοὸἦσθαι
1005 5213 1122 5270 περι
1143 5194 1338 5262 αὑτου,
1363 5189 1636 5256 τοσούτους

1713 689 1968 739 civitatem.
2034 694 2163 756 (163)
2205 695 2351 751 Quasi
2394 697 2521 746 enim
2558 700 2762 749 rationoe
2800 702 2945 752 obitae
2987 705 3233 768 legationis
3248 747 3263 772 ,

1713 799 1834 848 quas
1856 790 2131 842 redditurus
2152 806 2261 842 sum
2276 831 2291 856 ,
2314 795 2513 846 laesurus
2542 799 2609 847 ait
2632 818 2643 848 :
2668 814 2821 862 quum
2846 803 2943 864 ipse
2962 818 3115 868 nuper
3136 810 3264 871 apud

1713 891 1930 939 senatum
1948 891 2009 942 de
2026 907 2175 956 puero
2194 897 2461 948 Alexandro
2478 899 2701 964 dixisset,
2720 917 2829 952 eum
2850 905 2899 953 in
2916 911 3265 970 compotatione

1713 991 1876 1039 nostra
1905 993 2138 1046 citharam
2175 999 2409 1062 pulsasse,
2444 1005 2492 1051 et
2519 1001 2647 1052 dicta
2676 1006 2901 1068 quaedam
2938 1011 3185 1072 recitasse,
3218 1014 3267 1062 et
3355 984 3364 993 ’

1715 1107 1830 1144 cum
1847 1096 1941 1146 alio
1958 1111 2109 1161 puero
2129 1113 2231 1151 esse
2250 1104 2531 1154 aemulatum
2558 1123 2570 1154 =
2594 1119 2843 1170 quumque
2864 1109 2925 1158 de
2944 1111 3017 1160 liis
3028 1112 3145 1174 quid
3156 1127 3266 1164 sen-

1715 1191 1828 1238 tiret
1844 1227 1859 1251 ,
1877 1193 2005 1254 apud
2027 1199 2247 1246 senatum
2270 1200 2565 1260 exposuisset
2581 1217 2609 1262 ,·
2622 1201 2827 1254 doluisse
2856 1217 2960 1266 me,
2986 1219 3081 1254 non
3110 1211 3167 1256 ut
3196 1209 3266 1258 le-

1715 1283 1919 1344 gationis
1938 1287 2195 1351 collegam,
2216 1291 2301 1340 sed
2322 1299 2378 1342 ut
2400 1295 2535 1355 pueri
2560 1299 2817 1357 cognatum
2835 1334 2850 1359 ,
2870 1298 2933 1346 ob
2954 1299 3035 1348 illa
3052 1300 3265 1350 dicteria.

1722 1383 1850 1442 ‘lem
1878 1386 1975 1446 Ego
1992 1398 2107 1436 vem
2126 1401 2239 1438 cum
2257 1390 2527 1442 Alexandro
2544 1406 2641 1443 non
2666 1395 2933 1446 collocutus
2952 1411 3061 1447 sum
3077 1399 3141 1448 ob
3158 1401 3271 1448 ωιλ-

1719 1477 1814 1524 tem
1841 1476 1971 1526 illius
1981 1514 1995 1538 ,
2015 1479 2285 1544 Philippum
2304 1487 2469 1534 autem
2484 1499 2615 1536 nuuc
2630 1488 2695 1537 ob
2710 1491 2937 1540 orationis
2952 1492 3269 1542 commodita-

1719 1577 1817 1624 tem
1839 1577 1985 1627 laudo
2015 1597 2028 1628 ι
2055 1582 2197 1642 quisi
2222 1597 2273 1632 re
2298 1585 2399 1648 ipsa
2421 1585 2491 1635 sic
2514 1600 2625 1649 erga
2653 1601 2739 1638 vos
2760 1603 2811 1638 se
2833 1593 3027 1652 gesserit
3054 1595 3109 1641 ut
3142 1607 3273 1642 nunc

1721 1673 1921 1738 benigne
1951 1679 2219 1742 pollicetur,
2252 1684 2411 1733 tutam
2440 1686 2491 1733 et
2522 1685 2710 1736 facilem
2740 1687 2911 1739 elliciet
2942 1690 3165 1740 laudandi
3198 1693 3273 1742 sui

1721 1777 1974 1828 rationem.
2040 1781 2298 1844 obiurgavi
2334 1788 2499 1835 autem
2526 1790 2893 1840 Demosthenem
2915 1794 2967 1842 in
2992 1794 3152 1855 curia,
3176 1807 3273 1844 non

1721 1871 1856 1932 pueri
1873 1871 2147 1925 demerendi
2166 1891 2329 1940 rausa,
2346 1880 2430 1930 sed
2442 1919 2455 1942 ,
2473 1883 2603 1944 quod
2620 1885 2949 1936 existimabam
2962 1923 2978 1947 ,
3002 1901 3088 1938 vos
3102 1889 3143 1938 si
3162 1889 3275 1938 talia

1723 1965 1987 2027 probaretis
2004 2005 2019 2030 ‚
2043 1970 2247 2022 similem
2269 1972 2369 2022 sore
2390 1973 2453 2024 de
2474 1976 2668 2027 civitate
2702 1981 2849 2041 atque
2870 1979 2933 2030 de
2960 1981 3161 2032 dicentis
3182 1984 3273 2033 im-

1723 2059 1957 2110 modestia
1982 2063 2271 2124 opinionem.

1791 2161 1894 2206 170.
1934 2161 1985 2206 ln
2014 2160 2291 2209 universum
2314 2161 2549 2226 denique,
2582 2165 2915 2230 Athenienses,
2951 2185 2981 2218 ιι
3016 2184 3067 2220 re
3098 2172 3275 2222 alienas

1721 2251 2019 2302 defensiones
2054 2255 2351 2316 repudiatote
2366 2295 2379 2316 ,
2420 2260 2627 2320 primum
2670 2261 2733 2312 ob
2766 2263 3100 2327 iusiurandum
3144 2269 3275 2330 quod

1723 2349 1937 2412 dedistis,
1956 2351 2127 2402 deinde
2144 2367 2204 2402 ne
2218 2354 2443 2412 fallamini
2457 2358 2519 2407 eb
2534 2359 2725 2411 bomine
2743 2363 2938 2414 artifice.
3002 2366 3095 2416 Sed
3112 2369 3277 2429 paullo

1723 2449 1866 2497 altius
1889 2450 2109 2513 incipiam
2133 2453 2303 2504 docere
2327 2469 2426 2506 vos.
2474 2461 2846 2524 Demosthenes,
2872 2478 3025 2526 quum
3044 2469 3275 2528 patrimo·-

1723 2541 1855 2589 nium
1878 2542 2245 2608 absumpsisset,
2268 2561 2353 2610 per
2386 2551 2535 2599 lolam
2562 2553 2731 2604 urbem
2773 2555 3086 2621 circumibat,
3112 2564 3169 2610 ut
3191 2575 3281 2624 pu-

1725 2635 1864 2697 pillos
1897 2637 2223 2688 adolescentes
2262 2641 2433 2692 divites
2468 2649 2725 2695 venaretur
2761 2666 2775 2696 ι
2823 2662 3031 2712 quorum
3068 2654 3279 2716 patribus

1724 2735 1989 2799 defunctis,
2028 2743 2205 2790 matres
2241 2741 2470 2792 familiam
2510 2743 2851 2806 gubernabant.
2918 2749 3080 2800 Multis
3116 2755 3277 2802 autem

1726 2835 1976 2894 praeteritis
1987 2872 2001 2896 ,
2018 2837 2161 2886 unius
2176 2839 2465 2888 mentionem
2486 2841 2675 2904 faciam,
2694 2855 2807 2892 cum
2822 2858 2920 2907 quo
2939 2845 3099 2910 inique
3114 2851 3278 2898 actum

1725 2937 1814 2984 est.
1883 2936 2011 2996 (17ι)
2040 2941 2201 2995 Quum
2224 2938 2352 2988 enim
2390 2940 2673 3002 locupletem
2706 2943 2905 2994 domum
2932 2949 3277 3010 conspexisset,

1725 3045 1836 3093 qum
1869 3047 1965 3082 nou
1996 3038 2125 3084 recte
2157 3037 2518 3102 gubernaretur,
2552 3044 2608 3091 ut
2634 3043 2772 3104 cujus
2803 3045 2903 3093 dux
2934 3049 3055 3096 esset
3086 3049 3275 3109 mulier,

1725 3135 1929 3197 superba
1946 3135 2025 3186 illa
2041 3137 2231 3199 quidem
2246 3177 2261 3200 ,
2280 3140 2361 3190 sed
2381 3141 2577 3192 minime
2590 3143 2785 3194 cordata
2797 3183 2812 3208 ,
2828 3147 3100 3199 adolescens
3117 3154 3278 3201 antem

1725 3237 1932 3300 pupillus
1952 3252 2178 3302 vesanus,
2197 3255 2341 3305 opum
2370 3244 2743 3312 administrator,
2783 3249 3080 3300 Aristarchus
3100 3253 3279 3302 Moschi

1727 3335 1852 3384 tilius
1873 3336 2017 3398 liujus
2036 3351 2087 3388 se
2110 3343 2372 3390 amatorem
2386 3355 2487 3392 esse
2508 3343 2755 3394 simulavit
2780 3346 2867 3396 :ad
2889 3361 3091 3410 eumque
3112 3351 3277 3400 amici-

1728 3435 1844 3484 tiam
1865 3439 2216 3490 adolescentem
2238 3442 2489 3504 invitavit,
2509 3447 2558 3494 et
2576 3457 2701 3493 vana
2723 3459 2805 3508 spe
2824 3447 3034 3510 inflavit,
3054 3450 3281 3510 pollicens

1726 3551 1838 3588 eum
1869 3541 2010 3590 sicuti
2052 3542 2133 3590 alii
2170 3557 2232 3592 ex
2270 3542 2515 3606 discipulis
2554 3544 2653 3600 suis
2692 3545 2825 3595 brevi
2868 3548 3113 3595 oratorum
3156 3549 3279 3610 prin·

1727 3641 1880 3703 cipem
1918 3643 2151 3693 futurum.
2236 3646 2364 3706 (172)
2398 3646 2585 3694 Talium
2618 3647 2779 3696 autem
2810 3647 2853 3696 ei
2884 3661 3081 3710 operum
3112 3650 3281 3696 auctor

1727 3748 1775 3794 et
1797 3747 2019 3808 magister
2037 3747 2190 3796 lactus
2228 3752 2328 3807 est,
2348 3748 2411 3797 ob
2429 3763 2539 3811 quae
2558 3753 2606 3799 et
2634 3749 2715 3799 ille
2740 3749 2891 3812 patria
2917 3751 3105 3813 exulat,
3126 3758 3175 3802 et
3192 3754 3281 3803 isle

1729 3847 1883 3896 tribus
1920 3861 2029 3895 eum
2054 3849 2246 3898 talentis
2270 3849 2399 3899 exilii
2430 3851 2603 3904 viatico
2626 3851 2847 3914 spoliavit
2878 3871 2889 3900 ι
2923 3856 2973 3902 et
2994 3852 3282 3904 Nicoclemus

1727 3951 2019 4012 Aphidna-us
2048 3952 2255 4001 violenta
2286 3955 2443 4004 morte
2474 3955 2535 4004 ab
2569 3957 2842 4004 Aristarcho
2877 3955 3101 4006 occubuit
3138 3956 3280 4003 miser

1727 4046 1929 4094 exsectis
1941 4047 2083 4095 ctiam
2098 4046 2249 4096 oculis
2266 4046 2518 4110 ambobus»,
2534 4053 2583 4097 et
2603 4048 2761 4112 lingua
2782 4052 2997 4112 praecisa,
3018 4063 3115 4112 qua
3134 4049 3283 4098 libere

1727 4140 1914 4189 locutus
1934 4141 2110 4200 suerat,
2130 4142 2310 4204 legibus
2329 4143 2475 4191 fretus
2492 4145 2540 4192 et
2560 4141 2711 4192 vobis.
2777 4143 2905 4205 (173)
2930 4149 2987 4194 Et
3004 4159 3115 4206 νοε,
3138 4146 3279 4194 Atine-

1727 4236 1835 4284 nien
1843 4249 1937 4296 zos,
1958 4239 2201 4284 Socratem
2214 4237 2473 4298 sapientem
2492 4236 2627 4284 illum
2646 4236 2883 4286 occidistis
2897 4274 2911 4299 ,
2930 4237 3061 4300 quod
3080 4239 3279 4290 critiam

1727 4333 2035 4392 instituisset,
2061 4344 2211 4380 unum
2242 4345 2340 4379 xxx
2382 4333 2623 4392 virorum,
2651 4332 2733 4394 qui
2766 4333 2999 4394 populum
3031 4346 3279 4395 oppresse·

1727 4433 1840 4478 runt
1871 4449 1884 4478 ι
1928 4427 2259 4477 Demosthenis
2298 4430 2460 4476 autem
2496 4427 2745 4488 precibus,
2790 4428 2873 4489 qui
2914 4427 2975 4476 ab
3010 4427 3281 4479 hominibus

1729 4523 1930 4571 indeclis
1966 4525 2013 4571 et
2046 4521 2349 4584 popularibus
2384 4526 2575 4582 propter
2610 4520 2799 4568 dicendi
2824 4521 3089 4569 libertatem
3121 4525 3281 4573 tantas

1728 4629 1890 4678 poenas
1925 4616 2101 4675 sumit,
2136 4614 2465 4662 condonabitis
2496 4615 2647 4662 alios?
2680 4613 2749 4662 Ad
2782 4627 2926 4674 quem
2952 4615 3276 4678 audiendum,

1729 4717 1894 4774 rogatu
1915 4712 2036 4772 ejus,
2052 4710 2247 4772 quidam
2261 4709 2581 4758 adolescentes
2596 4709 2809 4758 veniunt.
2876 4710 3131 4758 l‘ollicetur
3150 4714 3277 4762 enim

1727 4809 1820 4872 eis·‚
1848 4813 2036 4872 qua=stu
2068 4809 2116 4856 in
2147 4810 2353 4855 vestram
2387 4807 2600 4854 fraudem
2625 4805 2870 4865 instituto,
2900 4807 2957 4851 ut
2988 4817 3073 4866 ego
3103 4807 3277 4870 audie,

1727 4919 1776 4953 se
1814 4903 2015 4952 occultis
2048 4902 2258 4950 artificiis
2284 4903 2584 4948 mutaturum
2621 4903 2669 4946 et
2687 4911 2878 4946 causmn
2903 4899 2953 4947 et
2975 4899 3277 4950 auscultatio·

1727 5014 1836 5050 nem
1855 5002 2091 5056 vestram,
2118 4999 2243 5057 (174)
2274 5001 2419 5058 atque
2445 4997 2757 5054 cincturam,
2784 4993 2865 5042 ubi
2895 4995 2992 5057 ipse
3024 4995 3278 5057 prodierit,

1727 5098 1780 5144 ιιι
1807 5098 1854 5142 vt
1873 5106 1984 5141 reus
1998 5091 2123 5140 bono
2142 5091 2301 5140 auimo
2318 5091 2379 5138 sit
2397 5128 2409 5152 ,
2426 5091 2473 5138 et
2491 5091 2739 5136 accusator
2759 5088 3057 5147 percellatur,
3084 5091 3130 5136 el
3152 5089 3212 5136 (le
3230 5103 3281 5138 sc

1725 5194 1826 5254 ipso
1843 5192 1904 5240 sit
1924 5191 1969 5240 in
1990 5192 2121 5238 melu
2146 5206 2158 5238 =
2182 5191 2230 5238 et
2258 5189 2327 5236 lot
2346 5201 2403 5234 ac
2422 5187 2582 5235 tantos
2599 5185 2839 5235 tumultus
2856 5197 2885 5232 a
2904 5180 3141 5242 judicibus
3162 5197 3277 5232 evo·
