3825 5834
570 418 683 470 206

1596 418 1925 481 roprlor
1967 418 2272 487 ΕΛΕΝΗΣ
2313 426 2738 492 ΕΓΚΩΜΙΟΝ.

548 543 642 603 καὶ
668 548 867 618 σημεῖα
906 548 1001 617 τῆς
1042 544 1355 625 ἐπιδόσεως,
1402 547 1469 619 ἢν
1507 550 1642 617 εἰκὸς
1683 551 1737 609 ἐν
1790 555 1855 631 τῇ
1906 554 2110 635 διανοίᾳ
2208 566 2400 629 genium
2427 584 2600 634 capere
2621 578 2996 623 consentaneum
3025 586 3147 635 esse,
3167 574 3340 625 indicia
3363 575 3698 627 evidentis-im
3717 590 3740 628 ε

547 632 815 711 γίνεσθαι,
879 634 1025 713 παρὰ
1074 637 1178 692 τῶν
1224 640 1475 717 γραπτῶν
1523 637 1691 717 λόγων
1754 640 2116 719 ἐναργέστατα

548 724 778 781 κατιδεῖν
829 722 990 785 ἔστιν.
1098 726 1167 784 Εἰ
1218 726 1313 803 μὲν
1366 725 1469 807 γὰρ
1522 727 1726 807 βέλτιον
1778 731 2118 810 αὖτοσχεδιά·

547 813 702 888 ζομεν
726 815 814 869 νῦν
841 808 878 883 ἢ
905 809 1179 891 πρότερον,
1204 818 1265 873 οὖ
1286 812 1461 896 ῥᾴδιον
1482 814 1763 895 ἐπικρίνειν
1796 816 1927 875 ἐστί·
1951 820 2115 894 χαλε·

492 920 520 959 ο
547 897 646 956 παὶ
673 897 777 979 γὰρ
807 902 859 958 αἱ
886 904 1093 977 μνῆμαι
1110 905 1213 961 τῶν
1238 901 1633 982 προειρημένων
1662 903 1833 983 λόγων
1852 904 2116 977 καθεστή-

546 1008 718 1046 κασιν·
752 990 825 1054 εἰς
870 989 926 1047 δὲ
974 988 1041 1048 τὰ
1086 991 1429 1070 γεγραμμένα
1477 992 1784 1060 κατιδόντας
1838 992 2022 1075 ὥσπερ
2061 996 2116 1053 ἐν

545 1078 831 1159 κατόπτρῳ
880 1082 1145 1158 θεωρῆσαι
1172 1078 1262 1147 τὰς
1292 1086 1387 1153 τῆς
1422 1084 1599 1164 ψυχῆς
1641 1082 1897 1149 ἐπιδόσεις
1939 1082 2112 1164 ῥᾴδιόν

548 1166 709 1227 ἐστιν.
798 1164 925 1226 Ἔτι
950 1167 1005 1226 δὲ
1034 1166 1128 1225 καὶ
1154 1180 1389 1245 μνημεῖα
1417 1165 1727 1229 καταλιπεῖν
1755 1174 1913 1247 ἡμῶν
1941 1174 2112 1231 αὐτῶν

548 1255 926 1325 σπουδάζοντες
978 1254 1070 1314 καὶ
1108 1261 1177 1335 τῇ
1221 1258 1493 1337 φιλοτιμίᾳ
1536 1256 1871 1338 χαριζόμενοι
1931 1258 2116 1337 λόγους

468 1362 519 1403 10
546 1343 763 1425 γράφειν
796 1346 1185 1427 ἐπιχειροῦμεν.

630 1453 703 1491 12.
749 1432 906 1491 Ἀλλὰ
933 1434 1037 1509 μὴν
1055 1432 1164 1491 οὐδ’
1183 1434 1253 1499 ὡς
1274 1434 1389 1513 εἰκῇ
1416 1433 1586 1512 λέγειν
1615 1433 2108 1515 παρακελευόμεθα,

546 1518 643 1593 τὴν
665 1522 1163 1600 αὖτοσχεδιαστικὴν
1185 1521 1405 1597 δύναμιν
1426 1527 1516 1595 τῆς
1544 1530 1801 1605 γραφικῆς
1820 1529 2116 1603 προτιμῶν-

545 1633 648 1680 τες,
672 1609 814 1678 ἄξιόν
835 1612 945 1669 ε’στι
974 1610 1257 1671 πιστεύειν.
1282 1612 1405 1679 Τοῖς
1431 1612 1525 1688 μὲν
1550 1612 1651 1692 γὰρ
1674 1614 2009 1691 ἐνθυμήμασι
2030 1614 2117 1671 καὶ

546 1704 612 1779 τῇ
663 1698 802 1767 τάξει
839 1699 973 1776 μετὰ
1005 1698 1247 1779 προνοίας
1280 1699 1545 1778 ἡγούμεθα
1586 1702 1691 1760 δεῖν
1728 1706 1958 1780 χρῆσθαι
2001 1699 2117 1766 τοὺς

472 1812 520 1851 ιι
552 1789 793 1872 ῥήτορας,
814 1792 931 1871 περὶ
948 1787 1112 1860 δὲτὴν
1128 1793 1229 1849 τῶν
1244 1790 1511 1866 ὀνομάτων
1532 1792 1759 1862 δήλωσιν
1776 1789 2117 1869 αὐτοσχεδιά-

550 1884 673 1951 ζειν·
697 1882 755 1939 οὗ
787 1878 889 1959 γὰρ
911 1882 1171 1951 τοσαύτην
1194 1880 1449 1961 ὠφέλειαν
1476 1884 1531 1939 αἱ
1554 1884 1657 1939 τῶν
1676 1880 1926 1959 γραπτῶν
1949 1876 2115 1955 λόγων

549 1968 812 2049 ἅκρίὸειαι
839 1968 1250 2048 παραδιδόασιν,
1275 1966 1395 2026 ὅσον
1426 1967 1693 2049 εὐκαιρίαν
1720 1972 1777 2026 αἱ
1804 1970 1907 2024 τῶν
1934 1969 1994 2025 ἐκ
2018 1970 2110 2023 τοῦ

547 2060 880 2138 παραχρῆμα
908 2058 1201 2134 λεγομένων
1225 2056 1475 2127 δηλώσεις
1503 2056 1730 2135 ἔχουσιν.
1811 2052 2002 2120 Ὅστις
2025 2046 2113 2112 οὖν

550 2149 791 2225 ἐπιθυμεῖ
810 2146 984 2227 ῥήτωρ
1006 2146 1248 2225 γενέσθαι
1274 2146 1432 2213 δεινὸς
1458 2146 1594 2204 ἀλλὰ
1611 2146 1686 2221 μὴ
1704 2142 1928 2215 ποιητὴς
1945 2142 2112 2219 λόγων

466 2246 523 2286 ²⁰
548 2235 754 2305 ἱκανός,
778 2234 866 2291 καὶ
900 2232 1146 2313 βούλεται
1171 2235 1372 2310 μᾶλλον
1396 2243 1504 2300 τοῖς
1537 2240 1737 2312 καιροῖς
1764 2235 1997 2311 χρῆσθαι
2015 2253 2113 2287 κα-

546 2325 650 2389 λῶς
670 2322 706 2394 ἢ
738 2326 844 2387 τοῖς
882 2322 1105 2399 ὀνόμασι
1143 2322 1315 2401 λέγειν
1346 2321 1611 2402 ἄκριὸῶς,
1658 2320 1752 2379 καὶ
1784 2319 1879 2390 τὴν
1907 2316 2114 2377 εὔνοιαν

546 2416 648 2471 τῶν
691 2409 1039 2489 ἀκροωμένων
1091 2408 1369 2490 ἐπίκουρον
1412 2411 1551 2489 ἔχειν
1595 2408 1877 2479 σπουδάζει
1914 2409 2114 2483 μᾶλλον

546 2499 583 2571 ἢ
615 2499 701 2557 τὸν
730 2499 911 2581 φθόνον
962 2500 1358 2577 ἀνταγωνιστήν
1378 2543 1397 2573 ,
1444 2498 1525 2557 ἔτι
1554 2496 1608 2559 δὲ
1646 2497 1737 2557 καὶ
1767 2497 1861 2571 τὴν
1898 2496 2114 2575 γνώμην

548 2586 767 2667 εὔπορον
788 2586 880 2645 καὶ
908 2588 1002 2656 τὴν
1034 2586 1257 2664 μνήμην
1290 2584 1505 2645 εὔλυτον
1544 2584 1635 2644 καὶ
1659 2584 1753 2656 τὴν
1783 2585 1948 2657 λήθην
1979 2583 2111 2655 ἄδη-

468 2698 521 2737 aa
547 2677 637 2736 λον
662 2673 981 2733 κατιστάναι
1019 2674 1261 2753 βούλεται
1277 2718 1293 2748 ,
1327 2673 1417 2732 καὶ
1441 2678 1507 2753 τῇ
1536 2672 1691 2755 χρεία
1711 2679 1801 2731 τοῦ
1835 2672 1951 2751 βίου
1977 2670 2113 2747 σύμ·

550 2786 737 2842 μετρον
768 2762 865 2835 τὴν
905 2763 1127 2838 δύναμιν
1162 2766 1267 2821 τῶν
1301 2762 1471 2840 λόγων
1510 2766 1800 2833 κεκτῆσθαι
1844 2758 2113 2842 πρόθυμός

547 2856 705 2925 ἐστιν,
734 2843 877 2919 οὗτος
906 2850 1117 2919 εἰκότως
1156 2851 1219 2910 ἂν
1240 2856 1331 2912 τοῦ
1372 2849 1466 2927 μὲν
1496 2850 1916 2930 αὐτοσχεδιάζειν
1949 2850 2026 2907 ἀεί
2055 2871 2114 2906 τε

544 2940 638 3001 καὶ
679 2942 764 2999 διὰ
790 2940 985 3006 παντὸς
1012 2940 1219 3021 ἐνεργὸν
1248 2944 1343 3011 τὴν
1387 2940 1613 3017 μελέτην
1640 2940 1841 2999 ποιοῖτο
1860 2986 1876 3013 ,
1921 2946 2012 2999 τοῦ
2057 2936 2114 2995 δὲ

544 3030 762 3111 γράφειν
793 3034 845 3090 ἐν
882 3030 1068 3110 παιδιᾷ
1096 3028 1187 3087 καὶ
1208 3026 1459 3108 παρέργῳ
1488 3025 1863 3104 ἐπιμελόμενος
1892 3016 1950 3085 εῧ
1988 3049 2112 3107 φρο-

464 3146 519 3187 ³⁰
545 3127 648 3179 νεῖν
676 3116 873 3199 κριθείη
894 3115 1042 3197 παρὰ
1060 3120 1167 3185 τοῖς
1194 3107 1253 3176 εὖ
1272 3120 1564 3197 φρονοῦσιν.

760 3301 1085 3363 ΓΟΡΓΙΟΥ
1126 3300 1436 3361 ΕΛΕΝΗΣ
1479 3297 1901 3360 ΕΓΚΩΜΙΟΝ.

443 3496 543 3546 127
631 3484 839 3560 Κόσμος
880 3484 1031 3543 πόλει
1064 3482 1159 3560 μὲν
1204 3480 1488 3565 εὐανδρία,
1536 3485 1749 3557 σώματι
1796 3479 1851 3538 δὲ
1891 3480 2112 3552 κάλλος,

524 3576 691 3653 ψυχῇ
719 3572 775 3631 δὲ
803 3571 959 3652 σοφία
975 3616 992 3648 ,
1017 3570 1291 3651 πράγματι
1321 3570 1377 3630 δὲ
1404 3568 1595 3651 ἀρετή,
1618 3570 1759 3649 λόγῳ
1788 3568 1845 3629 δὲ
1870 3569 2112 3639 ἀλήθεια·

544 3661 613 3722 τὰ
640 3664 685 3719 δ’
722 3660 931 3719 ἐναντία
954 3658 1152 3719 τούτων
1182 3658 1436 3735 ἀκοσμία.
1468 3652 1664 3737 ’Ἄνδρα
1694 3656 1749 3715 δὲ
1781 3656 1871 3716 καὶ
1890 3656 2113 3735 γυναῖκα

544 3750 636 3807 καὶ
664 3747 815 3827 λόγον
836 3746 926 3807 καὶ
958 3747 1107 3828 ἔργον
1132 3747 1220 3805 καὶ
1243 3746 1396 3806 πόλιν
1423 3745 1513 3804 καὶ
1544 3755 1766 3827 πρᾶγμα
1792 3744 1898 3825 χρὴ
1928 3746 1988 3805 τὸ
2017 3744 2112 3823 μὲν

460 3856 517 3895 35
546 3836 687 3905 ἄξιον
730 3835 941 3894 ἐπαίνου
991 3835 1191 3914 ἐπαίνῳ
1236 3844 1428 3915 τιμᾷν,
1471 3837 1548 3914 τῷ
1587 3834 1645 3892 δὲ
1688 3834 1879 3913 ἀναξίῳ
1930 3837 2112 3910 μῶμον

545 3928 818 3984 ἐπιθεῖναι·
842 3922 933 3994 ἴση
963 3921 1066 4004 γὰρ
1102 3923 1341 4003 ἁμαρτία
1368 3923 1459 3980 καὶ
1489 3922 1693 3999 ἀμαθία
1726 3920 2028 4003 μέμφεσθαί
2055 3944 2113 3981 τε

548 4012 617 4071 τὰ
648 4012 895 4070 ἐπαινετὰ
923 4012 1017 4071 καὶ
1044 4012 1274 4071 ἐπαινεῖν
1304 4009 1371 4069 τὰ
1402 4011 1655 4087 μωμητά.
1734 4014 1845 4072 Τοῦ
1876 4012 1923 4070 δ’
1953 4012 2112 4069 αὐτοῦ

549 4100 733 4181 ἀνδρὸς
760 4098 905 4168 λέξαι
934 4122 989 4158 τε
1008 4099 1069 4158 τὸ
1094 4098 1207 4159 δέον
1234 4100 1397 4179 ὀρθῶς
1418 4098 1507 4158 καὶ
1536 4097 1739 4175 ἐλέγξαι
1766 4094 1883 4165 τοὺς
1906 4120 2111 4179 μεμφο-

548 4188 733 4265 μένους
756 4186 997 4260 Ἑλένην,
1039 4189 1259 4267 γυναῖκα
1304 4186 1422 4267 περὶ
1461 4178 1523 4258 ἧς
1564 4186 1829 4269 ὁμόφωνος
1864 4186 1955 4245 καὶ
1983 4186 2114 4263 ὀμό-

457 4292 519 4333 εο
546 4280 715 4358 ψηφος
765 4276 801 4349 ἤ
846 4299 903 4335 τε
943 4280 1046 4336 τῶν
1075 4279 1309 4348 ποιητῶν
1355 4274 1605 4335 ἁπάντων
1647 4275 1821 4341 πίστις
1861 4272 1898 4345 ἥ
1936 4296 1992 4333 τε
2019 4282 2110 4335 τοῦ
2165 4302 2174 4308 ·

544 4366 796 4443 ὀνόματος
824 4364 973 4445 φήμη
1022 4364 1229 4445 γέγονεν
1276 4362 1313 4437 ἥ
1343 4386 1399 4422 τε
1429 4370 1533 4423 τῶν
1576 4367 1859 4445 συμφορῶν
1905 4362 2109 4441 μνήμη.

548 4454 694 4534 Ἐγὼ
716 4452 771 4512 δὲ
804 4454 1062 4533 βούλομαι
1089 4452 1339 4532 λογισμόν
1359 4476 1474 4511 τινα
1498 4456 1573 4531 τῷ
1595 4452 1735 4531 λόγῳ
1763 4450 1878 4518 δοὺς
1890 4451 1986 4523 τὴν
2017 4452 2113 4529 μὲν

545 4546 721 4610 κακῶς
748 4542 1042 4603 ἀκούουσαν
1071 4547 1273 4603 παῦσαι
1309 4543 1403 4611 τῆς
1432 4542 1603 4607 αἰτίας
1621 4584 1637 4611 ,
1667 4539 1786 4605 τοὺς
1814 4540 1869 4598 δὲ
1901 4562 2113 4622 μεμφο-

548 4632 730 4711 μένους
766 4630 1112 4712 ψευδομένους
1154 4628 1438 4704 ἐπιδείξαι,
1484 4628 1575 4687 καὶ
1606 4626 1768 4698 δεῖξαι
1810 4628 2034 4700 τάληθὲς
2074 4630 2109 4701 ἢ

464 4744 519 4783 ιε
543 4727 747 4778 παῦσαι
768 4726 862 4792 τῆς
887 4719 1137 4796 ἀμαθίας.

624 4830 677 4867 α.
720 4807 849 4870 Ὅτι
902 4804 998 4885 μὲν
1044 4798 1134 4867 οῧν
1176 4806 1329 4887 φύσει
1361 4805 1451 4865 καὶ
1495 4806 1631 4883 γένει
1680 4804 1747 4865 τὰ
1784 4809 1970 4887 πρῶτα
2008 4810 2109 4867 τῶν

544 4896 767 4975 πρώτων
811 4897 1013 4978 ἀνδρῶν
1054 4896 1145 4955 καὶ
1172 4898 1430 4972 γυναικῶν
1474 4898 1508 4966 ἡ
1554 4896 1683 4971 γυνὴ
1714 4894 1834 4973 περὶ
1881 4888 1942 4967 ἧς
1970 4895 2054 4955 ὅδε
2083 4900 2110 4955 δ

542 4984 693 5062 λόγος
712 5028 727 5057 ,
758 4986 855 5044 οὐκ
878 4986 1069 5056 ἄδηλον
1101 4986 1206 5044 οὐδ’
1224 4984 1437 5062 ὀλίγοις.
1491 4985 1663 5055 Δῆλον
1686 4982 1787 5062 γὰρ
1810 4986 1878 5051 ὡς
1913 4985 2109 5065 μητρὸς

547 5072 641 5149 μὲν
666 5073 871 5148 Λήδας,
908 5073 1103 5153 πατρὸς
1130 5072 1185 5132 δὲ
1213 5079 1303 5132 τοῦ
1341 5071 1437 5149 μὲν
1465 5072 1741 5150 γενομένου
1770 5076 1916 5145 θεοῦ,
1955 5074 2108 5149 λεγο-

465 5176 521 5215 50
544 5161 699 5239 μένου
725 5162 777 5220 δὲ
808 5166 1016 5236 θνητοῦ,
1041 5162 1327 5240 Τυνδάρεω
1359 5160 1448 5218 καὶ
1482 5160 1629 5232 Διός,
1658 5152 1729 5219 ὧν
1748 5165 1776 5219 ὁ
1806 5160 1899 5238 μὲν
1939 5162 2023 5219 διὰ
2049 5162 2110 5221 τὸ

544 5240 674 5308 εἶναι
708 5248 899 5325 ἔδοξεν,
936 5252 965 5309 δ
992 5248 1047 5308 δὲ
1078 5248 1164 5308 διὰ
1198 5249 1260 5308 τὸ
1289 5248 1449 5329 φάναι
1477 5248 1736 5330 ἠλέγχθη,
1760 5250 1849 5309 καὶ
1866 5240 1930 5321 ἦν
1955 5252 1984 5309 ὁ
2013 5250 2107 5329 μὲν
2203 5258 2336 5308 visus
2357 5257 2460 5316 est,
2489 5254 2610 5305 alter
2634 5264 2696 5303 ex
2722 5251 2932 5303 dictione
2957 5250 3288 5313 deprehensus
3321 5250 3634 5523 [ιιὶιγνε
3659 5239 3666 5245 ’

2205 678 2394 742 scriptis
2427 681 2726 733 orationibus
2760 684 2979 747 colligere
3021 684 3148 735 lieet.
3235 686 3472 737 Nimirum
3506 700 3565 736 an
3599 686 3744 737 melius

2207 806 2336 844 nunc
2361 808 2510 857 quam
2529 799 2672 846 antea
2697 810 2757 847 ex
2782 798 2998 860 tempore
3025 796 3246 848 dicamus
3261 835 3277 858 ,
3310 798 3573 860 diiudicare
3595 812 3743 861 anceps

2205 908 2310 971 eat,
2333 920 2484 970 quum
2513 908 2820 969 pristinarum
2845 909 3120 959 orationum
3147 910 3382 961 memoria
3413 909 3660 961 difficulter
3681 924 3742 973 reg

2207 1017 2477 1081 focilletur;
2520 1021 2702 1082 scripta
2753 1026 2914 1071 autem
2955 1020 3260 1084 inspicientes
3301 1023 3440 1085 quani
3485 1023 3534 1071 in
3581 1024 3743 1085 speculo

2205 1128 2436 1192 quidnam
2456 1130 2630 1181 virium
2656 1132 2845 1194 ingenio
2859 1132 3130 1191 accesserit.
3157 1134 3288 1182 cerni
3316 1133 3452 1183 t'acile
3471 1136 3634 1210 potest.
3665 1134 3739 1181 De-

2207 1238 2352 1302 nique
2366 1241 2530 1301 gloriae
2545 1242 2708 1294 studio
2727 1242 2963 1307 impulsus
2985 1247 3037 1295 et
3061 1248 3374 1295 monumenta
3393 1244 3490 1295 mei
3509 1246 3741 1307 relinquere

2207 1357 2405 1417 cupiens
2425 1355 2486 1404 ad
2508 1355 2786 1407 scribendas
2809 1357 3054 1407 orationes
3071 1360 3308 1421 accingor.

2273 1466 2346 1509 12.
2381 1462 2608 1511 Ceterum
2648 1474 2708 1512 ne
2747 1462 2859 1525 quis
2881 1462 3168 1524 crediderit,
3204 1477 3363 1525 quum
3397 1462 3738 1527 extemporalem

2207 1556 2490 1607 facultatem
2531 1556 2770 1609 scribendi
2809 1560 2901 1609 arti
2939 1558 3278 1622 praeter-amus,
3307 1560 3558 1611 adhortari
3600 1576 3674 1611 nos
3701 1565 3739 1610 ut

2207 1654 2387 1701 temere
2411 1666 2607 1715 prorsus
2629 1657 2678 1704 et
2700 1652 2970 1704 inconsulte
2989 1654 3137 1705 dicas.
3165 1658 3288 1707 Nam
3311 1658 3572 1707 sententias
3589 1671 3737 1706 earum·

2207 1761 2302 1811 que
2341 1748 2700 1811 dispositionem
2745 1749 3082 1813 praeparandas
3121 1751 3328 1811 oratori,
3363 1752 3513 1801 verbe
3543 1753 3737 1801 duntaxat

2207 1858 2264 1895 ex
2287 1850 2501 1907 tempore
2523 1844 2809 1896 invenienda
2833 1860 2940 1897 esse
2963 1858 3228 1897 censemus.
3267 1846 3410 1898 Haud
3437 1850 3564 1898 enim
3591 1851 3734 1899 tantam

2205 1944 2493 2007 scriptarum
2516 1946 2788 1996 orationum
2821 1944 3128 2008 concinnitas:
3149 1946 3408 1997 utilitatem
3431 1948 3596 2009 affert,
3615 1962 3731 2011 quan·

2205 2044 2304 2091 tam
2337 2056 2448 2106 quoe
2471 2055 2499 2091 e
2525 2042 2724 2105 vestigio
2747 2042 2974 2093 dicuntur
2992 2042 3174 2093 liabent
3195 2045 3617 2106 opportunitatem.
3647 2042 3732 2103 Qni-

2208 2150 2419 2201 cnmque
2441 2138 2584 2199 igitur
2608 2139 2770 2189 rhetor
2787 2138 2996 2189 evadere
3013 2139 3150 2201 cupit
3167 2139 3395 2199 eximius,
3423 2154 3520 2189 non
3545 2154 3646 2189 vero
3661 2154 3734 2189 rer·

2206 2235 2378 2287 borum
2401 2236 2574 2285 artilex
2601 2236 2855 2287 mediocria
2871 2272 2888 2298 ‚
2909 2239 2962 2287 et
2993 2240 3264 2301 temporum
3297 2240 3556 2289 momentis
3577 2240 3639 2289 uti
3655 2239 3726 2287 sol-

2207 2332 2352 2382 lerter
2383 2346 2530 2395 quam
2573 2332 2731 2383 verbis
2757 2332 2880 2384 bene
2915 2332 3154 2383 distinctis
3191 2334 3324 2397 loqui
3351 2336 3511 2385 catina
3537 2336 3672 2394 ducit,
3697 2338 3732 2383 et

2205 2430 2585 2481 benevolentiam
2619 2431 2898 2482 auditorum
2929 2432 3120 2482 mavult
3149 2434 3334 2483 sociam
3359 2446 3512 2496 quam
3543 2436 3729 2485 invidiam

2206 2526 2382 2577 habere
2407 2526 2733 2578 adversariam
2749 2564 2762 2586 ,
2783 2529 2831 2577 et
2855 2530 3067 2578 mentem
3086 2529 3362 2592 expeditam
3391 2532 3730 2591 memoriamque

2207 2623 2390 2672 facilem
2407 2636 2528 2685 esse,
2539 2626 2588 2673 et
2597 2623 2863 2674 obliviones
2875 2624 3021 2673 latere
3031 2624 3154 2685 vult,
3167 2626 3216 2674 et
3225 2624 3486 2675 oratoriam
3505 2627 3728 2675 facultatem

2206 2721 2318 2770 vitm
2345 2720 2512 2770 usibus
2540 2722 2900 2771 accommodam
2939 2735 3222 2785 comparare
3243 2724 3336 2773 sibi
3372 2724 3538 2775 studet
3564 2740 3576 2773 :
3604 2726 3637 2773 is
3651 2726 3729 2786 Jnre

2204 2824 2378 2873 merito
2399 2823 2782 2887 extemporalem
2811 2826 3078 2875 orationem
3103 2826 3204 2876 acri
3233 2827 3286 2877 et
3307 2826 3504 2878 assidua
3536 2826 3726 2879 exercita-

2203 2925 2334 2974 tione
2350 2924 2570 2987 coluerit,
2601 2923 2851 2975 scribendo
2877 2928 3039 2975 nutem
3075 2925 3264 2979 nonnisi
3313 2926 3458 2979 lusus
3483 2942 3616 2979 causa
3634 2933 3674 2977 et
3693 2928 3726 2975 in

2203 3028 2452 3079 suboeaiva
2489 3041 2637 3093 opera
2675 3028 2876 3079 studens
2911 3042 3062 3080 sanus
3105 3042 3208 3081 esse
3243 3030 3376 3093 apud
3417 3044 3561 3084 sanos
3582 3032 3726 3094 judica-
3754 3038 3755 3041 ’

2205 3130 2349 3181 bitur.

2403 3296 2721 3359 GORGIAE
2765 3298 3106 3361 HELENAE
3151 3300 3577 3366 LAUDATIO.

2265 3498 2448 3548 Urbem
2471 3498 2644 3549 decent
2667 3498 2756 3548 viri
2783 3500 2956 3560 sorta,
2987 3512 3164 3563 eorpus
3187 3500 3496 3563 pulchritudo
3511 3536 3526 3561 ,
3555 3504 3722 3551 enimn-
3745 3528 3747 3541 .

2204 3595 2462 3657 sapientia,
2509 3594 2687 3645 tactum
2727 3594 2881 3644 virtue
2913 3598 2962 3645 et
2997 3608 3264 3645 sermonem
3311 3598 3492 3646 veritas
3530 3611 3545 3645 :
3593 3596 3724 3645 honum

2202 3690 2364 3737 autem
2390 3688 2625 3736 contraria
2643 3686 2893 3737 dedecent.
2961 3692 3073 3739 Jam
3101 3690 3287 3750 virum,
3314 3690 3559 3749 feminam,
3584 3698 3743 3749 sermo-⁸

2203 3794 2341 3840 nem,
2365 3794 2488 3843 opus
2505 3816 2520 3841 ‚
2545 3781 2712 3830 urbem
2731 3818 2748 3841 ,
2791 3782 2970 3831 factum
3007 3780 3172 3843 decet,
3199 3783 3240 3831 εἰ
3277 3781 3467 3833 laudem
3493 3782 3722 3837 merentur,

2202 3876 2466 3936 celebrare,
2487 3876 2527 3925 si
2551 3888 2644 3925 non
2665 3877 2937 3937 merentur,
2961 3876 3312 3939 reprehendere
3337 3896 3350 3927 ι
3379 3880 3455 3927 eet
3477 3876 3599 3926 enim
3627 3874 3723 3934 ejus·

2203 3968 2312 4019 dem
2341 3968 2501 4019 delicti
2536 3973 2681 4031 atque
2710 3968 2911 4018 inscitiae
2937 3971 3045 4017 tum
3071 3968 3310 4019 laudanda
3353 3970 3616 4031 vituperare
3647 3970 3722 4015 tun

2203 4060 2398 4111 laudare
2417 4060 2749 4123 vituperanda.
2773 4062 2869 4110 Nec
2891 4074 2988 4111 non
3017 4062 3232 4123 ejusdem
3251 4064 3330 4111 est
3350 4064 3401 4112 et
3419 4062 3549 4124 quod
3571 4068 3723 4123 aequun

2201 4154 2264 4203 sit
2293 4154 2450 4205 dicere
2477 4157 2527 4204 et
2557 4166 2639 4203 eos
2665 4153 2877 4204 refellere
2920 4153 3001 4217 qui
3029 4153 3264 4204 Helenam
3307 4154 3658 4219 reprehendunt,
3679 4148 3723 4201 da

2203 4262 2300 4311 qua
2319 4260 2414 4297 uno
2431 4260 2516 4297 ore
2533 4260 2592 4297 ac
2605 4248 2846 4297 communi
2872 4246 3103 4309 suffragio
3126 4248 3430 4298 consentiunt
3451 4250 3502 4298 et
3521 4254 3723 4310 poetarum

2203 4343 2420 4393 omnium
2445 4341 2566 4393 tides
2587 4344 2638 4391 et
2659 4340 2866 4391 nominis
2888 4341 3014 4390 tama
3041 4343 3092 4391 et
3115 4340 3486 4392 infortuniorum
3515 4338 3727 4391 memoria-

2201 4440 2387 4487 verum
2425 4449 2514 4498 ego
2545 4436 2695 4485 firmis
2741 4434 3002 4485 rationibus
3047 4437 3152 4485 tum
3199 4448 3305 4486 eam
3323 4472 3338 4497 ‚
3377 4448 3486 4498 ηοω
3533 4436 3676 4483 hacten

2201 4531 2327 4581 male
2347 4530 2528 4591 audiit,
2547 4529 2688 4593 culpa
2725 4528 2834 4578 volo
2859 4528 3087 4590 liberare,
3123 4530 3225 4578 tum
3250 4531 3553 4581 accusatores
3571 4538 3662 4575 men

2203 4626 2263 4677 cii
2287 4626 2587 4686 convincere,
2613 4626 2758 4686 atque
2785 4627 2948 4687 aperta
2975 4624 3180 4673 veritate
3203 4623 3438 4673 inscitiam
3469 4622 3646 4672 illorum

2201 4722 2314 4772 lere.

2266 4822 2308 4864 2.
2342 4819 2410 4866 Ac
2441 4814 2648 4877 primum
2673 4811 2860 4875 generis
2885 4811 3068 4861 ratione
3103 4811 3281 4873 primae
3307 4824 3442 4871 eam,
3475 4810 3540 4861 de
3572 4819 3652 4870 qua

2201 4904 2412 4967 quimur,
2433 4903 2558 4952 inter
2579 4902 2710 4951 viros
2729 4914 2788 4950 ac
2815 4900 3040 4950 mulieres
3075 4900 3268 4960 tulisse,
3295 4912 3358 4950 ne
3375 4900 3546 4963 peu-(⁴513
3567 4894 3660 4957 quid

2201 4996 2274 5040 est
2297 4992 2531 5053 ignotum.
2596 4988 2717 5045 Quis
2739 4988 2868 5037 enim
2897 4987 3048 5037 nescit
3081 4988 3123 5037 ei
3149 4989 3356 5037 matrem
3397 4982 3666 5043 fuissene&

2203 5082 2388 5142 patrem
2407 5080 2568 5127 autem
2603 5088 2768 5125 revera
2792 5074 2968 5135 deum,
2999 5075 3150 5125 verbo
3169 5077 3311 5125 tenus
3337 5075 3595 5131 hominen.
3623 5068 3694 5127 ΤΠ

2199 5168 2372 5219 darum
2397 5179 2456 5215 ac
2486 5167 2689 5223 Jovem,
2721 5176 2929 5225 quorum
2967 5162 3088 5211 alter
3108 5174 3262 5224 quum
3307 5166 3434 5211 esset
3467 5172 3616 5227 pater.

3363 5629 3379 5666 t'

3303 5689 3356 5794 1⁴
