3825 5834
515 491 620 543 164

1396 481 1837 541 ΔΕῙΝΑΡΧΟΥ
1877 481 1928 538 Ο
1972 478 2178 537 ΚΑΤΑ
2218 480 2810 545 ΔΗΜΟΣΘΕΝΟΥΣ.

3501 489 3673 575 {so-u.)

515 600 772 687 μοσθένην
797 598 1058 679 εἰληφέναι
1085 601 1246 658 εἴκοσι
1273 600 1506 661 τάλαντα
1529 602 1742 680 χρυσίου
1769 604 1888 660 καθ’
1909 601 2055 675 ὑμῶν
2155 610 2527 663 Demosthenem
2568 615 2739 677 viginti
2768 614 2873 665 auri
2913 615 3089 665 talenta
3134 616 3185 665 in
3231 616 3446 666 fraudem
3486 624 3675 668 vestram

467 710 494 748 a
517 688 606 747 καὶ
628 694 796 747 ταῦτα
820 686 1142 759 πεποιηκότα
1163 690 1360 746 ἀδικεῖν
1379 734 1396 763 ,
1417 688 1507 747 καὶ
1535 692 1562 746 ὁ
1588 686 1895 765 δημαγωγὸς
1918 690 2059 763 ὑμῖν,
2150 714 2391 771 300091330
2416 728 2569 778 mque
2594 716 2719 765 [acto
2742 715 3001 777 deliquia„
3016 752 3032 777 ,
3052 717 3103 766 et
3122 716 3269 765 istum
3300 718 3467 781 populi
3492 718 3650 769 ducem
3665 756 3678 781 ,

516 779 571 835 ἐν
611 766 654 853 ᾧ
699 772 790 841 τὰς
820 772 1031 841 ἐλπίδας
1061 773 1240 851 ἔχουσί
1287 797 1450 847 τινες,
1491 777 1572 833 ἐπ’
1603 774 1887 854 αὐτοφώρῳ
1930 772 2061 851 χρή·

521 884 664 935 ματα
692 860 976 936 λαμὸάνων
1005 859 1247 933 εἴληπται
1265 906 1281 937 ,
1309 862 1398 939 (ει)
1439 867 1530 919 νῦν
1556 859 1624 920 τὰ
1655 863 1851 936 νόμιμα
1885 862 2075 917 τάκεῒ-.

521 955 605 1008 θεν
635 946 722 1007 καὶ
757 946 822 1005 τὰ
865 946 1038 1005 δίκαια
1066 947 1156 1005 καὶ
1183 951 1383 1020 τάληθῆ
1417 948 1756 1029 ἀσθενέστερα
1783 948 2062 1026 γενήσεται

519 1040 621 1095 τῶν
667 1035 1032 1112 Δημοσθένους
1077 1036 1276 1113 λόγων,
1324 1035 1413 1095 καὶ
1475 1035 1680 1115 ἰσχύσει
1721 1038 1919 1111 μᾶλλον
1974 1040 2066 1105 τῆς

522 1124 766 1193 ἀληθείας
795 1126 828 1191 ἡ
861 1118 1006 1199 παρὰ
1032 1122 1212 1181 τούτου
1251 1122 1576 1201 ῥηθησομένη
1611 1122 1749 1181 κατὰ
1785 1130 1877 1182 τοῦ
1918 1144 2064 1181 συνε-

523 1210 666 1287 δρίου
691 1206 906 1278 διαὸολή
923 1254 938 1278 ,
965 1212 1036 1275 ὣς
1067 1208 1169 1285 ἄρα
1194 1209 1416 1276 πολλοὺς
1443 1214 1476 1280 ἡ
1504 1209 1663 1288 βουλὴ
1703 1208 2065 1289 ἀποπέφαγκεν

517 1298 718 1355 ἀδικεῖν
750 1295 836 1355 τὸν
870 1298 1064 1373 δῆμον,
1102 1296 1150 1355 οἳ
1193 1296 1616 1377 ἀποπεφεύγασιν
1644 1296 1958 1362 εἰσελθόντες
1996 1298 2067 1362 εἰς

452 1406 500 1443 ιο
525 1385 584 1442 τὸ
615 1382 946 1462 δικαστήριον
967 1426 982 1454 ,
1026 1382 1114 1441 καὶ
1159 1388 1193 1453 ἡ
1234 1382 1396 1461 βουλὴ
1443 1386 1525 1443 ἐπ’
1556 1382 1701 1441 ἐνίων
1742 1383 1802 1441 τὸ
1829 1382 2067 1458 πέμπτον

517 1471 674 1551 μέρος
704 1472 762 1530 οὗ
804 1470 1080 1548 μετείληφε
1108 1473 1209 1531 τῶν
1251 1470 1466 1551 ψήφων;
1494 1474 1664 1532 Τοῦτο
1695 1470 1748 1528 δὲ
1787 1469 1842 1529 ὃν
1878 1470 2069 1547 τρόπον

523 1558 721 1669 γίνεται
739 1602 758 1629 ,
806 1555 996 1636 ῥαδίως
1027 1556 1250 1623 ἅπαντες
1279 1558 1591 1635 μαθήσεσθε.
1627 1556 1719 1637 (aa)
1749 1554 1822 1617 Ἤ
1867 1556 2066 1637 βουλή,

523 1670 568 1705 ω
609 1644 818 1723 ἄνδρες,
867 1647 1011 1715 ζητεῖ
1045 1642 1114 1701 τὰ
1153 1644 1546 1723 προσταχθέντα
1593 1646 1674 1721 ὑφ’
1698 1646 1843 1720 ὑμῶν
1878 1644 1968 1701 καὶ
2006 1642 2071 1701 τὰ

515 1732 845 1813 ;γεγενημένα
867 1734 994 1809 παρ’
1023 1734 1196 1798 αὑτοῖς
1221 1731 1524 1807 ἀδικήματα
1557 1733 1656 1811 οὐχ
1681 1735 1750 1799 ὧς
1777 1732 1924 1809 ὑμεῖς
1946 1730 2071 1811 (καί

528 1844 616 1897 μοι
644 1820 719 1897 μὴ
762 1820 1069 1900 ὀργισθῆτε)
1104 1820 1326 1887 δικάζειν
1368 1818 1526 1879 ένίοτε
1575 1820 1798 1895 ε’ίθισθε,
1837 1823 1901 1898 τῇ
1954 1840 2074 1897 συγ-

456 2006 506 2045 ιι
527 1905 994 2071 ἶέἷ’“ἓῗ.ἶολῖοέπῆ.
1008 1924 1644 2067 ‘3212‘22‘302'2325523
1647 1932 1668 1974 ⁶
1680 1908 2073 2052 ’τὸῗλέποῗᾶἶέἶ

527 2080 812 2151 ἠδικηκότα
859 2078 993 2137 κατὰ
1040 2077 1104 2135 τὰ
1148 2078 1373 2160 πάτρια,
1421 2078 1704 2153 νομίζουσα
1743 2078 1830 2137 τὸν
1873 2082 1925 2137 ἐν
1966 2086 2072 2146 τοῖς

531 2174 732 2243 μικροῖς
754 2165 1136 2242 συνεθιζόμενον
1163 2167 1388 2239 ἀδικεῖν,
1410 2172 1586 2225 τοῦτον
1618 2164 1684 2224 τὰ
1725 2165 1931 2244 μεγάλα
1968 2168 2072 2222 τῶν

535 2254 875 2331 ἀδικημάτων
915 2252 1274 2333 εὐχερέστερον
1318 2254 1710 2330 προσδέξεσθαι.
1758 2255 1848 2332 (οε)
1877 2254 2071 2333 Διόπερ

530 2343 616 2401 τὸν
636 2345 762 2421 παρ’
784 2344 952 2401 αὑτῶν
977 2340 1409 2419 ἀποστερήσαντα
1438 2341 1496 2399 τὸ
1521 2344 1704 2399 ναῦλον
1729 2341 1814 2399 τὸν
1837 2339 2075 2419 πορθμέα

516 2428 844 2506 ’ζημιώσασα
871 2428 996 2505 πρὸς
1026 2432 1161 2504 ὑμᾶς
1188 2428 1423 2508 ἀπέφηνε
1441 2450 1458 2467 ·
1479 2426 1638 2487 πάλιν
1662 2429 1748 2487 τὸν
1775 2426 1868 2497 τὴν
1891 2450 2073 2485 πεντε·

525 2516 796 2594 δραχμίαν
836 2514 923 2574 ἐπὶ
971 2519 1046 2594 τῷ
1065 2520 1180 2573 οτοῦ
1228 2513 1303 2591 μὴ
1349 2512 1602 2593 παρόντος
1640 2514 1854 2589 ὀνόματι
1892 2515 2073 2573 λαὸεῖν

446 2600 856 2673 ωάξιόισαντα,
899 2600 988 2661 καὶ
1027 2606 1206 2661 τοῦτον
1244 2605 1366 2680 ὑμῖν
1411 2600 1679 2681 ἀπέφηνε,
1718 2602 1809 2659 καὶ
1857 2602 1945 2660 τὸν
1980 2600 2073 2670 τὴν

530 2691 719 2769 μερίδα
757 2689 851 2758 τὴν
895 2688 948 2753 ἐξ
995 2688 1187 2767 Ἀρείου
1221 2688 1389 2765 πάγου
1417 2687 1753 2765 τολμήσαντα
1789 2686 2074 2748 ἀποδόσθαι

532 2775 680 2857 παρὰ
705 2775 770 2833 τὰ
793 2775 991 2853 νόμιμα
1012 2775 1096 2833 τὸν
1122 2775 1274 2834 αὐτὸν
1293 2776 1481 2853 τρόπον
1502 2774 1814 2851 ζημιώσασα
1837 2774 2070 2843 ἐξέὸαλε.

533 2870 623 2937 (57)
658 2866 707 2923 Τ
709 2863 884 2928 ούτους
910 2866 1054 2939 ὑμεῖς
1076 2862 1336 2945 κρίναντες
1356 2864 1590 2943 ἀφήκατε
1615 2866 1672 2922 οὗ
1695 2868 1786 2934 τῆς
1806 2862 1858 2932 ἐξ
1883 2864 2073 2942 Ἀρείου

533 2950 702 3027 πάγου
753 2951 941 3029 βουλῆς
976 2948 1447 3029 καταγινώσκοντες
1483 2951 1794 3030 ψεύδεσθαι,
1844 2951 1979 3010 ἀλλὰ
2008 2956 2073 3031 τῇ

523 3036 817 3116 συγγνώμῃ
854 3039 1050 3113 μᾶλλον
1077 3037 1111 3109 ἢ
1141 3041 1212 3117 τῷ
1255 3038 1439 3118 δικαίῳ
1459 3038 1830 3117 προσθέμενοι,
1859 3039 1949 3097 καὶ
1980 3038 2075 3110 τὴν

533 3124 787 3202 τιμωρίαν
813 3124 972 3196 μείζω
995 3124 1286 3199 νομίζοντες
1309 3114 1441 3183 εἶναι
1467 3130 1560 3195 τῆς
1582 3124 1683 3183 ὑπὸ
1707 3128 1810 3185 τῶν
1840 3127 2079 3204 κρινομέ-

536 3234 636 3270 νων
671 3212 1028 3288 γεγενημένης
1057 3212 1336 3291 ἁμαρτίας.
1419 3203 1496 3273 Ἦ
1525 3234 1624 3271 που
1664 3211 1768 3291 ἄρα
1805 3216 1840 3283 ἡ
1883 3214 2077 3290 βουλή,

455 3318 508 3355 as
537 3298 888 3375 Δημόσθενες,
914 3298 980 3357 τὰ
1001 3301 1162 3379 ψευδῆ
1193 3301 1488 3380 ἀπέφηνεν;
1513 3302 1571 3359 οὗ
1597 3299 1786 3371 δήπου.
1851 3301 2078 3369 Τούτους

532 3388 745 3464 μέντοι,
766 3376 811 3445 J>
841 3385 1044 3466 ἄνδρες,
1073 3388 1162 3445 καὶ
1203 3387 1459 3453 τοιούτους
1485 3388 1684 3466 ἑτέρους
1717 3388 1909 3447 ἀδικεῖν
1953 3392 2077 3468 παρ’

535 3476 719 3544 ἑαυτῆς
755 3472 1094 3553 ἀποφηνάσης
1139 3478 1232 3544 τῆς
1277 3477 1467 3553 βουλῆς
1515 3476 1659 3549 ὑμεῖς
1692 3473 1946 3555 ἀφήκατε.
1984 3476 2076 3553 (aa)

535 3560 864 3619 Πολύευκτον
896 3560 950 3620 δὲ
974 3558 1058 3617 τὸν
1087 3560 1414 3633 Κυδαντίδην
1443 3564 1532 3619 τοῦ
1557 3560 1726 3638 δήμου
1754 3560 2079 3642 προστάξαν-

535 3673 621 3715 τος
657 3650 880 3719 ζητῆσαι
908 3644 1003 3718 τὴν
1037 3646 1258 3725 βουλήν,
1284 3650 1329 3706 εἰ
1366 3645 1673 3727 συνέρχεται
1716 3655 1820 3713 τοῖς
1856 3649 2077 3726 φυγάσιν

539 3739 611 3802 εἷς
664 3737 922 3815 Μέγαρα,
969 3734 1059 3793 καὶ
1107 3734 1406 3805 ζητήσασαν
1445 3737 1709 3816 ἀποφῆναι
1747 3735 1874 3814 πρὸς
1920 3738 2079 3811 ὑμᾶς,

539 3822 797 3903 ἀπέφηνεν
817 3827 851 3893 ἡ
877 3822 1038 3901 βουλὴ
1059 3822 1305 3882 συνιέναι.
1369 3822 1700 3900 Κατηγόρους
1729 3821 1923 3881 εἵλεσθε
1944 3822 2080 3881 κατὰ

535 3910 652 3977 τοὺς
679 3908 894 3985 νόμους,
929 3911 1162 3979 εἰσῆλθεν
1188 3912 1258 3975 εἰς
1301 3910 1362 3968 τὸ
1401 3909 1759 3986 δικαστήριον,
1795 3909 2081 3969 ἀπελύσαθ’

459 4014 514 4055 30
541 3998 712 4073 ὑμεῖς,
742 3998 1107 4072 ὁμολογοῦντος
1139 3996 1467 4053 Πολυεύκτου
1499 3995 1724 4073 βαδίζειν
1759 4000 1829 4062 εἷς
1853 3996 2080 4073 Μέγαρα

539 4087 609 4150 ὡς
632 4083 718 4141 τὸν
755 4082 1058 4162 Νικοφάνην
1077 4107 1088 4119 ·
1119 4083 1256 4161 ἔχειν
1282 4082 1382 4162 γὰρ
1412 4082 1508 4153 τὴν
1539 4086 1694 4142 αὑτοῦ
1726 4082 1927 4161 μητέρα
1968 4090 2083 4141 τοῦ·

539 4192 649 4230 τον.
733 4169 902 4228 Οὐδὲν
933 4160 1021 4227 οὖν
1058 4168 1249 4228 άτοπον
1278 4169 1394 4228 οὐδὲ
1433 4166 1592 4227 δεινὸν
1641 4167 1873 4248 ἐφαίνετο
1916 4170 2079 4227 ποιεῖν

537 4260 661 4333 ὑμῖν
703 4259 780 4336 τῷ
823 4261 917 4326 τῆς
966 4255 1160 4336 μητρὸς
1199 4255 1348 4335 ἀνδρὶ
1399 4254 1757 4332 διαλεγόμενος
1792 4255 2080 4333 ἠτυχηκότι

537 4342 630 4401 καὶ
654 4344 1010 4421 συνευπορῶν,
1037 4344 1152 4399 καθ’
1183 4340 1301 4401 ὅσον
1324 4342 1534 4409 δυνατὸς
1560 4334 1649 4418 ἦν,
1677 4342 2081 4423 ἀπεστερημένῳ

540 4433 634 4499 τῆς
677 4428 943 4508 πατρίδος.
989 4429 1080 4505 (ω)
1114 4427 1288 4499 Αὕτη,
1316 4428 1669 4505 Δημόσθενες,
1699 4432 1792 4499 τῆς
1835 4431 2019 4505 βουλῆς
2046 4434 2080 4500 ἡ

541 4514 802 4594 ἀπόφασις
855 4517 950 4574 οὐκ
994 4513 1278 4593 ἐξηλέγχθη
1325 4515 1517 4595 ψευδὴς
1555 4506 1714 4589 οὖσα,
1756 4517 1998 4585 ἀληθινῆς
2028 4516 2082 4574 δὲ

541 4604 702 4675 αὐτῆς
723 4604 877 4675 οὔσης
904 4602 1041 4672 ἔδοξε
1066 4600 1169 4669 τοῖς
1199 4604 1466 4669 δικασταῖς
1495 4602 1701 4683 ἀφιέναι
1729 4602 1814 4661 τὸν
1845 4602 2083 4663 Πολύευ-

460 4715 514 4753 ss
541 4713 688 4749 κτον·
708 4690 767 4749 τὸ
791 4688 883 4765 μὲν
911 4690 1012 4771 γὰρ
1045 4690 1228 4761 ἀληθὲς
1247 4694 1312 4772 τῇ
1340 4694 1500 4771 βουλῇ
1528 4690 1859 4770 προσετάχθη
1894 4694 2081 4763 ζητεῖν,

539 4778 599 4836 τὸ
627 4775 680 4834 δὲ
705 4776 1012 4853 συγγνώμης
1047 4775 1185 4845 ἄξιον
1204 4822 1220 4849 ,
1244 4776 1415 4855 φημί,
1445 4778 1503 4836 τὸ
1533 4778 1861 4857 δικαστήριον
1891 4778 2077 4853 ἔκρινε.

540 4864 642 4923 Διὰ
665 4868 812 4921 τοῦτο
840 4864 897 4921 οὗ
921 4862 1219 4921 πιστευτέον
1243 4867 1306 4941 τῇ
1339 4868 1500 4943 βουλῇ
1524 4864 1644 4943 περὶ
1670 4866 1772 4921 τῶν
1796 4864 2082 4939 γενομένων

543 4946 879 5027 ἀποφάσεσιν,
918 4945 1096 5019 ἐπειδὴ
1138 4946 1196 5006 σὲ
1232 4948 1320 5007 καὶ
1348 4948 1465 5015 τοὺς
1503 4948 1637 5024 μετὰ
1667 4956 1758 5008 σοῦ
1783 4948 1845 5007 τὸ
1869 4948 2082 5027 χρυσίον

542 5035 757 5113 ἔχοντας
784 5032 1160 5114 ἀποπέφαγκε,
1192 5033 1352 5094 δεινὸν
1384 5036 1526 5113 μέντ’
1558 5034 1619 5093 διν
1649 5034 1752 5106 εἴη.
1794 5036 1882 5113 (σο)
1907 5034 2083 5101 Δεῖξον

544 5122 646 5199 γὰρ
676 5130 782 5187 τοῖς
813 5121 1080 5188 δικασταῖς
1105 5122 1191 5194 σύ,
1210 5122 1552 5199 Δημόσθενες,
1580 5122 1686 5181 νυν)
1716 5124 1783 5189 ὥς
1806 5122 2001 5181 τούτων
2033 5148 2085 5182 τι

2152 816 2200 863 in
2234 829 2332 877 quo
2357 818 2553 880 quidam
2580 830 2712 881 spem
2738 819 3016 870 collocatam
3049 818 3226 869 habent
3245 854 3259 879 ,
3284 818 3533 869 evidenter
3564 832 3677 869 eom·

2062 931 2067 939 ·
2154 919 2440 980 prehensum
2462 920 2523 969 sit
2549 922 2789 985 corrumpi
2812 922 3161 985 largitionibus,
3184 922 3281 983 (54)
3318 920 3535 971 instituta
3574 922 3683 973 illius

2150 1020 2342 1073 concilii
2382 1024 2434 1072 et
2476 1023 2653 1073 veritas
2696 1022 2981 1085 eloquentiae
3022 1022 3357 1073 Demosthenis
3412 1020 3604 1081 cedent,
3642 1027 3683 1072 et

2156 1122 2393 1173 calumnia
2432 1135 2577 1185 quarn
2612 1125 2781 1173 eontra
2808 1125 3027 1174 senatum
3050 1122 3187 1173 illum
3219 1124 3565 1173 Demosthenes
3582 1125 3683 1173 alie-

2156 1230 2229 1273 ret
2260 1225 2461 1275 veritate
2506 1225 2612 1287 plus
2636 1226 2846 1276 valebit?
2882 1226 3020 1277 Dicet
3062 1224 3189 1276 enim
3228 1228 3455 1275 senatum
3478 1224 3683 1275 detulisse

2156 1326 2335 1377 multos
2356 1330 2411 1377 ιιι
2436 1327 2485 1377 in
2510 1328 2738 1391 populum
2776 1327 3002 1390 injurios,
3026 1328 3109 1390 qui
3134 1326 3182 1376 in
3218 1326 3403 1388 iudicio
3445 1326 3539 1375 sint
3566 1326 3683 1375 abso-

2158 1431 2275 1492 luti,
2307 1444 2363 1481 ac
2406 1434 2623 1483 senatum
2658 1432 2709 1482 in
2750 1432 3035 1495 quibusdam
3088 1432 3311 1495 quintam
3365 1430 3680 1492 suffragiorum

2159 1534 2343 1595 partem
2366 1546 2463 1583 non
2480 1534 2660 1585 tulisse.
2690 1537 2795 1585 Hoc
2816 1546 2932 1585 vero
2954 1547 3051 1597 quo
3073 1535 3212 1595 pacto
3238 1532 3323 1581 fiat
3346 1568 3363 1591 ,
3388 1532 3525 1581 facile
3538 1546 3683 1581 omnes

2158 1635 2470 1696 cognoscetis.
2503 1634 2601 1697 (55)
2626 1637 2829 1684 Senatus
2852 1634 3050 1696 inquirit
3072 1646 3127 1683 ea
3162 1645 3273 1695 qun
3302 1632 3529 1682 mandata
3544 1638 3684 1683 sunta

2160 1736 2296 1785 vobis
2330 1740 2380 1785 et
2414 1736 2539 1799 apud
2580 1748 2631 1785 se
2652 1736 2905 1785 commissa
2935 1735 3170 1793 facinora,
3196 1746 3293 1783 non
3324 1736 3382 1783 ιιι
3414 1734 3683 1795 vos(neque

2162 1848 2277 1885 vero
2300 1836 2417 1885 mihi
2446 1836 2749 1898 irascamini)
2779 1834 3045 1897 diiudicare
3075 1834 3315 1884 interdurn
3342 1834 3536 1895 soletis,
3564 1835 3681 1885 mise·

2161 1936 2379 1987 ricordioe
2425 1936 2585 1998 polius
2630 1948 2775 1997 quam
2813 1936 3011 1997 justitiae
3057 1936 3289 1985 rationem
3326 1935 3578 1996 babentes,
3616 1936 3683 1985 sed

2160 2034 2435 2097 simpliciter
2474 2048 2587 2085 eum
2630 2034 2783 2085 defert
2820 2035 2903 2097 qui
2946 2034 3253 2097 inquisitione
3292 2039 3485 2084 tenetur
3518 2038 3563 2085 et
3586 2050 3681 2095 quo-

2174 2131 2507 2193 modocunque
2542 2131 2693 2193 patria
2720 2131 2937 2180 instituta
2964 2130 3195 2191 violavit,
3223 2130 3507 2181 existimans
3530 2132 3617 2180 fore
3640 2134 3683 2179 ιιι

2161 2226 2204 2275 is
2228 2226 2312 2289 qui
2340 2226 2498 2289 parvis
2521 2226 2569 2276 in
2606 2227 2747 2276 rebus
2771 2226 3048 2289 delinquere
3066 2227 3335 2278 assueverit
3358 2226 3493 2277 iacile
3516 2226 3571 2276 ad
3602 2242 3679 2275 ma-

2158 2322 2263 2383 iora
2302 2322 2507 2373 facinora
2554 2323 2840 2385 impellatur.
2891 2323 2990 2385 (56)
3018 2326 3183 2385 anue
3216 2322 3279 2373 do
3308 2335 3455 2373 unsa
3484 2322 3680 2384 collegam

2162 2431 2335 2479 snum,
2366 2418 2449 2483 qui
2474 2420 2752 2481 portitorem
2786 2420 2932 2469 naulo
2972 2418 3241 2477 fraudant,
3264 2419 3547 2483 mulctatum
3577 2419 3679 2479 apud

2163 2528 2249 2563 vos
2272 2514 2470 2576 detulit3
2498 2528 2661 2565 rursus
2682 2528 2797 2564 eum
2822 2514 2969 2565 etiem
2992 2515 3075 2577 qui
3096 2516 3311 2577 quinque
3341 2514 3585 2563 drachmas
3612 2528 3681 2563 no-

2164 2611 2293 2661 mine
2314 2610 2523 2661 absentis
2544 2609 2834 2673 postularat,
2860 2609 2986 2673 apud
3016 2620 3102 2660 vos
3120 2609 3327 2672 detulit;
3350 2622 3463 2658 eum
3490 2610 3590 2657 item
3612 2612 3678 2669 qui

2166 2708 2427 2770 portionem
2450 2706 2822 2770 Areopagiticam
2851 2710 3017 2755 eontra
3040 2704 3276 2766 maiorum
3306 2718 3490 2753 morem
3509 2704 3681 2751 vendere

2163 2819 2257 2856 non
2288 2806 2557 2867 dubitarat,
2584 2805 2750 2855 eodem
2792 2804 2936 2854 modo
2968 2804 3254 2855 mulctatum
3297 2805 3455 2865 ejecit.
3488 2804 3578 2866 (57)
3608 2806 3679 2853 Eos

2166 2924 2252 2959 vos
2274 2922 2416 2961 causa
2444 2910 2633 2973 cognita
2660 2906 2932 2958 absolvistis
2948 2942 2964 2967 ‚
2992 2920 3089 2957 non
3114 2921 3211 2969 quo
3234 2906 3473 2957 mendacii
3495 2909 3678 2956 senatum

2166 3014 2460 3077 argueretis,
2505 3014 2587 3063 sed
2633 3014 2747 3076 quia
2790 3013 3097 3063 humanitatis
3138 3010 3299 3072 potius
3344 3020 3489 3070 qnam
3536 3007 3677 3055 ειιιιιιιιι
3778 3042 3780 3054 .

2164 3112 2282 3172 juris
2306 3110 2535 3161 rationem
2568 3108 2842 3169 ducebatis,
2875 3105 3103 3169 qnodque
3130 3104 3423 3167 supplicium
3442 3102 3632 3153 admisso
3653 3114 3674 3147 a

2168 3208 2261 3255 reis
2296 3204 2505 3255 facinore
2542 3204 2734 3265 gravius
2776 3202 3031 3265 putabatis.
3102 3198 3347 3263 Numquid
3372 3212 3508 3261 ergo,
3538 3202 3677 3247 Demo·

2168 3298 2386 3357 sthenes,
2412 3298 2583 3348 salsum
2620 3296 2851 3346 indicium
2876 3296 2989 3346 fecit
3012 3298 3237 3346 senatus?
3270 3298 3383 3345 Non
3408 3296 3579 3355 utique.
3600 3294 3679 3341 llos
3776 3302 3778 3307 ·

2168 3393 2307 3453 igitur
2348 3395 2399 3443 et
2436 3392 2553 3443 alios
2599 3392 2779 3442 similes
2818 3394 2873 3441 ut
2916 3388 3116 3453 injurios
3154 3404 3184 3440 a
3216 3392 3386 3440 senatu
3414 3390 3583 3440 delatos
3610 3399 3679 3433 ros

2169 3487 2451 3537 absolvistis,
2496 3487 2595 3549 (58)
2642 3487 2963 3549 Polyeuctnm
2998 3499 3140 3548 porro
3180 3484 3524 3546 cydanudam,
3552 3493 3677 3543 quam
3774 3516 3776 3519 ⁴

2175 3584 2381 3647 populus
2404 3584 2638 3646 inquirere
2656 3586 2875 3633 senatum
2897 3584 3146 3645 jussisset,
3174 3585 3339 3632 utrum
3362 3582 3545 3642 Megara
3566 3590 3611 3627 se
3630 3576 3677 3623 ad

2176 3681 2365 3730 exsules
2408 3680 2644 3730 conterret
2660 3684 2834 3742 ,atque
2866 3692 2919 3729 re
2952 3678 3195 3741 explorata
3235 3676 3421 3728 deterre
3448 3673 3565 3737 apud
3588 3684 3677 3727 vos,
3772 3750 3774 3753 Δ

2172 3775 2403 3825 indicavit
2432 3787 2533 3824 rem
2570 3774 2638 3824 ita
2664 3787 2715 3824 se
2739 3773 2932 3823 habere.
2964 3774 3277 3823 Accusatores
3304 3769 3537 3831 delegistis
3556 3780 3607 3815 ex
3626 3764 3677 3813 le·
3772 3770 3774 3795 ¹

2170 3872 2307 3933 gibus
2324 3908 2340 3934 ‚
2360 3872 2409 3921 in
2436 3870 2669 3933 judicium
2698 3870 2829 3921 venit
2844 3906 2860 3932 ,
2882 3883 2969 3919 vos
2992 3868 3263 3919 absolvistis
3278 3904 3295 3927 ,
3322 3866 3534 3931 quamvis
3555 3862 3677 3911 conli-

2171 3970 2353 4019 teretur
2382 3968 2665 4030 Polyeuctns
2696 3981 2749 4017 se
2774 3968 2894 4017 itare
2926 3970 3119 4029 Megara
3152 3966 3211 4014 ad
3242 3964 3588 4027 Nicoplianem,
3616 3958 3677 4007 cui

2170 4074 2323 4119 mater
2360 4080 2445 4117 sua
2482 4072 2631 4130 nupta
2654 4070 2796 4118 esset.
2830 4066 2959 4116 Niliii
2998 4065 3141 4127 igitur
3168 4064 3303 4113 vobis
3342 4060 3585 4113 absurdum
3612 4058 3679 4103 aut
3770 4096 3772 4128 ᾖ

2170 4175 2312 4226 grave
2346 4164 2646 4213 committere
2692 4162 2823 4227 risus
2854 4167 2957 4222 est,
2986 4161 3025 4209 si
3070 4172 3181 4209 cum
3212 4159 3380 4208 matris
3404 4168 3501 4207 suae
3534 4151 3675 4202 marito

2171 4258 2523 4319 colloqueretur
2566 4256 2836 4306 “tenuitate
2857 4255 3129 4305 conflictato
3148 4290 3165 4315 ,
3188 4256 3239 4304 et
3276 4252 3429 4315 patria
3468 4250 3673 4313 privatum

2171 4367 2259 4417 pro
2280 4366 2365 4404 sua
2404 4352 2527 4401 virili
2560 4355 2693 4415 parte
2713 4352 2999 4402 sublevaret.
3045 4350 3145 4415 (59)
3184 4353 3306 4412 noc,
3342 4345 3674 4399 Demosthenes,
3768 4328 3770 4337 ¹

2171 4456 2359 4503 senatus
2381 4450 2606 4501 indicium
2638 4462 2735 4499 non
2758 4454 2833 4501 est
2868 4449 3086 4499 talsitatis
3122 4448 3401 4499 convictum
3414 4478 3431 4506 ‚
3454 4442 3532 4493 sed
3552 4450 3675 4502 quum

2172 4560 2337 4599 verum
2360 4550 2507 4607 esset,
2530 4549 2693 4597 tamen
2728 4544 2971 4607 judicibus
2994 4544 3173 4607 placuit
3202 4543 3445 4593 absolvere
3472 4539 3672 4599 Polyeuc·
3766 4580 3768 4616 ὲ

2170 4646 2309 4705 ιιιιιι;
2334 4656 2447 4694 nam
2486 4642 2675 4693 senatui
2717 4641 2911 4705 quidem
2946 4639 3227 4690 mandatum
3266 4639 3419 4689 ruerat
3456 4632 3671 4694 exquirere

2172 4752 2367 4799 verum,
2392 4738 2441 4787 id
2484 4750 2599 4787 vero
2632 4736 2817 4799 jndices
2853 4738 2991 4787 venia
3029 4735 3225 4797 dignum
3263 4748 3365 4785 ease
3406 4731 3671 4783 censuerunt.
3764 4768 3766 4792 ÷

2174 4838 2423 4898 Propterea
2446 4834 2591 4896 igitur
2612 4834 2797 4883 senatui
2826 4833 2889 4882 de
2921 4832 3059 4882 tactis
3082 4832 3267 4881 indiciis
3292 4843 3385 4879 non
3408 4832 3479 4878 est
3502 4822 3671 4874 credes·

2171 4932 2316 4994 dum,
2340 4909 2651 4994 posteaquam
2674 4932 2725 4980 te
2750 4931 2800 4979 et
2829 4929 3041 4992 gregales
3065 4934 3173 4979 tuos
3200 4938 3369 4977 aurum
3386 4924 3549 4974 trabere
3568 4916 3667 4967 indi·
3762 4964 3764 4997 ἓ

2172 5029 2299 5079 cavit
2330 5029 2589 5090 ?lniquum
2616 5028 2827 5091 profecto
2869 5027 3024 5076 inerit.
3052 5026 3153 5088 (60)
3184 5023 3431 5075 ostendito
3458 5019 3570 5069 enlm
3605 5018 3669 5067 ιιι,
3762 4998 3764 5009 '

2172 5129 2513 5180 Demosthenes
2528 5164 2543 5189 ,
2576 5129 2623 5177 in
2646 5127 2737 5177 hac
2754 5139 2895 5177 causa
2916 5138 3081 5177 eorum
3103 5125 3186 5188 qui
3211 5122 3499 5185 deliquerunt
3516 5115 3667 5165 facinus
3760 5182 3762 5187 1

546 5211 648 5269 τῶν
677 5207 1061 5287 ἡμαρτηκότων
1087 5207 1263 5287 ὅμοιόν
1309 5212 1420 5268 ἔστι
1463 5218 1565 5277 τοῖς
1612 5219 1716 5275 σοῖς
1757 5210 2077 5286 ἀδικήματι,
2175 5224 2365 5289 aliquod
2402 5226 2499 5274 iuis
2529 5238 2629 5276 esse
2666 5224 2821 5275 simun
2860 5224 3041 5285 injinriis
3109 5226 3191 5271 aui
3228 5221 3361 5270 venia
3388 5218 3561 5279 dignum
3584 5219 3667 5259 esse
3760 5198 3762 5238 Ξ
