3825 5834
537 424 649 500 utu

1110 582 1508 644 ΠΡΟΟΙΜῙΑ.

1289 704 1339 759 3.

612 780 913 871 Athenaeus
944 814 991 873 X
1014 855 1031 888 ,
1058 833 1118 888 p.
1158 812 1293 883 416,
1324 814 1361 869 A
1399 829 1409 867 :
1441 806 1807 891 Θρασύμαχος
1830 808 1875 865 δ’
1896 808 1926 865 ὁ
1950 804 2100 867 Χαλ-

532 901 769 974 κηδόνιος
794 898 848 959 ἔν
872 924 975 959 τινι
1004 902 1109 959 τῶν
1138 898 1428 977 προοιμίων
1448 897 1535 955 τὸν
1554 891 1922 979 Τιμοκρέοντά
1939 914 2098 971 φησιν

530 993 606 1056 ὡς
650 989 817 1065 μέγαν
852 988 1076 1069 βασιλέα
1114 986 1429 1067 ἀφικόμενον
1459 985 1553 1045 καὶ
1590 982 1909 1059 ξενιζόμενον
1967 983 2094 1060 παρ’

534 1082 675 1157 αὐτῷ
699 1076 871 1139 πολλὰ
894 1081 1251 1161 ἐμφορεῖσθαι.
1302 1073 1606 1151 Πυθομένου
1630 1072 1689 1134 δὲ
1714 1076 1805 1131 τοῦ
1840 1070 2099 1150 βασιλέως

534 1166 566 1223 ὅ
590 1190 639 1225 τι
662 1166 767 1226 ἀπὸ
786 1166 982 1227 τούτων
1012 1165 1303 1246 ἐργάζοιτο,
1326 1156 1439 1223 εἶπε
1464 1164 1687 1241 Περσῶν
1713 1160 2098 1240 ἀναριθμήτους

536 1253 835 1333 συγκόψειν.
924 1252 1036 1315 Καὶ
1063 1258 1129 1333 τῇ
1160 1251 1409 1331 ὑστεραίᾳ
1438 1250 1663 1317 πολλοὺς
1688 1247 1806 1309 καθ’
1832 1247 1926 1309 ἕνα
1945 1247 2096 1319 νική-

536 1364 630 1407 σας
658 1343 793 1417 μετὰ
822 1346 977 1401 τοῦτο
1003 1340 1398 1420 δχειρονόμησε.
1486 1338 1891 1416 Πυνθανομίνου
1914 1335 1970 1397 δὲ
2002 1336 2099 1408 τὴν

536 1429 796 1507 πρόφασιν
818 1428 1196 1488 ἀπολείπεσθαι
1226 1427 1323 1508 ἔφη
1354 1426 1645 1502 τοσαύτας,
1669 1428 1715 1485 εἰ
1751 1424 1962 1507 προσίοι
1985 1447 2062 1491 τις
2081 1468 2098 1501 ,

533 1516 757 1592 πληγάς.

1000 1622 1311 1683 ΜΕΓΑΛΗ
1356 1622 1631 1682 ΤΕΧΝΗ.

1295 1746 1350 1804 lt.

615 1845 807 1903 Schol.
852 1846 1141 1920 Aristoph.
1174 1846 1283 1903 Av.
1334 1844 1449 1902 880
1498 1866 1509 1900 :
1548 1844 1783 1923 ΙΙῦχοντο
1810 1846 1913 1925 γὰρ
1942 1844 2100 1917 Ἀθη-

536 1939 673 1989 ναῖοι
721 1934 867 2009 κοινῇ
915 1932 1002 1990 ἐπὶ
1048 1934 1149 1989 τῶν
1193 1937 1382 1991 θυσιῶν
1436 1936 1637 2000 ἑαυτοῖς
1683 1958 1739 1993 τε
1787 1934 1877 1992 καὶ
1916 1934 2098 2006 Χίοις,

536 2018 719 2091 ἐπειδὴ
765 2019 1003 2097 ἔπεμπον
1033 2023 1082 2079 οἱ
1126 2022 1248 2081 Χῖοι
1279 2021 1592 2101 συμμάχους
1634 2024 1706 2088 εἷς
1743 2020 1992 2095 Ἀθήνας,
2019 2022 2103 2083 ὅτε

536 2108 688 2185 χρεία
720 2106 952 2186 πολέμου
1006 2114 1232 2189 προσῆν,
1279 2112 1521 2189 καθάπερ
1568 2111 1887 2187 Θεόπομπος
1941 2114 1993 2171 ἐν
2030 2116 2104 2191 τῷ

540 2194 608 2253 ιδ’
632 2200 733 2254 τῶν
766 2198 1109 2256 Φιλιππικῶν
1140 2220 1297 2277 φησιν
1332 2197 1518 2266 οὕτως·
1546 2226 1571 2251 α
1598 2202 1671 2261 Οἱ
1712 2200 1767 2258 δὲ
1798 2200 1987 2261 πολλοὶ
2013 2208 2104 2261 τοῦ

540 2311 563 2336 ιι
607 2290 776 2342 ταῦτα
811 2286 1059 2364 πράττειν
1081 2288 1327 2366 ἀπεῖχον·
1356 2286 1493 2346 ὥστε
1514 2287 1606 2356 τὰς
1635 2288 1789 2369 εὐχὰς
1814 2288 1990 2357 κοινὰς
2016 2290 2105 2349 καὶ

540 2401 563 2425 «ι
610 2374 729 2451 περὶ
760 2375 969 2433 ἐκείνων
1000 2374 1091 2433 καὶ
1117 2378 1260 2456 σφῶν
1286 2378 1461 2434 αὐτῶν
1489 2380 1790 2451 ἐποιοῦντο,
1812 2378 1903 2437 καὶ
1937 2379 2106 2437 σπέν-

540 2489 563 2515 a
611 2464 781 2529 δοντες
825 2463 913 2522 ἐπὶ
954 2464 1071 2529 ταῖς
1108 2464 1309 2531 θυσίαις
1343 2473 1459 2531 ταῖς
1513 2466 1855 2543 δημοτελέσιν
1913 2466 2108 2545 ὁμοίως

542 2577 563 2599 ι
610 2550 835 2628 ηὔχοντο
861 2552 967 2619 τοῖς
1008 2556 1140 2619 θεοῖς
1165 2552 1317 2620 Χίοις
1340 2552 1537 2612 διδόναι
1561 2552 1769 2631 τάγαθὰ
1810 2555 1903 2613 καὶ
1933 2554 2106 2635 σφίσιν

542 2666 564 2687 2«
610 2640 805 2704 αὐτοῖς.
850 2662 970 2699 ι...
1009 2640 1094 2700 Τὰ
1117 2639 1249 2698 αὐτὰ
1273 2648 1377 2707 τοῖς
1400 2639 1733 2719 Θεοπόμπου
1767 2640 1859 2699 καὶ
1892 2642 2109 2721 Θρασύ-

542 2724 713 2804 μαχός
738 2747 893 2804 φησιν
926 2730 979 2785 ἐν
1011 2732 1077 2805 τῇ
1111 2728 1317 2809 μεγάλῃ
1346 2726 1533 2808 τέχνῃ.
1624 2726 1693 2788 ‘O
1717 2730 1771 2787 δὲ
1796 2728 2111 2811 Ὑπερείδης

542 2816 593 2871 ἐν
628 2816 702 2893 τῷ
732 2814 922 2893 Χιακῷ
954 2816 1191 2891 (Χαλκῷ
1233 2820 1432 2889 codd.;
1466 2840 1577 2879 em.
1606 2818 1881 2898 Boeckh.)
1912 2821 2003 2883 καὶ
2032 2820 2109 2879 ὅτι

543 2903 665 2961 Χῖοι
688 2894 913 2981 ηὔχοντο
940 2902 1227 2978 Ἀθηναίοις
1252 2907 1567 2979 δεδήλωκεν.

1302 3021 1335 3079 5

624 3118 784 3173 Plato
815 3115 1040 3177 Phaedr.
1079 3138 1139 3193 p.
1186 3118 1321 3191 267,
1352 3120 1397 3175 C
1443 3136 1459 3174 ε
1490 3118 1615 3177 Τῶν
1657 3140 1716 3196 γε
1750 3120 1855 3195 μὴν
1906 3123 2111 3201 οἰκτρο·

546 3203 679 3279 γόων
706 3204 791 3262 ἐπὶ
814 3208 983 3283 γῆρας
1006 3205 1095 3263 καὶ
1124 3206 1307 3263 πενίαν
1332 3206 1628 3283 ἑλκομένων
1654 3207 1824 3286 λόγων
1850 3232 2113 3290 κεκρατη-

549 3290 699 3351 κέναι
726 3292 883 3372 τέχνῃ
921 3316 1011 3369 μοι
1040 3292 1281 3372 φαίνεται
1310 3294 1372 3353 τὸ
1396 3302 1489 3356 τοῦ
1518 3296 1890 3369 Χαλκηδονίου
1921 3300 2112 3367 σθένος·

548 3380 754 3462 ὀργίσαι
803 3404 857 3439 τε
888 3372 955 3440 αὗ
1000 3381 1225 3449 πολλοὺς
1273 3383 1386 3462 ἅμα
1430 3385 1591 3453 δεινὸς
1634 3386 1767 3467 ἁνὴρ
1798 3388 1974 3467 γέγονε
2023 3390 2114 3449 καὶ

550 3470 709 3527 πάλιν
750 3496 774 3522 ι
810 3470 1151 3549 ὠργισμένοις
1178 3472 1388 3553 ἐπᾴδων
1422 3475 1636 3547 κηλεῖν,
1664 3506 1687 3528 a
1722 3480 1796 3542 ὡς
1822 3476 1954 3557 ἔφη·
1999 3478 2114 3537 δια-

1166 3642 1405 3689 PROOEM
1414 3642 1427 3687 Ι
1436 3646 1469 3689 Α
1478 3676 1489 3689 .

1304 3730 1352 3777 3.

608 3802 993 3864 Thrasymachus
1018 3802 1368 3853 Chalcedonius
1396 3804 1441 3853 in
1486 3807 1725 3855 Pron-mio
1766 3807 1928 3870 aliquo
1957 3810 2116 3859 Timo-

549 3878 791 3921 creontem
818 3872 935 3921 dicit
956 3908 969 3931 ,
996 3888 1149 3935 quum
1186 3874 1245 3923 ad
1274 3888 1495 3934 magnum
1522 3892 1678 3938 regem
1702 3880 1926 3939 venisset,
1953 3882 2118 3929 convi-

550 3943 629 3990 vio
662 3942 723 3991 ab
753 3956 810 3990 eo
846 3948 1101 4004 exceptum
1140 3945 1305 3993 multis
1330 3946 1449 3993 cibis
1479 3948 1745 4008 implevisse
1767 3950 1853 3998 sibi
1884 3954 2116 4000 ventrem.

550 4017 879 4074 luten-ogante
901 4020 1065 4063 autem
1091 4028 1199 4077 rege
1218 4016 1335 4077 quid
1357 4020 1464 4079 post
1485 4018 1591 4066 haec
1618 4018 1819 4081 faceret,
1842 4021 2120 4071 innumeros

554 4088 716 4133 Persas
739 4096 791 4133 se
814 4088 1129 4134 contusarum
1164 4084 1306 4137 dixit.
1342 4090 1401 4135 Et
1426 4089 1655 4149 postridie
1694 4090 1860 4140 multis
1895 4090 2122 4157 deinceps

552 4155 813 4203 rer-tamine
856 4154 1084 4217 devictis,
1119 4158 1341 4206 manibus
1373 4158 1547 4209 deinde
1585 4161 1871 4221 gesticulans
1910 4164 2120 4215 saltavit.

556 4228 865 4287 Rogatnsque
892 4226 1007 4287 quid
1037 4240 1093 4275 ea
1134 4226 1491 4285 gesticulatione
1527 4231 1617 4279 sibi
1658 4232 1826 4292 vellet,
1860 4234 2121 4297 respondit,

554 4300 625 4347 tot
653 4297 805 4358 ictus,
831 4297 870 4345 si
894 4296 1003 4359 quis
1032 4310 1174 4360 porro
1204 4299 1421 4361 progredi
1452 4302 1612 4362 vellet,
1641 4315 1901 4367 superesse.

968 4411 1183 4460 MAGNA
1216 4414 1331 4462 Ans
1362 4414 1702 4465 onaToRtA.

616 4567 926 4617 Athenienses
966 4567 1014 4616 in
1043 4568 1288 4618 sacrificiis
1322 4570 1412 4621 sibi
1458 4570 1702 4633 simulque
1744 4575 1879 4623 Chiis
1919 4576 2124 4625 salutem

556 4638 888 4699 precabantur,
907 4638 1137 4699 qnoniam
1150 4640 1257 4689 chii
1268 4641 1424 4690 socios
1438 4642 1649 4691 Athenas
1666 4644 1918 4694 mittebant
1933 4646 2126 4707 quamdo

558 4709 669 4758 helli
696 4722 813 4757 usus
839 4709 885 4757 id
912 4712 1141 4771 exigeret,
1168 4712 1294 4761 sicut
1320 4712 1663 4774 Theopompus
1688 4714 1774 4773 (t'r.
1812 4716 1919 4772 115)
1945 4716 2117 4767 ‹luode-

557 4782 681 4828 «imo
702 4780 1074 4843 Philippicorum
1092 4782 1216 4829 libro
1236 4782 1303 4832 ait
1326 4784 1487 4833 verbis
1508 4784 1637 4833 hisce
1661 4799 1672 4831 ε
1700 4804 1723 4828 a
1747 4786 1946 4835 Plurimi
1965 4794 2126 4838 autem

559 4852 620 4900 ab
642 4852 721 4900 his
748 4851 975 4903 faciendis
1005 4852 1337 4913 abstinebant,
1360 4854 1480 4903 adeo
1504 4858 1559 4903 ut
1588 4868 1868 4906 communes
1892 4859 1942 4907 et
1965 4870 2049 4920 pro
2075 4859 2128 4908 il-

560 4923 620 4971 lis
647 4923 698 4971 et
726 4936 813 4984 pro
844 4936 897 4973 se
925 4924 1036 4983 ipsis
1060 4936 1225 4986 preces
1249 4924 1483 4985 facerent,
1514 4930 1661 4989 atque
1690 4927 1942 4979 libationes
1967 4931 2013 4980 in
2039 4944 2126 4995 pu·

565 4992 699 5040 hliris
718 4994 959 5042 sacrificiis
981 4994 1287 5045 instituentes
1311 4996 1529 5047 similiter
1547 4998 1662 5047 deos
1682 5005 1988 5060 precarentur
2011 5007 2132 5052 utet

564 5063 700 5112 Chiis
740 5063 865 5113 bona
906 5064 1075 5114 clarent
1108 5072 1156 5115 et
1185 5067 1272 5116 sibi
1307 5068 1434 5130 ipsis.
1472 5088 1557 5117 υ...
1604 5068 1782 5119 Eadem
1830 5072 1935 5120 lia-c
1973 5076 2129 5123 'l'heo-

543 5134 727 5195 ·pompi
753 5134 895 5183 etiam
915 5136 1304 5199 'Thrasymachus
1323 5140 1439 5189 ‹licit
1462 5139 1509 5189 in
1530 5142 1700 5201 Magna
1720 5142 1836 5190 arte.
1866 5144 2132 5205 Hyperides

566 5216 685 5253 vero
718 5205 767 5253 in
804 5206 979 5256 Chiaca
1004 5212 1219 5258 oratione
1245 5210 1388 5260 Chios
1416 5224 1609 5274 quoque
1651 5226 1736 5274 pro
1765 5214 2132 5267 Atheniensibus

570 5278 783 5336 precatos
812 5290 913 5328 esse
942 5278 1165 5341 prodidit.

1842 444 2401 511 THRASYMACHt
2422 487 2437 514 ,

2191 568 2404 627 Βάλλειν
2435 588 2493 626 τε
2533 564 2622 625 καὶ
2654 565 3019 624 ἀπολύσασθαι
3059 562 3312 645 διαὸολὰς
3349 564 3528 637 δθενδὴ
3553 568 3712 645 κράτι·

2188 680 2324 725 στος.
2349 658 2605 714 Hermias
2623 656 2698 713 ad
2723 658 2782 713 h.
2815 658 2854 711 l.
2877 676 2938 731 p.
2975 674 3084 731 ¹9²
3108 658 3256 727 Ast„
3281 674 3341 732 p.
3361 658 3508 727 7oin
3527 658 3712 717 Anecd.
3751 693 3753 759 γ

2187 745 2545 804 SiebenkeeS.
2573 760 2590 802 t
2617 741 2686 802 ‘O
2712 741 2816 821 γὰρ
2845 742 3239 815 Χαλκηδόνιος,
3267 740 3531 801 τουτέστιν
3553 745 3714 822 bops-
3751 766 3753 785 ³

2189 834 2428 913 σύμαχος
2448 876 2466 905 ,
2487 836 2658 891 ταῦτα
2687 830 2916 900 ἐδίδαξεν
2937 876 2956 906 ,
2983 833 3056 899 ὣς
3091 833 3172 890 δεῖ
3199 820 3374 891 οἶκτον
3415 830 3606 907 ἐγεῖραι
3635 834 3714 887 τῶν

2189 924 2450 982 δικαστῶν
2479 919 2571 979 καὶ
2599 922 2926 981 ἐπισπᾶσθαι
2946 920 3092 981 ἔλεον
3111 962 3130 993 ,
3153 922 3350 1000 γῆρας,
3375 917 3576 993 πενίαν,
3591 919 3714 977 τέκνα
3753 939 3755 997 l

2199 1010 2586 1090 ἀποδυρόμενον
2610 1008 2702 1069 καὶ
2723 1007 2790 1067 τὰ
2823 1008 2998 1085 ὅμοια.

2265 1100 2505 1174 Quintil.
2529 1102 2665 1161 Inst.
2685 1110 2830 1157 orat.
2851 1102 2960 1157 111.
2989 1120 3045 1171 1,
3073 1117 3144 1155 ια
3168 1116 3186 1161 2
3207 1100 3418 1155 Horum
3443 1098 3574 1174 (τῶν
3595 1098 3716 1173 λογο·

2195 1186 2460 1247 δαιδάλων
2503 1208 2650 1263 quos
2674 1190 2835 1245 Plato
2865 1188 3040 1264 dicit)
3069 1194 3247 1264 primi
3271 1208 3582 1245 communes
3607 1192 3716 1243 lorus

2189 1291 2456 1334 tractasse
2490 1280 2754 1333 dicuntur
2787 1278 3132 1351 Protagoras
3145 1318 3161 1345 ,
3195 1278 3460 1349 Gorgias,
3513 1274 3718 1348 affectio

2188 1366 2460 1420 Prodicus
2490 1377 2547 1421 ee
2565 1366 2810 1440 Hippias
2849 1376 2907 1420 ee
2941 1366 3088 1423 idem
3131 1367 3482 1437 Protagoras
3501 1378 3556 1421 et
3577 1366 3718 1419 Thra·

2188 1452 2510 1525 symachus.

2269 1627 2556 1681 Plutarch.
2589 1628 2700 1697 Qu.
2725 1627 2903 1684 Conv.
2927 1626 2989 1702 1,
3032 1643 3088 1695 α,
3115 1626 3222 1694 111,
3251 1643 3310 1699 p.
3333 1624 3476 1695 616,
3501 1627 3548 1681 t:
3571 1644 3585 1681 t
3613 1622 3720 1682 Ἀλλ’

2191 1712 2300 1771 οὐδ’
2323 1711 2539 1792 εὐχερὴς
2560 1717 2596 1785 ἡ
2625 1711 2884 1788 διάκρισίς
2912 1713 3047 1782 ἐστι,
3079 1713 3182 1769 τῶν
3207 1712 3304 1789 μὲν
3323 1710 3504 1791 ἡλικίᾳ
3521 1756 3536 1783 ,
3558 1718 3649 1770 τῶν
3679 1710 3720 1768 δὲ

2194 1800 2444 1877 δυνάμει,
2473 1802 2578 1859 τῶν
2606 1799 2660 1857 δὲ
2679 1798 2862 1879 χρείᾳ,
2881 1804 2989 1859 τῶν
3012 1797 3059 1856 δ’
3079 1801 3358 1870 οἰκειότητι
3387 1800 3717 1881 διαφερόντων·

2199 1886 2337 1945 ἀλλὰ
2359 1886 2469 1964 δεῖ,
2499 1886 2744 1966 καθάπερ
2767 1886 3012 1945 ὑπόθεσιν
3037 1887 3338 1963 μελετῶντα
3375 1886 3688 1966 συγκριτικήν
3705 1931 3716 1952 ,

2196 1974 2314 2041 τοὺς
2336 1974 2728 2055 Ἀριστοτέλους
2757 1972 2948 2041 τόπους
2967 1973 3004 2047 ἢ
3030 1974 3150 2041 τοὺς
3185 1974 3554 2054 Θρασυμάχου
3589 1979 3720 2049 ὓπερ-

2197 2063 2486 2131 6άλλοντας
2505 2064 2645 2143 ἔχειν
2669 2063 2974 2144 προχείρους
2988 2109 3004 2141 ,
3027 2063 3174 2121 οὐδὲν
3197 2067 3299 2125 τῶν
3328 2062 3602 2142 χρησίμων
3623 2064 3709 2119 διι-

2194 2149 2553 2231 πραττόμενον
2577 2198 2592 2227 ,
2617 2150 2754 2209 ἀλλὰ
2775 2152 2872 2222 τὴν
2897 2154 3053 2223 κενὴν
3077 2151 3230 2220 δόξαν
3256 2153 3316 2211 ἐκ
3337 2156 3440 2223 τῆς
3461 2153 3634 2229 ἀγορᾶς
3656 2147 3722 2204 καὶ

2197 2244 2302 2298 τῶν
2335 2238 2564 2319 θεάτρων
2593 2241 2667 2307 εἷς
2694 2238 2762 2299 τὰ
2784 2238 3054 2314 συμπόσια
3077 2240 3402 2319 μετάγοντα.
3429 2267 3456 2291 ι
3475 2244 3528 2301 J.
3545 2240 3724 2297 Geelius

2197 2330 2235 2390 l.
2267 2330 2328 2387 d.
2386 2350 2445 2405 p.
2481 2330 2598 2387 206
2636 2350 2722 2405 sq.
2755 2332 2908 2386 hunc
2956 2332 3300 2407 singularem
3341 2331 3553 2387 librum
3597 2330 3724 2383 fuiscae

2197 2419 2568 2495 opinabatur.
2621 2418 2734 2475 Sed
2781 2438 2912 2475 cum
2941 2418 3282 2476 Plutarchus
3317 2438 3424 2476 eos
3453 2418 3724 2475 Aristotelis
3765 2405 3767 2459 }

2195 2507 2336 2564 locis
2363 2508 2756 2583 composuerit
2773 2549 2790 2578 ,
2819 2519 3062 2583 apparet
3089 2526 3190 2563 eos
3215 2508 3389 2564 fuisse
3411 2510 3565 2563 locos
3589 2502 3724 2561 artili-

2198 2600 2350 2653 ciose
2377 2598 2729 2672 excogitatos
2751 2639 2768 2668 ,
2795 2599 3005 2672 quibus
3031 2600 3354 2674 praestantia
3387 2596 3623 2653 hominis
3647 2595 3726 2649 ali·
3768 2652 3769 2665 γ

2199 2684 2362 2759 cujus
2385 2688 2474 2741 vel
2505 2688 2590 2743 rei
2623 2688 2998 2744 demonstrari
3021 2696 3235 2762 posset.
3257 2687 3570 2745 Verisimile
3588 2686 3728 2759 igitur
3768 2672 3769 2695 ³

2199 2787 2280 2832 est
2301 2794 2400 2831 eos
2428 2777 2488 2830 in
2507 2786 2628 2833 arte
2655 2786 2928 2833 tractatos
2951 2794 3087 2833 esse.
3119 2799 3144 2827 ι
3173 2776 3416 2833 Sauras.

2281 2953 2512 3009 Aristot.
2540 2952 2710 3009 Rhet.
2744 2954 2854 3023 111,
2893 2880 3048 3027 εἶτ).
3097 2950 3212 3008 385
3253 2970 3268 3007 t
3300 2948 3518 3021 Ἑκείνη
3541 2948 3624 3024 μὲν
3662 2934 3726 3001 οἶν

2203 3040 2318 3116 (sc.
2347 3042 2380 3110 ἡ
2399 3038 2537 3107 λέξις
2559 3038 2601 3117 ),
2625 3038 2749 3097 ὅταν
2769 3040 2917 3117 ἔλθῃ,
2931 3039 3092 3098 ταύτὸ
3113 3038 3326 3110 ποιήσει
3347 3044 3422 3119 τῇ
3441 3038 3727 3115 ὓποκριτικῇ.

2203 3126 2602 3205 ἐγκεχειρήκασι
2647 3126 2701 3185 δὲ
2742 3127 2824 3186 ἐπ’
2852 3126 3024 3203 ὀλίγον
3063 3127 3184 3207 περὶ
3218 3128 3382 3199 αὐτῆς
3413 3128 3570 3187 εἰπεῖν
3597 3144 3728 3189 τινες,

2204 3208 2309 3275 οἷον
2337 3215 2696 3294 Θρασύμαχος
2719 3218 2770 3275 ἐν
2794 3222 2902 3283 τοῖς
2926 3215 3108 3282 ἐλέοις.
3133 3242 3158 3267 σι
3183 3216 3334 3273 Puto
3359 3218 3530 3273 etiam
3557 3212 3732 3273 Ἔλέους

2205 3318 2424 3380 partem
2449 3308 2588 3362 artis
2622 3306 2892 3376 effecisse,
2915 3308 3404 3379 Thrasymachum
3437 3326 3601 3375 vero,
3628 3321 3730 3359 rum

2205 3395 2516 3468 explicaret
2537 3396 2832 3469 quomodo
2862 3396 3254 3451 misericordia
3279 3396 3600 3452 auditorum
3635 3410 3734 3447 mo-

2207 3483 2326 3537 veri
2355 3494 2583 3557 posset,
2605 3502 2786 3558 panca
2815 3486 2985 3539 etiam
3011 3484 3084 3539 ‹le
3115 3484 3369 3540 dictione
3415 3484 3730 3559 pracepisse,

2271 3724 2330 3772 ln
2357 3723 2856 3773 commiserationibus
2872 3736 2901 3773 a
2926 3728 3174 3773 senectute
3193 3728 3244 3773 et
3263 3726 3542 3786 paupertate
3569 3734 3738 3771 contutu-

2216 3796 2380 3845 vendis
2395 3795 2680 3846 excelluisse
2698 3796 2816 3843 mihi
2839 3796 3028 3844 videtur
3048 3796 3360 3845 Chalci-donli
3385 3795 3580 3845 oratoris
3601 3794 3738 3846 mlum

2210 3863 2334 3913 iram
2373 3878 2568 3927 quoqne
2600 3866 2648 3913 in
2675 3866 2987 3915 tntiltitudine
3024 3868 3262 3915 concitare
3285 3868 3466 3916 eximie
3494 3869 3563 3913 vir
3591 3862 3740 3912 vali-lat

2209 3940 2258 3983 et
2297 3948 2486 3985 rursum
2519 3938 2684 3985 iratos
2717 3938 3077 3987 incantatione
3105 3936 3432 3997 demulcere,
3464 3942 3518 3985 nt
3551 3938 3638 3995 ipse
3667 3932 3740 3983 εἰη

2211 4018 2355 4067 porro
2380 4007 2427 4054 in
2448 4006 2755 4057 conficiendis
2779 4006 3118 4071 solvendisque
3148 4007 3366 4070 undique
3387 4006 3626 4056 calumuiis
3641 4016 3740 4063 egre·

2214 4078 2319 4139 gius
2349 4084 2466 4129 erat.

2274 4148 2624 4198 Chalcedonius
2655 4148 2765 4207 ille,
2793 4148 3182 4210 Thrasymachus
3209 4148 3420 4211 scilicet,
3465 4148 3618 4199 docuit
3645 4156 3739 4206 quo·

2215 4219 2357 4268 modo
2369 4220 2588 4281 judicum
2605 4220 2956 4273 commiseratio
2973 4222 3023 4269 et
3043 4220 3367 4269 misericordia
3382 4220 3575 4271 excitari
3591 4224 3630 4267 et
3645 4228 3740 4261 rmn-

2215 4290 2396 4339 moveri
2420 4291 2625 4341 debeant
2645 4290 2876 4354 plorando
2897 4293 3190 4341 senectutem
3207 4328 3224 4355 ‚
3246 4296 3590 4355 paupertatem,
3609 4290 3743 4338 lib-1⁰⁵

2214 4365 2260 4411 et
2279 4360 2468 4411 similia.

2976 4437 3025 4480 e.

2280 4501 2510 4551 Ordinem
2547 4516 2647 4565 quo
2684 4502 2903 4551 conviva!
2934 4500 3218 4563 disponendi
3251 4500 3349 4552 sint
3389 4498 3640 4562 diiudicare
3673 4506 3746 4571 uon

2217 4574 2290 4622 est
2317 4574 2482 4633 facile,
2516 4574 2619 4623 aliis
2664 4576 2834 4633 aetate,
2865 4572 2970 4621 aliis
3008 4573 3250 4635 potentia.
3286 4572 3390 4621 aliis
3417 4564 3748 4620 necessitudine·

2217 4644 2324 4693 aliis
2349 4644 2670 4694 familiaritate
2691 4643 3064 4707 praestantibus;
3089 4644 3378 4707 oportetque
3395 4644 3617 4701 tanquam
3639 4646 3748 4689 argu·

2219 4719 2435 4765 mentum
2452 4716 2536 4779 qui
2558 4716 2876 4766 meditaretur
2899 4716 2947 4764 in
2972 4714 3304 4777 comparandis
3323 4714 3446 4763 inter
3464 4725 3516 4761 se
3547 4706 3748 4769 aliquibus

2221 4800 2437 4845 versans,
2478 4786 2524 4835 in
2553 4789 2776 4849 promptu
2807 4786 2984 4835 habere
3020 4784 3286 4836 Aristotelis
3309 4786 3440 4834 locos
3465 4786 3548 4831 aut
3575 4778 3746 4837 Thrasy-

2221 4857 2378 4906 machi
2411 4857 2540 4907 locos
2562 4857 2738 4919 quibus
2762 4856 2824 4906 de
2855 4856 3151 4919 praestantiae
3177 4852 3577 4905 demonstratione
3600 4849 3744 4927 αξιοι-ς

2221 4930 2270 4978 et
2293 4930 2456 4977 tamen
2485 4928 2557 4978 sic
2574 4928 2690 4978 nihil
2721 4928 2836 4977 utile
2851 4927 3097 4988 confidas,
3121 4925 3310 4977 inanem
3331 4924 3562 4975 duntaxat
3585 4920 3746 4981 glorium

2222 5012 2250 5047 a
2278 4998 2380 5049 t'oro
2407 5003 2456 5048 et
2483 5000 2671 5049 theatro
2696 4998 2744 5048 in
2768 4997 2987 5049 convivia
3006 4998 3295 5047 traduxeris.

2287 5146 2444 5196 Dictio
2467 5160 2618 5209 quum
2657 5146 2871 5207 venerit,
2893 5078 3020 5195 idezn
3045 5146 3220 5197 efficiet
3245 5144 3372 5209 quod
3404 5142 3544 5192 actio.
3578 5136 3746 5195 Quintam

2226 5217 2542 5338 ξὲιΐιὲῗίιοιὲρὺίἒ
2565 5219 2823 5281 praecipere
2845 5220 3122 5279 tentarunt,
3147 5222 3197 5268 ut
3217 5214 3592 5276 Thrasymachus
3618 5210 3658 5258 in
3677 5207 3746 5255 Μι-
