3825 5834
483 454 589 503 194

471 570 730 653 Ἕκτορος
772 570 1113 649 ἱκομίσαντο·
1142 568 1209 629 τὰ
1238 568 1293 627 δὲ
1328 566 1466 627 ὅπλα
1500 568 1624 627 τάδε
1655 569 1749 627 οὐκ
1776 567 1841 627 ἃν
1867 567 2042 627 ἀνέθε-

400 684 445 723 lt
476 684 576 720 σαν
617 664 723 727 τοῖς
764 666 927 736 θεοῖς,
972 660 1091 717 ἀλλ’
1134 656 1479 739 ἀπέκρυψαν,
1520 658 1747 724 δεδιότες
1772 657 1920 715 τόνδε
1956 657 2044 717 τὸν

474 749 668 827 ἀγαθὸν
698 748 895 829 ἄνδρα,
926 746 979 814 ὃς
1008 747 1098 804 καὶ
1126 746 1375 827 πρότερον
1413 744 1759 825 ἱεροσυλήσας
1788 748 1960 803 αὐτῶν
1987 744 2046 804 τὸ

476 835 699 915 ἄγαλμα
724 839 817 907 τῆς
844 840 961 894 θεοῦ
988 832 1192 913 νύκτωρ
1217 834 1395 913 ὥσπερ
1418 857 1469 891 τι
1498 832 1657 892 καλὸν
1695 833 2048 911 ἐργασάμενος

476 925 806 985 ἰπεδείκνυτο
847 931 953 989 τοῖς
998 923 1245 1002 Ἀχαιοῖς.
1334 920 1499 997 Κάγὼ
1542 920 1639 999 μὲν
1690 924 1822 989 ἀξιῶ
1864 919 2046 979 λαὸεῖν

474 1012 543 1071 ἵν’
572 1014 753 1071 ἀποδῶ
776 1011 841 1069 τὰ
876 1010 1016 1070 ὅπλα
1044 1016 1149 1077 τοῖς
1178 1010 1373 1091 φίλοις,
1406 1002 1551 1077 οὗτος
1579 1008 1633 1067 δὲ
1660 1006 1725 1067 ἵν’
1751 1010 2047 1081 ἀποδῶται,

478 1100 594 1160 ἐπεὶ
630 1099 861 1181 χρῆσθαί
901 1124 962 1179 γε
992 1102 1162 1166 αὐτοῖς
1190 1101 1286 1157 οὐκ
1312 1097 1377 1157 ἂν
1405 1098 1714 1175 τολμήσειε·
1746 1096 1907 1163 δειλὸς
1947 1095 2048 1179 γὰρ

478 1190 643 1256 οὐδεὶς
671 1191 735 1247 ἂν
758 1187 1035 1263 ἐπισήμοις
1060 1185 1237 1254 ὅπλοις
1260 1186 1537 1267 χρήσαιτο,
1560 1186 1707 1254 εἰδὼς
1730 1184 1809 1244 ὅτι
1832 1184 1928 1257 τὴν
1953 1187 2050 1244 δει·

479 1279 599 1340 λίαν
634 1280 794 1337 αὐτοῦ
828 1276 1063 1357 ἐκφαίνει
1090 1277 1159 1334 τὰ
1180 1274 1343 1335 ὅπλα.

406 1392 455 1431 ιε
561 1386 609 1424 2.
654 1366 855 1445 Σχεδὸν
882 1364 976 1441 μὲν
1001 1356 1089 1423 οῦν
1114 1364 1254 1422 ἐστὶν
1278 1363 1491 1423 ἅπαντα
1516 1363 1691 1440 ὅμοια.
1776 1361 1852 1423 Οἵ
1872 1386 1928 1421 τε
1949 1360 2051 1442 γὰρ

482 1452 740 1520 διαθέντες
768 1452 856 1511 τὸν
888 1456 1067 1531 α’γῶνα
1090 1454 1324 1531 βασιλεῖς
1352 1451 1519 1509 ἱκανοὶ
1548 1450 1689 1517 ὄντες
1716 1452 1836 1532 περὶ
1864 1454 2052 1529 ἀρετῆς

481 1542 675 1620 κρίνειν
714 1538 1005 1621 ἐπέτρεψαν
1031 1541 1236 1615 ἄλλοις,
1268 1539 1395 1599 οἵτε
1426 1539 1571 1598 οὐδὲν
1599 1538 1791 1605 εἰδότες
1820 1538 2052 1597 δικάσειν

481 1632 813 1709 ὑπισχνεῖσθε
852 1630 972 1709 περὶ
1018 1620 1091 1687 ὧν
1131 1630 1227 1687 οὐκ
1270 1626 1408 1688 ἴστε.
1496 1626 1638 1705 Ἐγὼ
1678 1628 1731 1685 δὲ
1762 1626 2052 1703 ἐπίσταμαι

480 1722 665 1794 τοῦτο,
698 1714 779 1775 ὅτι
816 1719 981 1784 οὐδεὶς
1014 1716 1077 1775 ἂν
1106 1716 1353 1795 βασιλεὺς
1386 1715 1565 1783 ἱκανὸς
1592 1714 1666 1773 ὧν
1706 1716 1829 1793 περὶ
1865 1718 2053 1794 ἀρετῆς

480 1804 673 1885 κρίνειν
701 1806 1023 1888 ἐπιτρέψειεν
1050 1806 1229 1873 ἄλλοις
1254 1808 1457 1883 μᾶλλον
1488 1806 1625 1887 ἤπερ
1656 1804 1849 1884 ἀγαθὸς
1877 1804 2053 1885 ἰατρὸς

482 1894 761 1974 διαγνῶναι
782 1896 1057 1973 νοσήματα
1091 1894 1238 1974 ἄλλῳ
1266 1893 1481 1974 παρείη.

561 2004 609 2044 3.
654 1984 763 2043 Καὶ
808 1986 855 2041 εἰ
896 1984 991 2061 μὲν
1038 1974 1103 2055 ἦν
1150 2004 1239 2057 μοι
1282 1988 1410 2063 πρὸς
1466 1980 1631 2059 ἄνδρα
1674 1981 2048 2062 ὁμοιότροπον,

407 2095 460 2135 20
481 2072 588 2132 οὔδ’
616 2070 681 2131 ἃν
715 2071 974 2145 ἡττᾶσθαι
996 2096 1085 2149 μοι
1111 2070 1340 2153 διέφερε·
1365 2077 1455 2129 νῦν
1486 2072 1530 2129 δ’
1569 2072 1665 2129 οὐκ
1694 2070 1835 2130 ἔστιν
1864 2070 1893 2130 ὃ
1932 2072 2052 2129 δια-

482 2161 628 2241 φέρει
669 2160 826 2219 πλέον
856 2162 983 2233 ἐμοῦ
1020 2158 1111 2217 καὶ
1152 2161 1321 2217 τοῦδε.
1407 2157 1471 2219 ‘0
1516 2157 1609 2235 μὲν
1646 2157 1748 2238 γὰρ
1782 2162 1877 2217 οὐκ
1912 2158 2052 2217 ἔστιν

481 2246 515 2305 ὅ
534 2272 585 2305 τι
620 2246 681 2306 ἂν
716 2249 924 2328 δράσειε
952 2250 1217 2329 φανερῶς,
1248 2246 1351 2325 ἐγὼ
1387 2246 1441 2305 δὲ
1470 2244 1616 2304 οὐδὲν
1646 2246 1708 2305 ἂν
1738 2248 1906 2325 λάθρᾳ
1931 2248 2054 2305 τολ-

484 2336 719 2413 μήσαιμι
742 2336 957 2415 πρᾶξαι.
996 2335 1167 2414 Κάγὼ
1194 2334 1290 2412 μὲν
1312 2337 1409 2393 οὐκ
1432 2332 1493 2393 ἂν
1522 2333 1856 2414 ἀνασχοίμην
1878 2338 2054 2401 κακῶς

482 2424 719 2497 ἀκούων,
742 2424 859 2483 οὐδὲ
882 2424 984 2504 γὰρ
1016 2428 1192 2491 κακῶς
1220 2422 1475 2503 πάσχων,
1504 2428 1533 2481 ὁ
1570 2422 1627 2481 δὲ
1654 2422 1752 2481 κᾶν
1778 2422 2052 2503 κρεμάμε-

483 2533 597 2589 νος,
630 2510 679 2570 εἴ
718 2534 777 2590 γε
817 2512 1102 2593 κερδαίνειν
1142 2534 1193 2569 τι
1241 2512 1455 2587 μέλλοι,
1494 2508 1633 2576 ὅστις
1674 2534 1732 2588 γε
1764 2516 2053 2588 μαστιγοῦν

485 2604 711 2680 παρεῖχε
738 2608 843 2667 τοῖς
870 2600 1069 2668 δούλοις
1099 2600 1191 2658 καὶ
1230 2598 1441 2657 τύπτειν
1480 2597 1648 2666 ξύλοις
1690 2596 1757 2655 τὰ
1794 2602 1934 2655 νῶτα
1963 2598 2054 2655 καὶ

484 2698 719 2767 πυγμαῖς
747 2688 806 2747 τὸ
836 2690 1148 2769 πρόσωπον,
1178 2686 1405 2746 κᾶπειτα
1436 2684 1850 2767 περιὸαλόμενος
1886 2686 2052 2767 ῥάκη,

412 2796 465 2835 aa
485 2782 578 2848 τῆς
602 2776 785 2841 νυκτὸς
809 2780 880 2843 εἰς
911 2776 971 2834 τὸ
998 2784 1171 2855 τεῖχος
1195 2775 1364 2843 εἰσδὺς
1388 2778 1493 2833 τῶν
1522 2774 1819 2853 πολεμίων,
1850 2778 2048 2855 ἱεροσυ·

486 2866 655 2938 λήσας
694 2868 921 2937 ἀπῆλθε.
1012 2866 1119 2923 Καὶ
1146 2869 1313 2923 ταῦτα
1342 2863 1661 2942 ὁμολογήσει
1687 2868 1882 2937 ποιεῖν,
1929 2864 2054 2931 ἴσως

486 2954 541 3013 δὲ
582 2952 673 3012 καὶ
715 2952 885 3011 πείσει
912 2952 1077 3030 λέγων
1104 2954 1173 3018 ὡς
1202 2953 1377 3017 καλῶς
1411 2952 1735 3032 πέπρακται.
1822 2950 2052 3013 Ἔπειτα

485 3046 588 3102 τῶν
632 3042 910 3122 Ἀχιλλέως
952 3041 1127 3101 ὅπλων
1150 3040 1237 3101 ὅδε
1273 3044 1301 3099 ὁ
1334 3042 1617 3119 μαστιγίας
1656 3042 1746 3101 καὶ
1788 3044 2055 3123 ἱερόσυλος

486 3129 620 3198 ἀξιοῖ
636 3134 898 3208 κρατῆσαι
914 3149 935 3206 3

563 3241 608 3277 4.
655 3218 802 3295 Ἐγὼ
832 3218 928 3294 μὲν
952 3206 1041 3275 οῦν
1062 3220 1185 3295 ὑμῖν
1210 3216 1351 3295 λέγω
1374 3216 1481 3284 τοῖς
1498 3216 1645 3275 οὐδὲν
1672 3218 1831 3277 εἰδόσι
1854 3221 2054 3299 κριταῖς

485 3306 575 3366 καὶ
603 3306 906 3385 δικασταῖς,
942 3310 1017 3383 μὴ
1048 3308 1117 3373 εἰς
1153 3305 1271 3373 τοὺς
1308 3304 1489 3380 λόγους
1528 3306 1740 3364 σκοπεῖν
1774 3308 1896 3387 περὶ
1927 3311 2048 3387 ἀρε-

482 3400 575 3468 τῆς
616 3396 910 3475 κρίνοντας,
954 3398 1073 3453 ἀλλ’
1103 3396 1176 3462 εἰς
1214 3394 1282 3452 τὰ
1325 3392 1453 3474 ἔργα
1490 3396 1711 3472 μᾶλλον.
1804 3397 1912 3457 Καὶ
1951 3398 2052 3479 γὰρ

482 3489 512 3543 ὃ
532 3484 763 3562 πόλεμος
784 3488 843 3543 οὗ
867 3484 1009 3564 λόγῳ
1038 3484 1271 3563 κρίνεται
1300 3482 1415 3541 ἀλλ’
1442 3482 1578 3562 ἔργῳ
1594 3505 1608 3520 ·
1633 3483 1739 3542 οὐδ’
1764 3484 2051 3564 ἀντιλέγειν

381 3572 648 3643 182ἔξεστι
670 3574 796 3653 πρὸς
818 3571 937 3640 τοὺς
958 3570 1267 3649 πολεμίους,
1288 3568 1405 3629 ἀλλ’
1431 3567 1465 3642 ἢ
1487 3570 1821 3650 μαχομένους
1838 3578 2050 3653 κρατεῖν

480 3660 515 3733 ἢ
554 3663 813 3720 δουλεύειν
856 3664 1055 3739 σιωπῇ.
1146 3660 1288 3739 Πρὸς
1327 3662 1495 3717 ταῦτα
1536 3663 1774 3739 ἀθρεῖτε,
1804 3662 1897 3719 καὶ
1921 3683 2046 3721 σκο-

480 3754 627 3809 πεῖτε
647 3754 737 3823 ὡς,
765 3752 810 3808 εἰ
836 3748 911 3827 μὴ
934 3750 1175 3807 δικάσετε
1194 3750 1388 3821 καλῶς,
1417 3746 1679 3827 γνώσεσθε
1698 3748 1781 3808 ὅτι
1803 3750 2048 3827 οὐδεμίαν

480 3839 591 3917 ἔχει
616 3840 763 3915 λόγος
786 3838 913 3918 πρὸς
937 3838 1082 3919 ἔργον
1104 3837 1256 3918 ἰσχὺν
1272 3884 1289 3912 ,
1311 3838 1417 3897 οὐδ’
1442 3837 1584 3895 ἔστιν
1604 3841 1741 3915 ὑμᾶς
1761 3838 1793 3897 8
1811 3862 1863 3897 τι
1880 3840 2049 3919 λέγων

481 3930 613 4007 ἀνὴρ
641 3928 931 4007 ὠφελήσει,
973 3926 1173 3985 εἴσεσθε
1217 3926 1273 3985 δὲ
1312 3926 1540 4008 ἀκριὸῶς
1592 3926 1673 3985 ὅτι
1714 3928 1780 3987 δι’
1826 3932 2048 4011 ἀπορίαν

476 4016 645 4095 ἔργων
676 4015 861 4073 πολλοὶ
890 4014 982 4073 καὶ
1003 4014 1197 4094 μακροὶ
1222 4016 1365 4092 λόγοι
1392 4016 1657 4093 λέγονται.
1740 4016 1876 4076 Ἀλλ’
1902 4018 1938 4089 ἢ
1964 4020 2046 4078 λε’.

481 4125 598 4181 γετε
626 4100 705 4161 ὅτι
732 4106 788 4161 οὗ
821 4101 1011 4170 ξυνίετε
1038 4103 1102 4160 τὰ
1132 4104 1422 4182 λεγόμενα,
1453 4102 1543 4162 καὶ
1569 4103 1851 4163 ἀνίστασθε
1862 4105 1934 4177 ,ἢ
1965 4108 2049 4166 δ.-

404 4216 445 4254 εε
479 4190 661 4261 κάζετε
691 4194 870 4271 ὀρθῶς.
960 4191 1071 4251 Καὶ
1099 4198 1269 4250 ταῦτα
1300 4192 1374 4268 μὴ
1406 4192 1641 4272 κρύὸδην
1671 4192 1881 4272 φέρετε,
1912 4197 2049 4254 ἀλλὰ

478 4284 711 4362 φανερῶς
727 4327 742 4357 ,
767 4278 851 4337 ἵνα
874 4284 1035 4359 γνῶτε
1061 4277 1140 4338 ὅτι
1165 4281 1257 4340 καὶ
1281 4283 1454 4346 αὐτοῖς
1476 4290 1582 4348 τοῖς
1606 4283 1873 4349 δικάζουσι
1894 4284 2048 4342 δοτέα

478 4371 597 4439 δίκη
640 4370 812 4441 ἐστὶν,
856 4366 921 4427 ἂν
963 4367 1037 4445 μὴ
1069 4370 1353 4427 δικάσωσιν
1382 4370 1563 4447 ὀρθῶς.
1650 4370 1881 4429 Κᾶπειτ’
1923 4372 2047 4440 ἴσως

477 4460 737 4537 γνώσεσθε
765 4458 847 4516 ὅτι
874 4460 932 4517 οὗ
962 4458 1138 4539 κριταὶ
1169 4461 1275 4517 τῶν
1304 4456 1602 4537 λεγομένων
1634 4459 1775 4517 ἀλλὰ
1798 4457 2048 4527 δοξασταὶ

476 4547 727 4619 κάθησθε.
816 4546 962 4624 Ἐγὼ
987 4546 1042 4605 δὲ
1082 4546 1443 4624 διαγινώσκειν
1475 4546 1571 4625 μὲν
1615 4548 1737 4625 ὑμῖν
1760 4550 1882 4629 περὶ
1916 4551 2044 4627 ἐμοῦ

474 4638 567 4697 καὶ
588 4642 693 4697 τῶν
731 4640 873 4714 ἱμῶν
904 4638 1199 4716 ἐπιτρέπω,
1233 4636 1549 4705 διαδοξάζειν
1580 4636 1635 4694 δὲ
1677 4636 1873 4696 ἅπασιν
1898 4642 2045 4698 ἀπα-

472 4725 696 4809 γορεῦω,
724 4726 814 4784 καὶ
841 4732 1008 4784 ταῦτα
1036 4726 1158 4805 περὶ
1186 4724 1368 4805 ἀνδρὸς
1392 4723 1447 4791 ὃς
1472 4726 1573 4805 οὐχ
1600 4723 1733 4784 ἑκὼν
1760 4726 1879 4784 ἀλλ’
1904 4728 2048 4788 ἄκων

477 4822 695 4891 ἀφῖκται
718 4814 791 4881 εἰς
832 4812 1060 4893 Τροίαν,
1090 4812 1182 4871 καὶ
1220 4812 1339 4891 περὶ
1376 4816 1503 4891 ἐμοῦ
1536 4814 1590 4883 ὃς
1618 4818 1822 4894 πρῶτος
1852 4818 1934 4875 ἀεὶ
1957 4818 2048 4879 καὶ

396 4940 448 4978 lo
480 4905 633 4983 μόνος
660 4903 752 4963 καὶ
772 4905 895 4963 ἄνευ
920 4903 1123 4984 τείχους
1148 4902 1430 4981 τέταγμαι.

1690 440 2238 500 ΑΝΤΙΣΘΕΝΟΥΣ
2279 440 2486 500 ΑΙΑΣ.

3461 443 3720 519 (ΗΛ

2137 576 2361 626 Hectoris
2377 578 2500 640 preti
2509 590 2592 627 um
2623 578 2982 641 recuperassent
3003 596 3016 626 ε
3043 589 3180 627 arma
3203 590 3318 627 vero
3335 590 3436 628 non
3461 577 3557 628 diis
3571 580 3725 631 obtu-

2135 676 2298 727 lissent
2331 678 2492 740 potius
2523 690 2676 741 quam
2711 679 2740 727 b
2751 679 2864 740 ujus
2879 678 2972 727 viri
2995 678 3134 742 probi
3159 682 3294 729 metu
3326 680 3728 746 abscondissent,

2135 778 2217 841 qui
2238 779 2383 827 etiam
2404 792 2558 842 nuper
2573 778 2678 829 dere
2697 781 2912 829 statuam
2931 784 3074 829 nocte
3090 792 3177 843 per
3189 781 3495 843 sacrilegium
3517 780 3732 843 furatus,

2135 876 2320 925 Graecis
2343 877 2480 939 quasi
2497 877 2790 939 proeclsrum
2809 876 3042 941 quiddam
3071 878 3325 941 effecisset,
3347 880 3652 929 ostentabat.
3677 884 3738 931 Et

2135 990 2223 1039 ego
2245 978 2462 1040 quidem,
2485 980 2540 1028 ut
2559 980 2724 1028 amicis
2747 992 2888 1028 arma
2911 979 3129 1040 reddam,
3147 994 3205 1029 ea
3223 980 3548 1044 postu103hic
3563 984 3738 1031 autem

2137 1077 2192 1125 ut
2230 1075 2442 1139 vendat,
2474 1078 2870 1141 quandoquidem
2909 1079 2981 1128 uti
3015 1092 3112 1129 nou
3157 1078 3357 1129 auderet
3391 1099 3405 1129 ι
3433 1080 3566 1129 baud
3599 1083 3738 1130 mim

2137 1178 2336 1241 gnarior
2355 1179 2626 1242 insignibus
2647 1183 2816 1231 utatur
2835 1181 3008 1245 armis,
3033 1195 3186 1245 quum
3209 1196 3296 1245 per
3315 1196 3376 1232 ea
3401 1196 3549 1233 suam
3591 1183 3738 1246 prodi

2137 1274 2256 1321 sciat
2276 1274 2532 1337 ignaviam.

2201 1376 2245 1419 2.
2283 1374 2440 1433 Atque
2466 1371 2630 1421 omnia
2665 1370 2766 1422 sere
2793 1375 2910 1423 sunt
2947 1372 3138 1423 similia.
3205 1376 3334 1425 Nam
3363 1376 3448 1438 qui
3473 1378 3742 1426 certamen

2143 1458 2456 1509 instituerunt
2487 1474 2618 1523 reges
2645 1474 2796 1523 quum
2823 1468 3022 1524 possent
3049 1462 3108 1512 de
3143 1462 3322 1512 virtute
3347 1462 3592 1525 judicare,
3627 1465 3742 1514 aliis

2139 1550 2230 1598 hoc
2245 1548 2490 1611 negotium
2507 1550 2872 1611 commiserunt,
2887 1552 2936 1599 et
2957 1564 3041 1599 vos
3061 1552 3278 1601 omniurn
3291 1552 3462 1614 ignari,
3479 1552 3626 1601 deiis
3645 1567 3738 1602 vos

2139 1650 2253 1699 quae
2273 1650 2368 1687 non
2385 1637 2644 1701 intelligitis
2663 1637 2964 1699 judicaturos
2983 1640 3209 1702 recipitis.
3233 1644 3331 1703 Ego
3353 1654 3472 1690 vero
3491 1641 3592 1689 hoe
3615 1643 3744 1703 scio,

2141 1738 2302 1787 regem
2329 1725 2538 1787 nullum,
2555 1724 2720 1788 quide
2740 1726 2922 1777 virtute
2943 1726 3162 1789 judicare
3181 1730 3328 1790 possit
3345 1764 3360 1789 ‚
3387 1728 3438 1777 id
3465 1728 3582 1779 aliis
3599 1744 3746 1779 oom-

2141 1815 2420 1873 missurum,
2441 1826 2540 1863 non
2555 1815 2707 1876 magis
2727 1827 2876 1877 quam
2895 1818 3080 1879 peritus
3093 1816 3312 1867 medicus
3328 1817 3393 1867 ad
3411 1818 3574 1869 alium
3597 1832 3744 1867 mor·

2139 1902 2312 1952 borum
2328 1903 2564 1963 judicium
2591 1902 2816 1953 deferret.

2201 1997 2247 2041 3.
2279 1990 2424 2048 Quod
2439 1991 2480 2041 si
2495 1990 2613 2039 mihi
2627 2004 2742 2041 cum
2759 1991 2904 2041 simili
2926 1990 3032 2040 vino
3051 2003 3126 2040 res
3143 1994 3285 2053 esset,
3307 2004 3368 2041 ne
3383 1992 3520 2041 vinci
3533 1993 3744 2055 quidem

2140 2112 2339 2176 puderet
2362 2132 2375 2162 :
2401 2126 2531 2163 nunc
2565 2114 2690 2164 inter
2720 2126 2799 2163 me
2820 2113 2871 2163 et
2889 2114 3020 2163 hunc
3052 2113 3310 2165 discrimen
3332 2116 3408 2165 est
3430 2116 3740 2165 maximum.

2139 2234 2326 2284 Etenim
2353 2234 2431 2284 liic
2447 2234 2567 2285 nibil
2587 2236 2754 2295 aperte
2771 2235 2943 2297 saciet,
2970 2248 3058 2298 ego
3085 2234 3204 2285 nibil
3223 2236 3432 2286 occulte.
3467 2238 3578 2299 Ego
3611 2239 3748 2287 male

2138 2356 2305 2405 audire
2327 2356 2481 2406 nolim
2497 2393 2511 2417 ,
2531 2360 2590 2406 ut
2607 2369 2699 2405 nec
2721 2357 2850 2406 male
2866 2356 3024 2419 affici3
3049 2354 3129 2406 bic
3159 2356 3238 2407 vel
3255 2356 3488 2419 suspendi
3505 2372 3564 2408 se
3587 2361 3748 2422 patia-

2139 2480 2238 2539 tur,
2259 2476 2404 2527 modo
2419 2477 2486 2527 sit
2503 2477 2624 2527 lucri
2641 2490 2752 2540 spes
2767 2476 2932 2539 eliqua
2949 2493 2966 2529 ι
2985 2477 3072 2539 qui
3084 2479 3272 2540 tergum
3291 2477 3452 2541 flagris
3469 2493 3748 2531 servorum

2139 2601 2190 2649 et
2213 2600 2418 2649 fustibus
2431 2636 2446 2661 ,
2471 2598 2644 2663 pugnis
2666 2598 2840 2649 taciem
2857 2598 3112 2662 exposuit,
3131 2600 3282 2662 atque
3299 2598 3368 2649 ita
3385 2600 3572 2664 pannis
3595 2604 3748 2653 invo-

2141 2721 2300 2782 lutus,
2325 2721 2468 2769 nocte
2503 2720 2552 2769 in
2575 2718 2790 2768 hostium
2813 2718 2985 2769 urbem
3007 2719 3070 2770 ad
3099 2720 3508 2772 committendum
3533 2727 3750 2777 sacrile-

2141 2840 2274 2905 gium
2307 2840 2513 2904 irrepsit.
2539 2842 2704 2905 Neque
2721 2840 2830 2890 haec
2855 2852 2908 2889 se
2927 2838 3120 2902 negabit
3157 2840 3350 2901 fecisse,
3375 2854 3558 2893 verum
3585 2845 3750 2895 etiam

2143 2963 2275 3012 recte
2298 2962 2450 3023 facta,
2469 2960 2615 3011 credo
2629 2998 2644 3023 ,
2665 2958 2986 3024 persuadebit.
3013 2966 3083 3011 Ac
3101 2960 3358 3024 sacrilegus
3381 2962 3464 3011 bic
3487 2966 3542 3013 et
3567 2969 3750 3015 masti-

2142 3080 2217 3145 gia
2241 3080 2330 3130 sibi
2353 3078 2552 3131 Achillis
2567 3092 2705 3129 arma
2723 3078 2971 3142 postulat?

2205 3204 2252 3251 4.
2273 3198 2510 3263 Equidem
2531 3212 2616 3249 vos
2633 3198 2782 3261 iubeo
2791 3198 2978 3261 judices
3001 3198 3250 3263 imperitos
3267 3212 3364 3249 uon
3387 3201 3551 3251 verba
3565 3206 3756 3266 potins

2143 3326 2292 3379 quam
2327 3315 2455 3365 sacta
2482 3316 2729 3377 spectare,
2751 3310 3148 3376 quandoquidem
3174 3312 3238 3362 de
3255 3313 3440 3363 virtute
3475 3314 3752 3376 iudicatis.

2143 3429 2264 3477 Nam
2285 3428 2336 3476 et
2367 3424 2548 3476 bellum
2572 3424 2710 3475 factis
2736 3436 2832 3474 nnn
2862 3422 3022 3473 verbis
3049 3422 3258 3486 geritur3
3291 3435 3454 3486 neque
3489 3438 3622 3477 cum
3661 3428 3756 3478 bo-

2141 3538 2294 3589 stibus
2317 3538 2562 3603 disputare
2597 3537 2736 3597 licet,
2757 3536 2842 3587 sed
2879 3536 2958 3585 vel
2988 3534 3284 3585 vincendum
3315 3538 3391 3585 est
3423 3538 3510 3586 vel
3535 3540 3758 3591 silentio

2139 3648 2466 3699 serviendum.
2531 3648 2650 3697 Hoec
2678 3658 2766 3696 vos
2794 3644 3168 3695 animadvertite
3198 3649 3248 3695 et
3281 3644 3606 3699 considerate
3653 3666 3672 3699 :
3711 3654 3758 3701 si

2141 3760 2268 3809 enim
2293 3771 2390 3808 non
2423 3760 2553 3807 recte
2575 3756 2932 3819 iudicaveritis,
2955 3755 3072 3805 nihil
3095 3754 3158 3805 ad
3195 3754 3322 3804 facts
3355 3754 3530 3806 valere
3555 3760 3758 3821 verba,

2141 3878 2231 3915 nec
2253 3863 2455 3913 dicendo
2479 3874 2755 3926 quenquam
2792 3861 2927 3911 vobis
2961 3860 3187 3924 prodesse
3213 3874 3378 3923 posse,
3399 3862 3760 3919 manifestum

2142 3970 2252 4031 tiet3
2270 3968 2478 4019 simulet
2497 3968 2590 4017 hoc
2608 3965 2880 4029 intelligetis
2895 4003 2909 4027 ,
2935 3978 3022 4029 per
3041 3964 3284 4015 factorum
3303 3965 3524 4027 inopiam
3547 3974 3762 4023 multis

2141 4075 2306 4125 haberi
2339 4074 2603 4136 longosque
2633 4084 2894 4123 sermones.
2964 4072 3207 4130 Quocirca
3231 4071 3306 4121 vel
3325 4084 3426 4121 non
3453 4073 3762 4141 intelligere

2139 4192 2227 4229 vos
2262 4192 2372 4242 quae
2399 4176 2625 4227 dicantur
2658 4176 2875 4225 fatemini
2901 4179 2952 4226 et
2974 4178 3183 4239 surgite,
3211 4178 3288 4227 vel
3317 4182 3454 4229 recle
3485 4182 3758 4243 judicate.

2139 4283 2292 4346 ldque
2311 4294 2408 4332 non
2427 4282 2647 4342 occulte,
2668 4280 2750 4330 sed
2773 4280 2930 4342 palam
2943 4317 2959 4341 ,
2981 4284 3038 4330 ut
3053 4282 3183 4343 ipsos
3201 4282 3622 4345 quoquejudicae
3649 4304 3762 4341 ma.

2138 4402 2254 4439 nere
2281 4400 2499 4451 poenam,
2520 4387 2560 4437 si
2587 4400 2727 4436 secus
2758 4386 3053 4449 judicarint,
3077 4387 3254 4437 sciatis
3293 4389 3398 4438 Hoc
3419 4388 3626 4445 deinde
3669 4390 3775 4447 cxi-²

2137 4494 2400 4559 gnoscetis,
2429 4506 2530 4543 non
2555 4491 2745 4554 iudices
2763 4505 2850 4541 vos
2868 4491 3110 4543 dictorum
3127 4530 3141 4554 ,
3171 4492 3254 4543 sed
3287 4493 3506 4546 arbitms
3541 4501 3766 4553 sedere,

2141 4602 2203 4649 Ut
2225 4598 2352 4649 enim
2375 4597 2590 4659 judicare
2609 4596 2744 4646 vobis
2769 4595 2830 4645 de
2849 4610 2928 4646 me
2952 4597 3194 4659 rebusque
3213 4598 3333 4647 meis
3353 4600 3614 4659 permitto
3631 4644 3652 4667 ,
3695 4610 3771 4663 itm

2135 4703 2357 4753 arbitrari
2385 4702 2594 4763 nemini,
2624 4700 2890 4765 praesertim
2925 4701 3050 4751 inter
3069 4714 3182 4751 eum
3219 4702 3306 4764 qui
3339 4715 3441 4753 non
3471 4706 3632 4759 ultro
3673 4714 3769 4769 sed

2138 4809 2321 4858 invitus
2339 4808 2400 4856 ad
2427 4806 2622 4868 Troiam
2645 4806 2803 4866 venit,
2825 4810 2874 4855 et
2892 4818 2972 4855 me
2991 4805 3074 4868 qui
3093 4818 3284 4870 semper
3302 4807 3504 4873 primus
3517 4824 3588 4863 ac
3613 4780 3769 4869 sol-1⁸³

2136 4919 2186 4967 et
2212 4916 2396 4978 absque
2419 4912 2658 4963 moenibus
2679 4913 2726 4962 in
2751 4912 2856 4963 acie
2883 4912 3112 4963 consisto.
