3825 5834
1452 450 1956 513 FRAGMENTA.

1178 534 1201 565 Ι

826 577 924 637 36.

218 681 349 739 idem
377 701 391 737 ε
418 676 542 739 Διὰ
588 680 805 756 μέσου
845 682 1095 759 τεῖχος·
1126 677 1374 760 Ἀντιφῶν
1402 678 1527 759 πρὸς
1556 681 1657 739 Νι-

154 766 326 825 κοκλέα.
368 768 531 845 Τριῶν
559 766 721 825 ὄντων
760 770 952 847 τειχῶν
994 768 1049 827 ἐν
1077 769 1144 847 τῇ
1186 764 1417 845 Ἀττικῇ,
1460 769 1535 834 ὡς
1568 766 1659 825 καὶ

156 854 471 931 Ἀριστοφάνης
500 854 655 935 φησὶν
688 858 741 914 έν
770 854 1099 937 Τριφάλητι,
1123 859 1216 915 τοῦ
1247 877 1305 913 τε
1330 854 1535 935 βορείου
1567 853 1659 912 καὶ

154 946 225 999 τοῦ
245 942 391 1001 νοτίου
427 942 632 1003 καὶτοῦ
672 946 1021 1022 Φαληρικοῦ,
1054 944 1141 1003 διὰ
1182 942 1345 1021 μέσου
1385 944 1489 1000 τῶν
1530 945 1657 1021 παρ’

155 1028 333 1109 ἑκάτερα
357 1030 549 1111 ἐλέγετο
576 1032 638 1090 τὸ
663 1032 857 1105 νότιον,
880 1024 939 1091 οὗ
976 1030 1289 1110 μνημονεύει
1312 1029 1403 1089 καὶ
1427 1028 1657 1091 Πλάτων

154 1120 193 1175 ἐν
218 1116 401 1201 Γοργίᾳ.
430 1123 509 1179 cf.
532 1122 755 1180 Suidas.

822 1220 919 1292 37.

210 1324 343 1379 Idem
370 1342 426 1383 v,
455 1314 693 1402 Ἑρμαῖ
721 1342 736 1380 :
773 1321 905 1383 Ὀτι
938 1322 995 1383 δὲ
1020 1320 1111 1381 καὶ
1146 1321 1377 1403 Θρᾳκῶν
1409 1318 1655 1399 (Ἑρμῶν

152 1428 237 1467 em.
286 1412 492 1470 Siniter.
532 1414 555 1483 )
609 1411 741 1469 στοά
806 1434 885 1478 τις
942 1410 1181 1489 ἰλέγετο,
1244 1408 1510 1480 δεδήλωκε
1566 1408 1655 1467 καὶ

152 1496 351 1574 1Αντιφῶν
376 1500 425 1555 ἐν
452 1499 527 1577 τῷ
556 1497 687 1579 πρὸς
712 1496 998 1559 Νικοκλέα.

820 1604 917 1667 38.

207 1708 339 1765 Idem
369 1731 381 1764 :
416 1696 780 1789 Εὗθῦωρον
813 1709 873 1767 τὸ
916 1708 1035 1768 κατ’
1076 1682 1279 1767 εὐθεῖαν
1314 1707 1566 1789 Ἀντιφῶν
1601 1710 1653 1769 ἐν

146 1795 203 1873 τῷ
223 1796 327 1875 πρὸς
356 1797 641 1857 Νικοκλέα.
674 1798 753 1859 Τὸ
780 1796 946 1877 ὄνομα
980 1796 1070 1857 καὶ
1098 1794 1245 1875 παρὰ
1270 1796 1569 1875 Ξενοφῶντι
1602 1798 1653 1855 έν

150 1880 189 1957 β’
223 1881 538 1951 Ἄναὸάσιως.
592 1888 679 1948 cf.
730 1888 1006 1963 Photius,
1052 1886 1295 1959 Suidas,
1337 1890 1525 1963 Etym.
1572 1888 1649 1946 M.

142 1988 190 2043 p.
212 1970 583 2047 391‚Zonaras
605 1994 665 2051 p.
697 1975 837 2050 916,
880 1982 1017 2053 924.

202 2182 375 2242 idem:
404 2184 583 2261 Κερα
600 2182 857 2259 μεικός·
888 2182 1133 2264 Ἀντιφῶν
1160 2185 1215 2241 ἐν
1236 2188 1311 2263 τῷ
1332 2182 1463 2262 πρὸς
1485 2186 1648 2245 Νικο-

139 2266 243 2325 κλέα
266 2271 371 2350 περὶ
410 2270 565 2353 ὅρων.
652 2272 785 2332 “Ort
830 2272 877 2351 β’
910 2274 1013 2332 εἰσὶ
1058 2273 1409 2351 Κεραμεικοί,
1440 2276 1513 2341 ὡς
1560 2273 1651 2331 καὶ

138 2356 323 2435 ὃρἤωρ
356 2360 527 2439 φησίν,
563 2364 593 2419 ὅ
622 2358 717 2437 μὲν
758 2360 902 2424 ἔνδον
940 2366 1035 2433 τῆς
1060 2360 1279 2435 πόλεως,
1320 2366 1351 2421 ὃ
1382 2358 1437 2419 δὲ
1480 2361 1651 2441 ἔτερος

132 2440 211 2509 ἔξω
224 2490 239 2517 ,
270 2444 375 2505 ἔνθα
398 2449 484 2507 καὶ
514 2448 637 2513 τοὺς
673 2450 724 2505 έν
746 2448 967 2529 πολέμῳ
992 2450 1404 2521 τελευτήσαντας
1424 2449 1649 2509 ἔθαπτον

136 2528 323 2613 δημοσία
347 2535 433 2597 καὶ
456 2533 575 2603 τοὺς
602 2536 908 2615 ἐπιταφίους
926 2534 1130 2615 ἔλεγον,
1164 2538 1317 2609 δηλοῖ
1342 2536 1645 2617 Καλλικρά·

133 2640 201 2687 2⁷5
224 2622 617 2701 (Καλλίστρατος
636 2644 694 2683 v,
722 2624 791 2701 l.)
813 2624 847 2696 ἢ
870 2626 1143 2697 Μενεκλῆς
1171 2627 1224 2683 ἐν
1252 2628 1330 2706 τῷ
1352 2625 1471 2704 περὶ
1496 2624 1646 2697 Ἀθη-

134 2708 229 2766 νῶν.
253 2712 325 2772 cf.
350 2714 570 2785 suidas,
590 2726 651 2771 et
684 2715 865 2772 schol.
896 2716 1267 2790 Aristophan.
1313 2718 1420 2789 Eq.
1455 2734 1588 2785 772.

821 2827 913 2887 40.

192 2920 323 2975 Idem
368 2943 380 2977 ι
412 2925 458 2983 Λ
476 2920 601 3002 έσχ
618 2945 651 2980 α
676 2946 693 2979 ι
716 2946 729 2959 ·
760 2922 1006 3003 Ἀντιφῶν
1030 2926 1087 2981 ἐν
1107 2922 1183 3003 τῷ
1202 2922 1329 3003 πρὸς
1358 2920 1646 2983 Νικοκλέα.

132 3000 303 3087 Λέσχας
327 3004 513 3091 ἔλεγον
531 3010 815 3087 δημοσίους
838 3008 981 3077 τινὰς
1003 3008 1191 3079 τόπους
1210 3052 1228 3083 ,
1262 3013 1314 3068 έν
1344 3002 1418 3076 οἷς
1449 3010 1647 3089 σχολὴν

132 3089 301 3163 ἄγοντες
324 3096 616 3167 ἐκαθέζοντο
642 3098 739 3177 [οἱ]
770 3096 975 3157 πολλοί.
1001 3096 1249 3175 Ὄμηρος
1272 3126 1296 3153 ιι
1319 3096 1431 3158 οὐδ’
1457 3098 1651 3166 ἐθέλεις

132 3176 259 3237 εἶδε-ιν
276 3185 517 3265 χαλκήιον
532 3188 583 3253 ἐς
598 3184 758 3263 δόμον
774 3185 935 3245 ἐλθὼν
948 3189 1012 3258 ἠέ
1026 3210 1126 3245 που
1140 3190 1190 3255 ἐς
1209 3185 1427 3265 λέσχην.
1450 3187 1650 3247 Κλεάν-

130 3352 283 3397 monela
308 3353 569 3418 excuditur,
591 3368 740 3416 quam
759 3356 1003 3405 officinam
1026 3368 1157 3405 nunc
1176 3357 1492 3419 σημαντήριον
1512 3371 1631 3406 non·

126 3418 219 3466 nulli
234 3422 472 3483 appeliant.

822 3520 899 3565 36.

128 3658 135 3667 ¹
174 3592 345 3675 Medius
366 3610 565 3651 murus.
601 3601 845 3663 Antiphon
870 3602 1040 3651 contra
1069 3602 1337 3653 Nicoclem.
1359 3605 1522 3661 Quum
1550 3604 1649 3653 tres

126 3672 165 3707 m
182 3668 317 3715 Attica
342 3670 463 3719 muri
484 3675 679 3731 esseut,
698 3677 754 3720 ut
774 3674 921 3721 etiam
943 3673 1287 3737 Aristophanes
1302 3674 1351 3722 in
1375 3674 1649 3737 Triphalete

128 3728 208 3809 ψ’.
226 3736 305 3781 469
322 3737 379 3799 a)
398 3738 542 3801 dicit,
570 3740 778 3790 borealis
801 3743 851 3791 et
875 3742 1100 3791 australis
1122 3746 1173 3792 et
1203 3742 1480 3792 Phalericus
1500 3779 1516 3804 ,
1544 3756 1645 3792 me·

124 3800 209 3848 citus
230 3804 389 3883 'borum
428 3808 684 3861 dicebatur
723 3812 975 3871 australis,
1006 3812 1149 3873 cuius
1196 3812 1335 3863 Plato
1368 3824 1565 3875 quoque
1597 3814 1646 3861 in

124 3874 267 3934 Gorga
286 3876 303 3938 (
320 3892 365 3941 p.
389 3884 498 3940 456,
520 3882 597 3942 A)
622 3882 859 3933 meminit.

822 3974 900 4021 37.

173 4050 301 4100 Etiam
328 4056 614 4107 Hermai-um
640 4057 856 4121 porticus
888 4058 1113 4121 quaedam
1137 4058 1410 4121 (Athenis)
1438 4059 1645 4121 appella·

130 4114 261 4181 baiur,
288 4124 351 4172 uti
374 4128 504 4189 patet
535 4140 599 4176 ex
634 4128 945 4191 Antiphontis
965 4128 1182 4179 oratione
1204 4134 1372 4179 contra
1390 4128 1647 4179 Nicoclem.

824 4218 901 4267 38.

176 4292 401 4361 Εῶὑωρον,
434 4302 727 4355 secundum
756 4304 953 4355 lineam
972 4307 1199 4363 rectam,
1220 4302 1463 4365 Antiphon
1492 4307 1539 4353 in
1572 4318 1643 4351 or.

126 4366 258 4411 contra
280 4368 529 4423 Nicoclem.
556 4376 669 4422 vox
708 4376 855 4423 etiam
889 4376 1021 4438 apud
1052 4376 1423 4439 xenophontem
1454 4375 1645 4425 Anaba-

128 4440 211 4480 ⁵0oe
234 4435 341 4485 libro
357 4444 567 4493 secundo
592 4446 697 4506 (u,
726 4447 919 4505 2,16).

820 4546 901 4591 39.

180 4618 454 4674 Ceramicus.
473 4626 721 4691 Antiphon
742 4628 793 4677 in
819 4642 891 4677 or.
908 4631 1081 4679 contra
1108 4628 1351 4681 Nicoclem
1370 4628 1431 4677 de
1448 4627 1642 4678 tinibus.

128 4684 311 4741 Ceterum
328 4694 447 4745 duos
472 4712 587 4749 ecce
624 4702 900 4751 ceramicos
918 4734 933 4759 ,
964 4702 1092 4751 sicut
1124 4702 1268 4751 etiam
1306 4706 1471 4749 orator
1494 4698 1644 4757 dicit,

125 4756 291 4811 alierum
316 4764 435 4816 intra
462 4770 669 4831 urbem,
694 4772 901 4821 alterum
938 4774 1075 4821 extra
1110 4771 1317 4830 urbem,
1351 4770 1399 4819 in
1426 4784 1527 4831 quo
1562 4770 1645 4831 qui

128 4826 226 4878 hello
244 4836 497 4889 occiderant
510 4876 524 4899 ,
554 4841 746 4903 publico
772 4842 937 4892 sunere
956 4842 1309 4905 sepeliebantur
1330 4844 1379 4891 et
1402 4842 1645 4890 orationes

128 4896 315 4981 funebres
344 4908 663 4974 habebantur,
706 4913 848 4965 docet
886 4914 1167 4967 callicrates
1207 4913 1280 4963 vel
1314 4913 1553 4963 Menecles
1598 4911 1645 4961 in

126 4971 222 5025 libro
236 4980 291 5031 de
310 4984 520 5037 Athenis.

822 5081 899 5129 ⁴0.

172 5152 347 5217 Αίσχαι.
369 5162 613 5223 Antiphon
638 5163 687 5211 in
716 5178 791 5212 or.
825 5170 989 5214 contra
1004 5164 1265 5216 Nicoclem.
1296 5164 1375 5214 Sic
1408 5164 1641 5214 vocaban-

127 5216 189 5265 ¹⁰¹'
208 5224 375 5281 Publica
396 5233 621 5291 quaedam
654 5233 757 5283 loca
782 5235 829 5284 in
862 5236 1035 5296 quibua
1052 5237 1210 5287 otiosa
1237 5234 1487 5285 hominnm
1511 5236 1641 5285 mul·

3197 456 3306 503 227

1750 578 1845 646 οης
1872 576 1926 631 έν
1953 576 2030 654 τῷ
2055 574 2175 653 περὶ
2205 578 2334 635 θεῶν
2363 577 2786 653 ἀπονενεμῆσθαι
2805 578 2882 659 τῷ
2909 576 3198 639 Ἀπόλλωνι
3221 578 3315 646 τὰς

1749 662 1945 741 λέσχας
1983 661 2162 743 φησίν,
2189 662 2418 743 έξέδραις
2443 664 2499 723 δὲ
2533 666 2714 741 ὁμοίας
2739 666 2968 744 γίνεσθαι
2993 666 3152 735 αὔτάς
3167 710 3188 737 ,
3225 666 3314 726 καὶ

1748 750 1875 829 παρ’
1899 750 2051 818 ἐνίοις
2086 752 2280 830 [αὐτὸν
2306 754 2440 811 add.
2476 754 2680 832 saith]
2709 756 2796 813 τὸν
2827 753 2940 813 θεὸν
2974 756 3313 837 λεσχηνόριον

1750 840 2130 900 ἐπικαλεῖσθαι.
2159 843 2324 900 Conf.
2349 844 2570 903 Suidas.

2491 964 2588 1023 [μ.

1826 1062 1988 1120 Idem
2025 1082 2040 1118 ε
2085 1060 2570 1139 Παράὸυστον.
2613 1060 2800 1127 Οὕτως
2843 1062 3084 1123 ἐκαλεῖτό
3114 1086 3164 1121 τι
3209 1067 3312 1121 τῶν

1747 1149 1873 1227 παρ’
1894 1146 2184 1219 Ἀθηναίοις
2199 1146 2571 1227 δικαστηρίων,
2585 1150 2640 1207 έν
2667 1140 2712 1228 ᾧ
2739 1148 2974 1217 ἐδίκαζον
2998 1151 3046 1207 οἱ
3077 1148 3166 1207 ια’·
3196 1148 3314 1209 Ἀν-

1746 1238 1909 1316 τιφῶν
1948 1238 2001 1293 έν
2031 1238 2107 1315 τῷ
2137 1234 2261 1317 πρὸς
2301 1236 2564 1296 Νικοκλέα
2585 1236 2705 1315 περὶ
2729 1237 2882 1317 ὅρων.
2913 1236 3314 1313 Μνημονεῦουσι

1747 1323 1793 1381 δ’
1844 1324 2002 1382 αὐτοῦ
2043 1325 2194 1405 ἄλλοι
2239 1346 2294 1382 τε
2343 1326 2446 1381 τῶν
2507 1328 2757 1401 κωμικῶν
2807 1324 2898 1384 καὶ
2943 1327 3215 1403 Τιμοκλῆς
3259 1328 3312 1384 έν

1750 1410 2282 1491 Ὀρεσταυτοκλείδῃ.
2325 1410 2604 1471 Ἐκαλεῖτο
2639 1411 2695 1470 δέ
2722 1435 2799 1477 τις
2827 1415 2878 1471 ἐν
2909 1414 3012 1480 τοῖς
3040 1416 3313 1493 νυμφικοῖς

1746 1500 2026 1575 δωματίοις
2045 1498 2137 1559 καὶ
2163 1500 2316 1572 κλίνη
2341 1498 2702 1577 παράδυστος,
2733 1493 2795 1572 ἧς
2847 1500 3112 1577 μέμνηται
3142 1501 3311 1563 Ὑπε-

1746 1586 1915 1669 ρείδης
1949 1592 2003 1647 ἐν
2051 1591 2128 1668 τῷ
2171 1588 2310 1647 κατὰ
2341 1586 2722 1665 Πατροκλέους.
2810 1588 3070 1665 Δέγεσθαι
3100 1592 3145 1649 δ’
3175 1591 3310 1649 ἔοικε

1744 1683 1911 1737 ταῦτα
1937 1675 2076 1736 κατὰ
2094 1675 2394 1756 μεταφορὰν
2425 1675 2530 1735 ἀπὸ
2548 1678 2652 1734 τῶν
2685 1679 2738 1735 ἐν
2767 1684 2874 1742 τοῖς
2895 1678 3120 1757 φορτίοις
3137 1701 3312 1757 παρα-

1745 1762 2063 1839 6υσμάτων,
2101 1765 2339 1823 τουτέστι
2365 1763 2906 1844 παραπληρωμᾶτων.
2944 1767 3027 1823 Cf.
3071 1764 3310 1840 suidas·,

1742 1854 1997 1912 Photius.

2480 1968 2576 2027 [μ.

1823 2075 2027 2133 Idem:
2063 2073 2494 2153 Πρυτανείας
2515 2096 2528 2109 ·
2589 2072 2842 2153 Ἀντιφῶν
2873 2074 2927 2129 ἐν
2951 2075 3028 2152 τῷ
3062 2070 3189 2151 πρὸς
3219 2074 3313 2135 Νι·

1741 2160 1960 2223 κοκλέα.
1981 2157 2143 2222 Ἔστι
2171 2161 2224 2220 δὲ
2240 2160 2455 2242 ἀριθμὸς
2480 2164 2694 2243 ἡμερῶν
2711 2166 2744 2230 ἡ
2762 2160 3050 2239 πρυτανεία
3083 2160 3200 2233 ἤτοι
3219 2162 3308 2227 λς’

1742 2250 1777 2321 ἢ
1824 2250 1924 2323 λε’,
1973 2250 2035 2316 ἃς
2067 2252 2184 2326 (sic
2219 2251 2472 2327 Saupp.;
2519 2249 2608 2307 καὶ
2655 2250 2870 2325 codd.)
2918 2247 3120 2319 ἑκάστη
3168 2251 3306 2329 φυλὴ

1741 2340 2074 2418 πρυτανεύει.
2100 2338 2396 2398 Διείλεκται
2416 2336 2472 2397 δὲ
2498 2336 2838 2412 περὶτούτων
2867 2335 3230 2415 Ἀριστοτέλης
3259 2339 3311 2395 ἐν

1740 2431 1809 2506 τῇ
1836 2425 2122 2499 Ἀθηναίων
2151 2426 2404 2506 πολιτείᾳ.
2443 2429 2526 2485 Cf.
2549 2425 2750 2483 Suidas
2768 2468 2784 2497 ,
2819 2428 3055 2483 Photius
3074 2467 3091 2496 ,
3129 2429 3309 2486 schol.

1744 2520 1967 2576 Platon.
1995 2538 2056 2593 p.
2095 2516 2232 2592 4593
2256 2536 2472 2593 argum.
2494 2518 2554 2571 in
2573 2520 2738 2575 Dem.
2766 2535 2856 2571 or.
2888 2536 2941 2571 c.
2967 2516 3310 2573 Androtion.

1822 2748 2024 2804 Idem:
2063 2742 2597 2825 Στεφανηφόρος·
2631 2740 2877 2821 Ἀντιφῶν
2899 2743 2950 2801 ἐν
2975 2744 3050 2819 τῷ
3067 2740 3192 2817 πρὸς
3215 2742 3310 2801 Nic

1744 2833 1954 2892 κοκλέα.
2005 2832 2411 2914 Στεφανηφόρου
2445 2834 2642 2913 ἡρῷον,
2667 2833 2738 2898 ὡς
2785 2830 2974 2903 ἔοικεν,
3003 2822 3068 2901 ἦν
3100 2832 3152 2888 ἐν
3199 2838 3314 2900 ταῖς

1744 2921 1994 2993 Ἀθήναις·
2039 2920 2120 2994 εἴη
2167 2920 2210 2980 δ’
2242 2924 2306 2979 ἂν
2346 2924 2374 2979 ὁ
2413 2920 2816 3001 Στεφανηφόρος
2857 2918 2974 2991 ἤτοι
3019 2921 3124 2977 τῶν
3151 2917 3315 2997 Ἥρα·

1745 3010 1926 3077 κλέους
1959 3009 2110 3067 υἱέων
2136 2999 2209 3077 εἷς
2232 3012 2334 3067 τῶν
2358 3008 2646 3087 γενομένων
2671 3009 2732 3065 ἐκ
2753 3010 2856 3065 τῶν
2884 3006 3110 3066 Θεστίου
3142 3010 3306 3083 Θυγα-

1742 3098 1928 3179 τέρων,
1967 3088 2025 3155 οὗ
2056 3096 2368 3174 μνημονεύει
2399 3095 2706 3163 Ἑλλάνικος
2738 3098 2788 3153 ἐν
2833 3096 2864 3151 ι’
2911 3094 3246 3173 Φορωνίδος·
3277 3090 3310 3161 ἢ

1746 3188 1955 3263 μήποτε
1983 3192 2074 3245 τοῦ
2099 3186 2335 3246 Ἀττικοῦ
2363 3188 2596 3263 (ἀστικοῦ
2617 3187 2806 3256 ΡΙιοῑ.,
2829 3184 3020 3257 Suid.)
3045 3185 3313 3260 Στεφαντ,-

1739 3357 1895 3406 titudo
1921 3356 2136 3405 desidere
2165 3358 2365 3405 solebat.
2392 3358 2636 3405 Homerus
2662 3354 2789 3417 (Od.
2819 3358 2896 3411 1³,
2915 3352 3040 3411 327)
3064 3365 3076 3397 :
3099 3353 3210 3399 Non
3235 3352 3310 3397 vis

1742 3426 1973 3476 dormire
2007 3430 2060 3477 in
2088 3426 2300 3476 domum
2326 3426 2468 3483 fabri
2483 3426 2718 3487 ferrarii
2757 3424 2836 3473 vel
2873 3422 3098 3473 lescham
3119 3424 3310 3481 inpres-

1735 3502 1865 3547 ωε.)
1886 3517 1911 3541 ν
1933 3498 2190 3547 Cleanthes
2221 3498 2268 3545 in
2295 3497 2415 3545 libro
2444 3496 2504 3543 de
2528 3496 2616 3544 diis
2647 3497 2854 3544 Leschas
2883 3492 3088 3554 Apollini
3128 3492 3310 3539 dicatas

1738 3570 1787 3617 et
1818 3568 2012 3617 exedris
2048 3580 2155 3617 esse
2192 3567 2403 3626 similes,
2433 3569 2482 3615 et
2501 3567 2658 3625 ipsum
2681 3565 2824 3613 etiam
2845 3562 3112 3625 Apollinem
3147 3572 3175 3609 a
3198 3559 3308 3621 qui·

1739 3637 1942 3686 busdam
1967 3637 2338 3687 Leechenorium
2361 3634 2690 3698 cognominari
2719 3634 2854 3683 dicit.

2483 3740 2562 3787 41.

1799 3843 2124 3906 Παράόυστον.
2169 3844 2248 3893 Sic
2274 3840 2534 3891 vocabatur
2567 3840 2696 3903 apud
2721 3838 3036 3889 Athenienses
3071 3836 3308 3897 iudicium

1738 3914 2000 3977 quoddam,
2029 3915 2076 3963 in
2103 3926 2201 3975 quo
2225 3912 2550 3963 Undecimviri
2568 3911 2866 3973 judicabant.
2893 3908 3138 3971 Antiphon
3161 3908 3206 3957 in
3231 3922 3305 3957 or.

1737 3989 1905 4035 contra
1929 3986 2175 4035 Nicoclem
2197 3983 2258 4033 de
2282 3982 2478 4032 finibus.
2503 3980 2825 4031 meminerunt
2845 3980 2951 4040 ejus
2981 3980 3152 4041 praeter
3181 3978 3300 4027 alios

1738 4058 1950 4107 comicos
1974 4056 2119 4105 etiam
2143 4055 2382 4105 Timocles
2417 4055 2464 4102 in
2503 4050 2907 4102 Orestautoclide.
2937 4054 3056 4099 ltem
3085 4050 3134 4098 in
3161 4050 3306 4100 thala·

1738 4128 1829 4177 mis
1851 4128 2001 4177 lectus
2015 4126 2211 4189 quidam
2231 4124 2556 4187 appellabatur
2578 4122 2901 4186 παράδυστος,
2920 4122 3063 4182 cujus
3079 4121 3300 4169 meminit

1739 4197 2002 4261 Hyperides
2034 4198 2084 4245 in
2118 4196 2334 4245 oratione
2355 4198 2526 4243 contra
2567 4193 2860 4243 Patroclem.
2900 4194 3111 4253 Apparet
3138 4192 3302 4239 autem

1738 4268 1827 4317 boc
1864 4267 1959 4316 dici
1994 4281 2076 4329 per
2097 4266 2426 4327 metaphoram
2450 4264 2648 4314 ductam
2677 4263 2738 4311 ab
2765 4263 2821 4311 iis
2854 4275 2966 4323 ηοω
2995 4260 3196 4311 sarcinis
3231 4260 3306 4309 in-

1737 4336 2002 4387 ferciuntur
2037 4338 2086 4385 et
2115 4337 2432 4385 inculcantur.

2482 4447 2559 4492 42.

1798 4533 2100 4597 Πρυτανείας.
2137 4532 2377 4593 Antiphon
2409 4531 2460 4581 in
2485 4544 2558 4581 or.
2587 4532 2755 4580 contra
2783 4526 3050 4579 Nicoclem.
3080 4525 3171 4574 Est
3189 4536 3304 4573 vero

1737 4607 1955 4667 prytania
1977 4617 2206 4653 numerus
2229 4603 2417 4652 dierum
2441 4602 2634 4663 triginta
2653 4614 2734 4650 sex
2754 4599 2829 4649 vel
2850 4598 3046 4659 triginta
3068 4596 3303 4658 quinque,

1738 4688 1821 4735 per
1838 4688 1963 4735 quos
1989 4674 2190 4735 singulae
2213 4674 2368 4722 tribus
2383 4672 2616 4736 judicant.
2635 4670 2769 4720 Dixit
2791 4668 2851 4719 de
2873 4668 2933 4716 iis
2949 4666 3230 4715 Aristoteles
3253 4665 3302 4712 in

1736 4745 2094 4795 Atheniensium
2119 4743 2402 4808 Republica.

2479 4850 2557 4897 4³.

1796 4946 2235 5009 stephanephorus.
2262 4944 2506 5009 Antiphon
2527 4944 2576 4992 in
2605 4941 2824 4991 oratione
2845 4942 3016 4989 contra
3039 4936 3301 4988 Nicoclem.

1736 5017 1932 5067 Athenis
1956 5018 2155 5067 heroum
2181 5018 2327 5067 luisse
2362 5014 2554 5065 videtur
2587 5010 2984 5074 Stephanepliori.
3007 5006 3173 5058 Fuerit
3202 5020 3288 5055 au-

1735 5096 1833 5143 tem
1874 5092 2299 5155 Stephanephorus
2335 5101 2463 5139 unus
2489 5090 2696 5138 liliorum
2733 5100 2760 5136 c
2796 5084 2978 5137 Thestii
3021 5082 3211 5132 filiabus
3243 5082 3308 5130 ab

1738 5164 1938 5213 ilercule
1973 5166 2336 5225 susceptorum,
2373 5161 2515 5221 cujus
2555 5158 2832 5209 Hellanicus
2863 5153 3155 5206 Phoronidis
3179 5152 3306 5202 libro

1734 5234 1922 5283 decimo
1947 5234 2194 5293 meminit;
2224 5236 2308 5281 ant
2340 5231 2502 5280 tannim
2533 5231 2735 5279 sortasse
2767 5227 2856 5276 fuit
2879 5222 3023 5274 Attici
3045 5221 3306 5283 Stephane-

3017 5336 3082 5375 ¹5-
