3825 5834
519 497 590 546 76
1373 499 1748 560 ΑΙΣΧῙΝΟΥ
1782 503 1832 561 Ο
1876 502 2059 564 ΠΕΡΙ
2102 505 2767 614 ΠΑΡΑΠΡΕΣΒΕΙΑΣ.

3424 531 3729 611 ‹mo—m)

511 616 772 696 Δηίπυρον
812 617 902 676 καὶ
933 621 1290 700 Πολυφόντην,
1327 625 1586 705 δραπέτας
1613 628 1914 709 ἀνθρώπως
1938 675 1957 708 ,
1998 633 2057 690 ἐκ
2146 646 2521 713 Polyphontem,
2544 653 2768 717 fugitivos
2783 657 3001 711 homines
3043 675 3105 712 ex
3144 664 3334 716 Gracia
3354 669 3631 734 collectos,
3666 685 3729 722 ac

511 707 604 773 τῆς
627 701 882 772 Ἑλλάδος
911 709 1344 786 συνειλεγμένους,
1373 713 1464 770 καὶ
1491 714 1652 794 χωρὶς
1688 719 1759 783 εἰς
1786 716 1907 784 τοὺς
1934 719 2055 798 περὶ

429 811 484 850 ao
511 789 569 846 τὸ
598 792 746 868 βῆμα
778 791 871 849 καὶ
910 791 1006 864 τὴν
1030 797 1310 866 ἐκκλησίαν
1339 802 1705 880 μισθοφόρους,
1734 801 1785 860 οἳ
1816 803 1936 870 τοὺς
1957 804 2053 880 μὲν

509 876 868 958 ταλαιπώρους
908 879 1166 952 νησιώτας
1200 887 1316 943 καθ’
1373 885 1592 946 ἕκαστον
1644 891 1876 948 ἐνιαυτὸν
1930 889 2017 962 ἐξή
2032 927 2052 938 «-

504 983 660 1020 κοντα
700 961 931 1023 τάλαντα
961 966 1296 1048 εἰσέπραττον
1325 971 1583 1046 σύνταξιν,
1621 979 1846 1052 κατῆγον
1887 974 1944 1034 δὲ
1983 976 2050 1034 τὰ

504 1048 664 1106 πλοῖα
705 1047 800 1106 καὶ
842 1049 960 1116 τοὺς
1001 1051 1270 1126 Ἕλληνας
1319 1060 1380 1116 ἐκ
1424 1063 1516 1128 τῆς
1555 1065 1728 1132 κοινῆς
1770 1059 2045 1133 θαλάττης.

503 1132 595 1209 (72)
630 1133 767 1192 Ἀντὶ
781 1133 835 1193 δὲ
871 1134 1160 1213 ἀξιώματος
1187 1139 1278 1198 καὶ
1301 1145 1392 1212 τῆς
1431 1146 1534 1202 τῶν
1562 1142 1831 1216 Ἑλλήνων
1853 1150 2049 1226 ἡγεμο-

499 1219 612 1285 νίας
649 1223 683 1291 ἡ
725 1221 872 1289 πόλις
905 1227 1054 1299 ἡμῶν
1092 1227 1400 1298 Μυοννήσου
1445 1228 1535 1288 καὶ
1569 1235 1660 1302 τῆς
1698 1235 1799 1290 τῶν
1838 1235 2047 1312 λῃστῶν

503 1303 650 1374 δόξης
665 1306 1026 1384 ἀνεπίμπλατο
1042 1333 1057 1348 ·
1080 1311 1348 1380 Φίλιππος
1377 1313 1431 1372 δὲ
1453 1318 1693 1396 ὁρμηθεὶς
1715 1321 1774 1377 ἐκ
1793 1323 2040 1379 Μακεδο-

420 1410 475 1448 2⁶
498 1389 610 1457 νίας
645 1393 812 1451 οὐκέθ’
853 1393 982 1475 ὑπὲρ
1008 1397 1371 1477 Ἀμφιπόλεως
1399 1402 1524 1481 πρὸς
1557 1408 1696 1480 ἡμᾶς
1735 1406 2043 1483 ἠγωνίζετο,

499 1477 615 1534 ἀλλ’
638 1477 740 1548 ἤδη
768 1479 888 1561 περὶ
924 1481 1140 1557 Λήμνου
1169 1485 1257 1542 καὶ
1283 1481 1506 1567 Ἴμὸρου
1544 1489 1633 1547 καὶ
1669 1493 1874 1571 Σκύρου
1895 1537 1910 1564 ,
1940 1497 2042 1552 τῶν

497 1562 762 1643 ἡμετέρων
792 1567 1074 1642 κτημάτων
1091 1590 1104 1605 ·
1136 1569 1367 1638 ἐξέλιπον
1390 1572 1444 1631 δὲ
1473 1576 1803 1656 Χερρόνησον
1823 1583 1974 1656 ἡμῶν
1995 1584 2039 1639 ot

493 1651 706 1707 πολῖται
724 1694 742 1721 ,
763 1651 858 1722 τὴν
884 1647 1040 1714 οὖσαν
1059 1657 1471 1736 ὡμολογημέναις
1496 1660 1775 1732 Ἀθηναίων
1793 1688 1806 1703 ·
1834 1665 2040 1734 πλείους

494 1733 549 1792 δὲ
592 1737 873 1806 ἐκκλησίας
919 1742 1240 1819 συγκλήτους
1285 1747 1637 1824 ἠναγκάζεσθε
1679 1752 2034 1824 ἐκκλησιάζειν

491 1820 625 1894 μετὰ
645 1823 804 1902 φόὸου
839 1824 929 1883 καὶ
961 1827 1178 1907 θορύὸου
1207 1829 1241 1900 ἢ
1265 1830 1359 1898 τὰς
1387 1836 1703 1912 τεταγμένας
1730 1839 1790 1896 ἐκ
1822 1841 1925 1897 τῶν
1954 1841 2035 1898 νό·

493 1929 627 1983 μων.
663 1911 754 1989 (73)
785 1909 946 1970 Οὕτω
971 1913 1018 1971 δ’
1039 1906 1104 1986 ἦν
1132 1916 1369 1998 σφαλερὰ
1388 1919 1478 1977 καὶ
1496 1921 1793 1982 ἐπικίνδυνα
1816 1923 1884 1982 τὰ
1898 1927 2033 2005 πρά·

410 2007 465 2047 ³⁰
485 2017 664 2070 γματα
680 2041 696 2069 ,
722 1996 858 2057 ὥστε
886 2003 1190 2079 ἠναγκάσθη
1218 2005 1417 2086 γράψαι
1439 2007 1685 2089 ψήφισμα
1717 2015 2031 2093 Κηφισοφῶν

484 2084 513 2137 ὁ
545 2083 842 2162 Παιανιεύς,
865 2077 936 2152 εἷς
949 2089 1056 2145 τῶν
1079 2088 1240 2168 φίλων
1271 2091 1362 2148 καὶ
1381 2093 1596 2174 ἑταίρων
1623 2099 1727 2154 τῶν
1755 2098 2029 2177 Χάρητος,

483 2169 692 2228 ἐκπλεῖν
711 2169 804 2242 τὴν
819 2172 1071 2252 ταχίστην
1087 2175 1344 2256 Ἀντίοχον
1365 2179 1454 2238 τὸν
1471 2181 1556 2238 ἐπὶ
1579 2186 1684 2240 τῶν
1703 2186 2028 2265 ὑπηρετικῶν

481 2255 570 2314 καὶ
593 2259 761 2328 ζητεῖν
788 2258 880 2317 τὸν
901 2261 1190 2341 στρατηγὸν
1213 2265 1301 2323 τὸν
1327 2265 1416 2324 ἐπὶ
1435 2271 1502 2346 τῇ
1526 2269 1741 2346 δυνάμει
1761 2273 2025 2349 τεταγμέ-

481 2365 583 2414 νον,
627 2342 726 2402 κᾶν
763 2346 950 2426 ἐντύχῃ
980 2371 1112 2422 που,
1151 2350 1358 2432 φράζειν
1393 2352 1474 2412 ὅτι
1508 2356 1758 2433 θαυμάζει
1797 2362 1826 2416 ὁ
1865 2361 2028 2432 δῆμος

479 2431 583 2484 τῶν
609 2427 889 2502 Ἀθηναίων
935 2436 980 2491 εἰ
1022 2435 1295 2504 Φίλιππος
1331 2439 1428 2516 μὲν
1455 2443 1544 2500 ἐπὶ
1577 2444 1906 2525 Χερρόνησον
1930 2445 2024 2518 τὴν

483 2513 764 2586 Ἀθηναίων
787 2517 1091 2598 πορεύεται,
1121 2521 1378 2593 Ἀθηναῖοι
1406 2523 1460 2582 δὲ
1485 2528 1602 2585 οὐδὲ
1627 2530 1712 2587 τὸν
1731 2532 2023 2610 στρατηγὸν

481 2596 656 2657 ἴσασιν
694 2602 808 2660 οὐδὲ
850 2604 946 2676 τὴν
977 2606 1196 2685 δύναμιν
1237 2609 1302 2680 ἢν
1336 2609 1648 2692 ἐξέπεμψαν,
1688 2615 1816 2675 ὅπου
1856 2616 2021 2678 ἔστιν.

401 2698 453 2738 ³5
477 2683 608 2745 ‘'O-rt
637 2687 680 2744 δ’
716 2690 884 2760 ἀληθῆ
929 2689 1066 2769 λέγω
1086 2737 1102 2765 ,
1131 2693 1385 2754 ἀκούσατε
1427 2703 1518 2756 τοῦ
1559 2701 1892 2781 ψηφίσματος
1933 2705 2023 2763 καὶ

476 2771 840 2848 ἀναμνήσθητε
873 2783 966 2835 τοῦ
991 2778 1240 2854 πολέμου,
1272 2781 1363 2839 καὶ
1397 2781 1493 2854 τὴν
1534 2786 1740 2865 εἰρήνην
1767 2789 1881 2856 τοὺς
1918 2795 2023 2850 τῶν

472 2857 714 2936 πολέμων
743 2861 998 2938 ἡγεμόνας
1017 2908 1033 2936 ,
1058 2864 1194 2923 ἀλλὰ
1222 2866 1296 2943 μὴ
1323 2867 1440 2935 τοὺς
1458 2869 1703 2950 πρέσὸεις
1729 2877 2017 2938 ἀπαιτεῖτε.

1095 3010 1386 3058 wilmun
1395 3047 1408 3060 .

549 3136 624 3176 74.
669 3121 740 3178 Oi
771 3119 864 3196 μὲν
893 3121 1063 3200 καιροὶ
1089 3127 1182 3194 τῆς
1215 3125 1414 3194 πόλεως
1438 3134 1659 3190 τοιοῦτοι
1685 3123 1840 3205 ἦσαν,
1865 3137 1919 3192 ἐν
1947 3125 2020 3201 οἷς

469 3205 518 3260 οἱ
545 3203 666 3284 περὶ
693 3208 786 3275 τῆς
818 3205 1023 3287 εἰρήνης
1049 3208 1281 3287 ἐγένοντο
1311 3213 1455 3292 λόγοι
1477 3238 1490 3252 ·
1517 3217 1848 3294 ἀνιστάμενοι
1873 3219 1930 3278 δὲ
1970 3224 2017 3280 οἱ

467 3289 863 3367 συντεταγμένοι
879 3293 1084 3373 ῥήτορες
1097 3297 1215 3376 περὶ
1233 3297 1328 3374 μὲν
1343 3302 1434 3370 τῆς
1447 3302 1705 3381 σωτηρίας
1719 3307 1809 3374 τῆς
1821 3305 2018 3374 πόλεως

467 3375 612 3435 οὐδὲν
654 3379 939 3460 ἐνεχείρουν
966 3381 1152 3458 λέγειν,
1179 3386 1496 3448 ἆποόλέπειν
1525 3389 1578 3448 δὲ
1615 3393 1685 3457 εἰς
1712 3389 1778 3449 τὰ
1806 3392 2015 3472 προπύ-

389 3472 444 3512 40
465 3464 587 3522 λαια
616 3469 706 3536 τῆς
729 3469 1056 3546 ἀκροπόλεως
1082 3471 1317 3533 ἐκέλευον
1345 3480 1486 3552 ἡμᾶς
1515 3475 1604 3534 καὶ
1632 3481 1724 3548 τῆς
1749 3479 1802 3535 ἐν
1831 3481 2013 3539 Σαλα-

463 3556 575 3624 μῖνι
603 3551 731 3632 πρὸς
757 3553 846 3612 τὸν
879 3554 1093 3634 Πέρσην
1137 3560 1430 3638 ναυμαχίας
1474 3564 1767 3638 μεμνῆσθαι
1785 3566 2012 3676 ,καὶὶτῶν

459 3641 1051 3802 Ξίἶῗέζῗᾷὲῖρῖἷῖἷῖἷ
1075 3643 2011 3814 ’ἓζζῖἶζῑῖρᾜῗέὲοαἷῗῖμξέῑῖοἶῗ

461 3807 638 3882 μέντοι
653 3809 746 3877 τὰς
762 3813 864 3869 τῶν
883 3815 1147 3891 προγόνων
1169 3817 1466 3891 εὗὸουλίας,
1486 3819 1552 3878 τὰ
1575 3819 1628 3878 δὲ
1651 3822 2009 3902 ἁμαρτήματα

459 3896 630 3968 αὐτῶν
662 3897 752 3954 καὶ
788 3897 884 3968 τὴν
925 3899 1140 3980 ἄκαιρον
1169 3903 1483 3982 φιλονεικίαν
1512 3907 1884 3987 φυλάττεσθαι,
1911 3909 2007 3979 τὴν

459 3979 554 4054 μὲν
567 3983 620 4038 ἐν
636 3984 930 4052 Πλαταιαῖς
945 3986 1072 4064 πρὸς
1085 3988 1201 4055 τοὺς
1217 3990 1422 4070 Πέρσας
1438 3995 1764 4074 πεζομαχίαν
1782 3997 1872 4055 καὶ
1891 3997 2009 4065 τοὺς

387 4068 660 4142 38ἀγῶνας
685 4067 804 4136 τοὺς
829 4073 948 4150 περὶ
973 4075 1252 4152 Σαλαμῖνα
1281 4078 1372 4136 καὶ
1393 4079 1488 4151 τὴν
1518 4084 1572 4138 ἐν
1601 4085 1887 4162 Μαραθῶνι
1911 4084 2010 4160 μά-

453 4175 557 4231 χην
585 4154 676 4213 καὶ
705 4153 800 4227 τὴν
834 4158 915 4215 ἐπ’
942 4159 1251 4242 Ἀρτεμισίῳ
1279 4166 1578 4246 ναυμαχίαν
1604 4167 1696 4226 καὶ
1727 4167 1822 4240 τὴν
1862 4171 2007 4230 Τολ-

453 4243 606 4317 μίδου
620 4248 804 4316 ζηλοῦν
823 4251 1142 4328 στρατηγίαν
1157 4253 1401 4330 κελεύων,
1419 4257 1475 4324 δς
1491 4259 1690 4337 χιλίους
1707 4260 2006 4329 ἐπιλέκτους

451 4327 585 4406 ἔχων
615 4330 896 4404 Ἀθηναίων
919 4335 1004 4394 διὰ
1027 4340 1190 4414 μέσης
1220 4343 1617 4414 Πελοποννήσου
1645 4347 1898 4422 πολεμίας
1924 4346 2006 4405 οὔ·

449 4438 543 4488 σης
570 4417 734 4487 ἀδεῶς
755 4419 967 4500 διεξῄει,
1049 4425 1135 4506 (70)
1155 4427 1250 4498 τὴν
1279 4430 1325 4486 δ
1353 4431 1423 4496 εἰς
1450 4431 1695 4490 Σικελίαν
1725 4433 2000 4511 στρατείαν
2115 4463 2126 4474 ·

449 4503 816 4584 φυλάττεσθαι,
833 4508 898 4580 ἣν
915 4508 1206 4592 ἐξέπεμψαν
1223 4515 1510 4582 Λεοντίνοις
1528 4517 1883 4596 βοηθήσοντες,
1895 4522 1999 4578 τῶν

381 4603 408 4642 ο
447 4591 710 4667 πολεμίων
738 4594 1140 4672 ἐμὸεὸληκότων
1173 4603 1244 4668 εἰς
1270 4603 1364 4672 τὴν
1391 4601 1571 4682 χώραν
1597 4607 1748 4679 ἡμῶν
1775 4607 1865 4664 καὶ
1894 4613 1997 4668 Δε-

446 4676 647 4743 κελείας
669 4679 1168 4762 ἐπιτετειχισμένης,
1189 4687 1278 4746 καὶ
1303 4685 1398 4758 τὴν
1419 4689 1723 4748 τελευταίαν
1748 4689 1998 4750 ἀδουλίαν
2090 4748 2101 4758 ,

2144 758 2357 798 seorsum
2388 751 2435 800 in
2470 757 2787 808 mercenarios
2820 760 2935 810 istos
2950 796 2967 823 ‚
2990 763 3072 824 qui
3112 764 3163 813 in
3186 769 3411 830 suggesto
3435 772 3487 819 et
3514 775 3729 823 concio-

2142 847 2283 898 nibus
2302 854 2573 917 versantur,
2600 856 2685 918 qui
2704 869 2733 908 a
2760 859 2946 912 miseris
2980 863 3271 917 insulsi-ibus
3286 871 3557 931 quotannis
3580 886 3727 922 sexa·

2139 945 2269 1008 ginta
2284 949 2463 1001 talenta
2474 953 2731 1016 exigebant
2742 957 2913 1010 tributi
2930 966 3144 1028 nomine,
3178 965 3265 1027 qui
3278 971 3495 1019 naveset
3507 974 3726 1023 Graecos

2138 1041 2187 1091 in
2218 1049 2459 1097 communi
2476 1051 2596 1100 mari
2629 1052 3047 1116 depraedabantur.
3096 1061 3199 1124 (72)
3230 1066 3407 1116 Nostra
3436 1079 3563 1117 vero
3594 1070 3721 1120 urbs

2138 1140 2243 1190 loco
2282 1147 2578 1199 auctoritatis
2603 1153 2653 1200 et
2682 1153 2979 1218 principatus
3002 1161 3285 1212 Graecorum
3298 1198 3313 1222 ,
3352 1166 3565 1216 eandm
3600 1171 3719 1231 opi-

2135 1237 2325 1290 nionem
2370 1255 2515 1305 quam
2574 1251 2863 1311 Myonnesus
2916 1256 2969 1304 et
3034 1257 3205 1318 piratae
3255 1265 3523 1314 consecuta
3590 1269 3719 1316 erat.

2136 1333 2382 1401 Philippus
2402 1354 2547 1403 porro
2569 1356 2596 1393 e
2614 1346 2895 1398 macedonia
2912 1363 3215 1416 progressus,
3239 1369 3341 1406 non
3376 1361 3434 1408 ut
3462 1359 3720 1414 hactenus

2132 1433 2194 1484 dc
2216 1437 2484 1501 Amphipoli
2520 1441 2770 1496 nobiscum
2812 1451 3081 1514 pugnabat,
3111 1453 3197 1503 sed
3215 1455 3321 1517 J‘am
3341 1457 3405 1508 de
3438 1461 3638 1510 Lemno
3664 1465 3719 1512 et

2133 1530 2295 1582 Imbro
2328 1536 2377 1582 et
2414 1539 2591 1602 Scyro,
2620 1542 2793 1594 nostris
2818 1548 3190 1606 possessionibus
3218 1570 3232 1600 z
3261 1555 3311 1602 et
3336 1555 3713 1609 chersonesum

2132 1629 2261 1680 cives
2280 1635 2429 1683 nostri
2447 1636 2755 1702 deserebant,
2780 1655 2893 1705 σοι».
2910 1646 3033 1696 citra
3049 1651 3429 1704 controversiam
3448 1658 3527 1706 est
3553 1659 3713 1709 Athe·

2126 1733 2379 1786 niensium.
2396 1738 2701 1800 cogebamlni
2724 1747 2887 1796 autem
2906 1750 2963 1798 ut
2975 1750 3134 1812 plures
3144 1755 3403 1808 conciones
3426 1762 3715 1812 extraordi-

2124 1834 2281 1884 narias
2296 1849 2409 1886 cum
2427 1840 2641 1892 tumultu
2662 1847 2713 1894 et
2738 1851 2873 1897 metu
2898 1849 3169 1916 haberetis,
3194 1869 3344 1918 quam
3362 1861 3519 1911 statas
3543 1876 3611 1912 ac
3640 1865 3711 1914 le-

2125 1932 2327 1994 gitimas.
2350 1935 2451 2002 (73)
2474 1942 2565 1990 Res
2580 1955 2725 2004 porro
2750 1947 2813 1996 ila
2836 1947 3136 2002 labefactatae
3156 1965 3215 2004 ac
3227 1957 3518 2016 pen-iwlosae
3538 1967 3709 2026 erant,

2124 2035 2178 2082 ut
2195 2037 2492 2102 cephisopho
2512 2043 2813 2109 Paeaniensis,
2831 2049 3016 2101 amicus
3030 2053 3079 2102 et
3092 2053 3340 2106 familiaris
3352 2059 3603 2124 charetis,
3624 2064 3709 2114 de·

2120 2132 2309 2181 cretum
2335 2135 2542 2188 scribere
2564 2145 2831 2206 cogeretur,
2860 2149 2917 2196 ut
2944 2149 3209 2200 Antiochus
3240 2156 3475 2206 actuariis
3492 2161 3709 2223 navigiis

2118 2228 2388 2291 prael'ectus,
2407 2245 2555 2294 quam
2572 2237 2783 2298 primum
2796 2240 3025 2308 solveret,
3048 2245 3389 2309 imperatorem
3403 2256 3567 2315 qutoei
3572 2260 3703 2320 tum,

2119 2319 2195 2368 cui
2220 2324 2501 2374 commissus
2518 2331 2643 2378 esset
2673 2333 2911 2384 exercitus
2938 2355 2951 2384 ε
2984 2339 3156 2400 quodsi
3181 2341 3229 2391 in
3266 2356 3379 2395 eum
3410 2347 3698 2414 incidisset,

2120 2413 2167 2464 ei
2186 2421 2422 2481 narraret,
2448 2422 2609 2474 mirari
2626 2427 2861 2489 populum
2876 2431 3233 2499 Atheniensem,
3247 2440 3529 2504 Philippum
3548 2449 3703 2498 Cher·

2116 2521 2363 2576 sonesum,
2405 2527 2515 2577 quae
2547 2519 2611 2569 sit
2650 2522 3013 2579 Atheniensium
3030 2564 3046 2591 ,
3070 2531 3327 2598 invadere3
3371 2540 3703 2594 Athenienses

2114 2609 2277 2657 autem
2294 2612 2499 2675 nescire,
2524 2627 2613 2665 nec
2635 2616 2737 2667 dux
2754 2633 2843 2670 nec
2860 2625 3013 2686 copim
3042 2639 3163 2690 quas
3178 2632 3398 2684 miserint
3414 2673 3430 2695 ‚
3450 2637 3543 2688 ubi
3578 2641 3699 2692 siut.

2116 2703 2181 2751 Ut
2206 2706 2367 2754 autem
2389 2719 2501 2757 vera
2530 2723 2607 2760 me
2640 2713 2770 2776 loqui
2802 2716 3103 2784 intelligatis,
3131 2723 3383 2777 decretum
3430 2732 3611 2784 audite
3646 2739 3701 2785 et

2114 2792 2227 2844 belli
2246 2800 2653 2866 recordamini‚et
2679 2820 2845 2870 pacem
2878 2826 2907 2861 a
2928 2814 3040 2866 belli
3064 2817 3297 2884 ducibus,
3318 2836 3417 2875 non
3446 2839 3479 2875 a
3514 2827 3695 2892 legatis

2114 2890 2377 2951 repetitote.

2712 3048 3061 3096 DRCBETUM.

2172 3151 2247 3198 74.
2277 3155 2346 3202 Ac
2375 3155 2589 3218 tempora
2614 3161 2813 3221 quidem
2843 3165 3079 3231 civitatis,
3112 3173 3289 3235 quibus
3305 3176 3369 3227 de
3392 3191 3519 3242 pace
3538 3187 3694 3235 verba

2108 3238 2301 3304 tiebant,
2320 3249 2457 3298 erant
2472 3247 2759 3311 huiusmodi.
2774 3259 3001 3311 oratores
3016 3265 3180 3314 autem
3200 3267 3277 3317 isti
3295 3269 3510 3334 factiosi,
3530 3290 3695 3338 quum

2105 3337 2166 3385 ad
2186 3338 2443 3394 dicendum
2472 3349 2753 3413 surgebant,
2776 3353 2838 3404 de
2862 3356 3075 3410 civitatis
3104 3363 3302 3423 quidem
3338 3367 3693 3424 incolumitate

2104 3433 2221 3484 nihil
2243 3435 2293 3485 in
2308 3439 2521 3490 medium
2538 3444 2819 3510 atterebant,
2835 3450 2918 3500 sed
2936 3464 3025 3503 vos
3039 3455 3166 3506 arcis
3178 3460 3481 3514 vestibulum
3502 3467 3687 3518 intueri

2098 3525 2357 3590 iubebant,
2390 3537 2439 3582 et
2460 3535 2731 3588 Salaminiae
2754 3553 2927 3604 pugnae
2948 3550 3118 3598 contra
3140 3553 3324 3615 Persas,
3350 3557 3403 3605 et
3418 3562 3687 3621 sepulcro-

447 4762 795 4841 φυλάξασθαι,
831 4767 904 4826 ὅθ’
945 4773 1224 4851 ἡττημένοι
1251 4777 1326 4853 τῷ
1354 4775 1599 4855 πολέμῳ,
1627 4777 2021 4856 προκαλουμέ-“
2122 4763 2124 4766 ⁴
2189 4844 2201 4856 ,

445 4870 545 4905 νων
573 4851 757 4918 αὐτοὺς
781 4858 1205 4934 Λακεδαιμονίων
1229 4861 1436 4941 εἰρήνην
1463 4861 1604 4940 ἄγειν
1631 4861 1848 4941 ἔχοντας
1869 4864 1997 4944 πρὸς

443 4937 509 5012 τῇ
537 4932 744 5014 Ἀττικῇ
775 4943 988 5017 Λῆμνον
1013 4946 1102 5005 καὶ
1125 4943 1348 5028 Ἴμὸρον
1376 4953 1467 5006 καὶ
1493 4951 1695 5029 Σκῦρον
1722 4949 1811 5009 καὶ
1829 4951 1993 5027 δημο·

442 5021 817 5098 κρατουμένους
841 5027 976 5086 κατὰ
1000 5032 1114 5101 τοὺς
1135 5035 1349 5112 νόμους,
1375 5035 1570 5094 τούτων
1594 5036 1689 5112 μὲν
1717 5035 1862 5096 οὐδὲν
1883 5037 1995 5110 ἥθε·

443 5105 532 5162 λον
555 5115 740 5181 ποιεῖν,
759 5112 1002 5189 πολεμεῖν
1022 5119 1075 5177 δὲ
1096 5125 1416 5202 προῃροῦντο
1439 5123 1496 5179 οὗ
1521 5123 1811 5199 δυνάμενοι,
1834 5126 1994 5184 Κλεο·

443 5193 552 5272 φῶν
590 5191 646 5252 δὲ
687 5195 716 5252 ὁ
765 5197 1054 5278 λυροποιός,
1098 5206 1152 5265 ὃν
1189 5206 1374 5266 πολλοὶ
1415 5207 1684 5286 δεδεμένον
1717 5213 1770 5269 ἐν
1811 5210 1991 5279 πέδαις
