3825 5834
1250 403 1321 465 X.
1368 405 1573 467 ΚΑΤΑ
1617 402 2004 467 ΦΙΛΙΠΠΟΥ
2046 410 2116 467 Δ.

130 538 335 611 φέροντος,
368 535 445 589 καὶ
466 540 537 607 τῷ
561 534 750 607 αἰσχρῷ
772 534 977 589 ἐνταῦθα
1003 540 1381 609 προσχρώμενος
1398 579 1413 603 ,
1444 540 1631 602 δεικνὺς

131 621 223 684 ὅσην
244 616 457 685 αἰσχύνην
478 614 745 684 ὀφλήσουσι
770 616 853 667 καὶ
878 616 1075 686 γέλωτα
1100 616 1462 689 ῥαθυμήσαντες
1482 640 1491 649 ·
1522 618 1632 672 εἶτα

130 696 205 750 ἀπὸ
230 700 301 761 τῆς
316 696 499 764 κρίσεως
523 698 609 747 τοῦ
636 693 873 764 πολεμίου
898 694 1180 759 Φιλίππου,
1204 698 1280 749 ὅτι
1298 696 1483 758 ἐκεῖνος
1496 697 1635 751 οὐδὲν

128 775 229 825 ἄλλο
252 794 292 826 τι
317 775 369 825 ἂν
392 772 573 833 εὔξαιτο
600 773 757 825 ποιεῖν
794 770 883 837 τὴν
911 772 1076 825 πόλιν.
1154 773 1425 844 Πληρώσας
1454 775 1504 828 δὲ
1546 776 1631 829 τὸν

128 852 317 923 ἐπίλογον
364 852 562 923 ἄρχεται
594 854 681 904 τοῦ
724 852 933 905 δυνατοῦ
952 892 967 915 ,
1016 850 1293 922 ἀνενεγκὼν
1348 852 1427 906 ἐπὶ
1473 853 1631 925 ἀρχὴν

125 931 391 1001 ἀρχαιοτέραν
420 932 500 985 τὸν
526 931 705 1002 λόγον,
730 930 825 985 ἀπὸ
848 933 933 996 τῆς
958 929 1134 992 λέξεως
1162 931 1337 999 ταύτης
1363 932 1451 998 τὴν
1472 932 1629 1003 ἀρχὴν

126 1014 397 1081 ποιησάμενος
434 1014 527 1082 (p.
584 1012 705 1079 137,
740 1028 761 1063 1
789 1010 841 1081 )·
905 1032 925 1058 ιι
958 1009 1095 1062 οὐδὲν
1136 1011 1359 1076 πώποτε,
1388 1007 1433 1065 ὦ
1468 1013 1635 1081 ἄνδρες

130 1114 146 1139 ι
178 1090 417 1158 Ἀθηναῖοι,
452 1097 549 1143 τῶν
576 1090 879 1161 πραγμάτων
906 1088 953 1149 ἐξ
990 1088 1145 1159 ἀρχῆς
1170 1089 1491 1156 ἔνεστήσασθε
1522 1090 1631 1145 οὖδὲ

128 1192 144 1215 ι
170 1168 544 1221 κατεσκευάσασθε
570 1167 741 1237 ὀρθῶς.
779 1188 801 1213 u
837 1164 897 1217 Εἰ
926 1166 978 1219 δὲ
1022 1167 1104 1217 καὶ
1135 1170 1543 1237 συμπαρομαρτεῖ
1570 1171 1633 1239 τῇ

124 1245 289 1315 ἐργασίᾳ
332 1249 413 1298 τοῦ
451 1243 718 1315 κεφαλαίου
755 1244 961 1307 τούτου,
990 1243 1124 1313 λέγω
1156 1248 1241 1297 τοῦ
1294 1244 1501 1297 δυνατοῦ
1518 1284 1534 1310 ,
1574 1246 1633 1299 τὸ

123 1330 346 1397 συμφέρον,
382 1327 462 1379 καὶ
488 1327 767 1379 συννοεῖται
798 1327 903 1386 τοῖς
929 1324 1239 1395 λεγομένοις,
1278 1324 1416 1377 οὗδὲν
1446 1327 1631 1395 θαυμα-

122 1411 236 1459 στόν·
265 1408 449 1473 σύνηθες
474 1406 571 1477 γὰρ
611 1404 743 1477 αύτῷ
784 1406 847 1459 τὰ
872 1405 1111 1475 κεφάλαια
1149 1405 1363 1459 πλέκειν.
1440 1406 1555 1460 Ὅτι
1582 1407 1635 1461 δὲ

122 1493 175 1557 τῷ
192 1489 355 1557 δυνατῷ
377 1484 569 1556 μᾶλλον
596 1486 974 1555 προσκεχώρηκε
994 1484 1147 1551 δῆλον
1170 1484 1223 1539 ἐκ
1242 1492 1339 1538 τῶν
1359 1486 1627 1558 ἐχομένων·

124 1566 227 1625 εὗθῦς
248 1566 333 1635 γὰρ
358 1564 497 1617 ἔλυσε
534 1565 621 1616 καὶ
662 1562 999 1632 ἀνθυποφορὰν
1018 1604 1035 1627 ,
1068 1562 1125 1615 ού
1152 1564 1247 1625 θεὶς
1276 1563 1363 1634 μὲν
1396 1563 1545 1630 αὐτὴν
1581 1564 1634 1618 ἐκ

122 1648 319 1713 φανεροῦ,
342 1644 563 1710 δηλώσας
585 1642 637 1695 δὲ
670 1642 751 1693 διὰ
778 1647 875 1694 τῶν
906 1641 1094 1694 λύσεων
1112 1662 1123 1673 ·
1152 1641 1299 1695 Ἀλλὰ
1328 1644 1634 1714 δυνησόμεθα

124 1724 321 1790 βοηθείαις
354 1726 602 1793 χρώμενοι
649 1722 857 1775 κωλύειν
885 1720 1097 1775 ἐκεῖνον.
1177 1719 1376 1787 Ἐπειδὴ
1412 1722 1508 1792 γὰρ
1542 1723 1634 1793 πρὸ

124 1802 289 1870 βραχέος
308 1802 543 1873 ἐχρήσατο
568 1800 619 1854 ἐν
648 1807 719 1871 τῷ
742 1800 869 1853 τέλει
894 1804 979 1865 τῆς
1000 1801 1185 1863 λύσεως
1206 1805 1293 1867 τῆς
1320 1806 1404 1854 τοῦ
1424 1803 1635 1872 νομίμου

123 1878 384 1946 ἀντιθέσεως,
422 1884 504 1947 τῆς
535 1881 778 1950 λεγούσης
804 1881 909 1931 δεῖν
938 1878 1084 1933 αὐτὸν
1114 1882 1313 1950 γράφειν
1344 1882 1455 1953 περὶ
1488 1881 1634 1935 πολέ·

124 1979 195 2027 μου
216 1961 441 2029 ψήφισμα,
467 1962 721 2030 προτροπῇ
746 1958 843 2011 τινὶ
865 1957 1154 2029 ἐπιλογικῇ,
1192 1959 1355 2029 λέγων
1382 1964 1397 2025 ·'.
1422 1978 1476 2029 p.
1512 1961 1631 2029 137,

124 2044 175 2100 6)
194 2040 279 2089 δεῖν
298 2038 727 2099 κατασκευάζεσθαι
746 2038 1019 2108 στράτευμα
1039 2039 1121 2090 καὶ
1144 2038 1345 2100 ὁπλίτας
1366 2040 1451 2093 καὶ
1470 2040 1635 2102 ἱππέας

122 2118 187 2168 καὶ
204 2119 409 2187 τριήρεις,
436 2117 515 2169 διὰ
544 2121 693 2171 τοῦτο
716 2117 799 2170 καὶ
824 2117 1091 2187 προέλαθεν
1116 2116 1170 2170 ἐκ
1198 2121 1282 2183 τῆς
1300 2118 1525 2184 εἰσὸολῆς
1546 2118 1634 2183 τὴν

123 2195 248 2249 λύσιν.
316 2196 399 2247 Καὶ
422 2205 505 2249 νῦν
534 2197 719 2267 ὁμοίως
742 2199 1075 2267 φανερώτερον
1094 2196 1211 2267 πρὸς
1228 2196 1317 2262 τὴν
1344 2196 1493 2263 αὐτὴν
1514 2196 1635 2251 ἀπο·

126 2276 297 2343 μάχεται
338 2275 489 2346 λέγων
510 2314 525 2341 ,
573 2298 595 2323 ιι
643 2275 731 2327 οὗκ
776 2275 934 2329 ἔνεστι
984 2276 1225 2345 βοηθείαις
1264 2279 1545 2347 χρωμένους
1580 2276 1637 2329 οὗ

128 2378 144 2399 ι
170 2357 257 2407 δέον
283 2376 325 2408 τι
352 2356 541 2427 πρᾶξαι.
579 2378 603 2403 ιι
656 2355 751 2407 Καὶ
785 2355 943 2417 ἄλλας
969 2356 1020 2408 δὲ
1068 2356 1297 2418 ύπονοίας
1353 2356 1525 2421 ἔλυσε,
1568 2356 1635 2427 μὴ

123 2434 398 2505 διαρθείρηται
441 2434 503 2487 τὰ
529 2434 801 2505 χρήματα,
843 2432 910 2504 μὴ
964 2435 1123 2503 μάτην
1159 2434 1427 2506 ἀναλωθῇ,
1466 2436 1529 2487 δι’
1565 2432 1635 2487 ὧν

124 2510 207 2565 εἶπε
230 2516 319 2565 δεῖν
340 2514 507 2583 ταμίας
540 2513 827 2566 καθιστάναι
856 2512 939 2564 καὶ
982 2513 1161 2583 λόγους
1199 2514 1467 2585 λαμὸάνειν
1509 2514 1637 2583 παρὰ

123 2596 197 2641 τῶν
234 2598 523 2663 στρατηγῶν.
602 2590 743 2644 Μετὰ
792 2596 947 2644 ταῦτα
983 2592 1129 2645 πάλιν
1170 2590 1265 2645 ἀπὸ
1310 2597 1399 2645 τοῦ
1430 2594 1637 2647 δυνατοῦ

123 2667 332 2722 ἀντέπεσεν
359 2670 597 2732 ἀντίθεσις
617 2687 629 2697 ·
678 2668 827 2722 Ἀλλὰ
862 2670 1061 2740 χαλεπὰ
1107 2670 1189 2723 καὶ
1224 2670 1414 2741 ἐργώδη
1446 2672 1630 2741 λέγεις·

124 2747 403 2815 Δημόσθενες·
447 2748 581 2802 εἶναι
618 2748 670 2801 δὲ
704 2748 853 2815 αὐτὴν
904 2754 991 2803 τοῦ
1028 2751 1234 2803 δυνατοῦ
1270 2750 1425 2821 φαμὲν
1458 2752 1537 2803 διὰ
1580 2752 1637 2805 τὸ

124 2830 403 2897 πραγματείας
420 2828 575 2883 εἰπεῖν
594 2828 679 2880 καὶ
706 2829 899 2889 πόνους.
974 2828 1162 2899 Σχεδὸν
1182 2828 1280 2900 γὰρ
1306 2830 1363 2881 τὸ
1389 2828 1455 2899 μὴ
1474 2830 1637 2900 ῥᾴδιον

127 2902 229 2956 εἶναι
252 2908 301 2958 τὸ
328 2911 527 2979 πρᾶγμα
566 2907 825 2977 σημαίνει,
870 2906 927 2959 οὗ
966 2906 1063 2977 μὴν
1091 2906 1403 2973 ἀπήλλακται
1431 2914 1519 2961 τοῦ
1558 2929 1637 2980 με·

126 2984 191 3052 τέχ
194 3003 250 3035 ειν
276 2988 349 3038 καὶ
380 2992 464 3040 τοῦ
498 2988 825 3058 συμφέροντος
842 3006 853 3016 ·
890 2986 973 3039 καὶ
1012 2990 1161 3039 τοῦτο
1202 2988 1445 3040 δείκνυται
1480 2994 1640 3059 σαφῶς

124 3060 163 3113 ἐκ
198 3070 279 3116 τῶν
312 3066 513 3121 λύσεων.
594 3066 690 3117 Καὶ
720 3064 849 3118 ἔστιν
894 3063 925 3131 ἥ
964 3064 1200 3127 ἀντίθεσις
1230 3067 1313 3137 (p.
1348 3068 1465 3134 137,
1496 3084 1566 3119 22
1594 3071 1636 3135 )·

130 3164 145 3185 ι
176 3141 225 3191 Εἰ
248 3144 293 3195 δέ
317 3163 384 3216 τῳ
414 3146 559 3197 δοκεῖ
590 3148 745 3197 ταῦτα
774 3144 857 3197 καὶ
880 3145 1096 3211 δαπάνης
1136 3145 1326 3211 πολλῆς
1360 3147 1445 3198 καὶ
1474 3148 1641 3200 πόνων

128 3242 145 3264 a
169 3221 339 3275 πολλῶν
364 3225 443 3276 καὶ
476 3224 813 3295 πραγματείας
833 3220 989 3287 εἶναι,
1020 3224 1103 3277 καὶ
1122 3224 1240 3295 μάλ’
1256 3224 1409 3295 ὀρθῶς
1430 3227 1583 3281 δοκεῖ.
1612 3248 1633 3275 ιι

124 3298 276 3367 mm
302 3302 437 3355 ἔλυσε
462 3309 536 3374 τῷ
558 3304 880 3373 συμφέροντι,
911 3302 1063 3365 δείξας
1092 3302 1423 3373 ἐργωδέστερα
1452 3304 1535 3355 καὶ
1553 3324 1589 3373 χ
1592 3322 1643 3355 α·

126 3375 329 3450 λεπώτερα
353 3380 413 3434 τὰ
448 3381 833 3451 συμὸησόμενα,
870 3380 912 3433 εἰ
958 3380 1025 3451 μὴ
1058 3382 1169 3443 τοῦς
1206 3382 1403 3453 μικροὶις
1445 3383 1643 3445 τούτους

126 3455 186 3505 καὶ
206 3459 301 3518 τοῦς
322 3458 517 3529 ὀλίγους
544 3458 829 3524 ἐθελήσαιεν
852 3460 1115 3530 ὑπομεῖναι
1136 3462 1330 3522 πόνους.
1406 3461 1499 3513 Καὶ
1514 3461 1643 3514 ἄλλο

126 3532 163 3583 δέ
184 3553 219 3584 τι
238 3538 361 3607 μέρος
380 3538 486 3591 λύει
509 3540 597 3605 τῆς
627 3537 771 3603 αύτῆς
796 3536 1075 3600 ἀντιθέσεως
1091 3578 1107 3603 ,
1142 3540 1259 3609 ὅπερ
1286 3540 1342 3593 ού
1366 3542 1571 3593 τέθεικεν
1590 3540 1642 3593 ἐκ

126 3618 190 3663 τοῦ
214 3621 461 3686 προφανοῦς
482 3656 499 3681 ,
529 3619 695 3687 ὥσπερ
715 3616 765 3669 ἐν
789 3624 859 3689 τῷ
885 3618 1192 3683 Διοπείθους,
1224 3618 1393 3691 ἔκρυψε
1420 3619 1491 3685 δὲ,
1519 3621 1643 3673 διότι

128 3690 191 3741 οὐκ
212 3690 261 3758 ἦν
280 3695 583 3765 εὐπρόσωπος
603 3694 713 3747 οὐδὲ
738 3696 939 3757 πιθανὸς
965 3696 1074 3749 οὗδὲ
1102 3698 1303 3759 δυνατὸς
1324 3698 1353 3749 ὁ
1389 3698 1497 3768 περὶ
1532 3699 1641 3750 τού-

129 3786 191 3819 του
215 3771 361 3843 λόγος.
435 3775 519 3836 Τίς
559 3773 657 3844 γὰρ
700 3774 817 3844 ὑπὲρ
863 3772 1137 3845 ἀλλοτρίων
1164 3775 1325 3828 εἵλετο
1354 3776 1641 3829 κινδυνεύειν

128 3848 189 3897 καὶ
209 3850 436 3916 δαπανᾶνς
470 3852 525 3904 αἱ
548 3853 713 3923 μέντοι
738 3869 796 3921 γε
826 3851 985 3913 λύσεις
1010 3851 1211 3921 ἔχουσαι
1237 3854 1342 3923 μεθ’
1376 3852 1557 3907 ἑαυτῶν
1586 3855 1643 3907 τὸ

130 3923 351 3996 ἀναγκαῖον
378 3937 473 3984 τῶν
502 3930 664 4002 ἔργων
686 3931 771 3982 καὶ
796 3935 1081 4000 κεραννῦσαι
1107 3929 1195 3996 τὴν
1218 3932 1449 4002 πρότασιν
1468 3972 1483 3995 ,
1516 3932 1642 3985 εἰκό-

127 4021 197 4064 ῒως
216 4004 289 4071 τὴν
312 4010 577 4078 παρρησίαν
596 4014 667 4080 τῷ
688 4009 949 4080 συμὸούλῳ
968 4011 1279 4080 παρέχουσιν.
1362 4010 1645 4082 Ἐχρήσατο

129 4086 219 4149 γοῦν
242 4086 555 4159 θουκυδιδείῳ
590 4088 729 4141 λύσει
746 4128 759 4151 ,
790 4084 909 4159 ᾗπερ
939 4089 967 4141 ὁ
991 4090 1184 4151 Adesto<
1200 4092 1455 4161 χρώμενος
1480 4093 1643 4162 φαίνε-

130 4179 211 4227 τκτ,
233 4165 296 4217 ὅτι
324 4172 388 4237 τῷ
422 4167 509 4237 μὲν
538 4169 702 4220 δοκεῖν
748 4167 863 4237 θπὲρ
890 4167 1091 4233 ἄλλων,
1121 4172 1183 4240 τῇ
1210 4170 1263 4222 δὲ
1291 4169 1499 4240 ἀληθείᾳ
1530 4171 1643 4241 ὑπὲρ

128 4238 236 4307 ἦμῶν
258 4244 313 4295 ti
338 4248 597 4317 γινόμενα.
668 4246 821 4313 Καὶῆ
863 4246 999 4309 λύσις
1034 4246 1269 4317 ἐναργής·
1306 4270 1327 4297 ιι

136 4340 151 4363 ·
178 4319 260 4374 ἔστί
282 4343 345 4385 τις
374 4324 616 4396 ἐγγυητὴς
631 4324 753 4397 ἡμῖν
782 4328 903 4379 θεῶν
922 4365 937 4391 ,
959 4326 1015 4379 οὗ
1042 4326 1139 4397 γὰρ
1168 4326 1433 4397 ἀνθρώπιον
1475 4349 1533 4399 γε
1568 4330 1647 4383 οὗ·

136 4420 153 4443 ·
176 4402 271 4463 δείς.
298 4427 317 4452 ιι
348 4406 437 4456 Καὶ
461 4406 612 4459 πάλιν
640 4406 827 4475 προϊὼν
846 4406 874 4457 ὁ
902 4405 1052 4476 λόγος
1078 4406 1254 4477 φησίν·
1288 4429 1309 4456 ιι
1344 4406 1387 4460 εἰ
1422 4408 1473 4461 δὲ
1512 4411 1648 4478 πρόϊ-

138 4496 153 4519 ·
180 4498 279 4549 σμεν
316 4484 519 4545 ἅπαντες
558 4485 633 4536 ὅτι
675 4484 781 4551 ὅσῳ
813 4485 871 4536 ἂν
910 4485 1151 4538 πλειόνων
1186 4484 1403 4557 ἐάσωμεν
1460 4486 1645 4541 ἐκεῖνον

136 4578 153 4601 ⁸
176 4560 371 4621 γενέσθαι
406 4562 601 4633 κύριον,
630 4564 847 4633 τοσούτῳ
882 4564 1213 4637 χαλεπωτέρῳ
1238 4566 1322 4619 καὶ
1356 4566 1648 4639 ἰσχυροτέρῳ

138 4656 153 4681 t
179 4642 459 4709 χρησόμεθα,
477 4640 657 4713 ἐχθρῷ.
712 4664 733 4691 n
786 4640 903 4695 Ἐπὶ
927 4644 1113 4705 τούτοις
1148 4642 1402 4699 ἀντέπεσεν
1441 4646 1537 4700 ἀπὸ
1564 4651 1648 4713 τῆς

136 4712 319 4783 ἐργασίας
360 4724 443 4771 τοῦ
482 4722 809 4791 συμφέροντος
838 4722 1041 4775 ύπόνοιά
1087 4742 1157 4785 τις
1197 4724 1351 4793 [τοῦ]
1383 4724 1647 4795 ἀναγκαίου

136 4794 275 4845 πάλιν·
320 4796 448 4849 Ἀλλ’
492 4801 611 4851 ὅταν
647 4799 837 4870 ἀνάγκη
877 4803 1077 4872 γένηται
1108 4803 1189 4855 καὶ
1229 4801 1300 4873 ἐφ’
1344 4802 1473 4874 ἡμᾶς
1526 4804 1648 4877 ἔλθῃ

137 4870 337 4937 Φίλιππος
354 4916 369 4941 ,
398 4878 456 4929 σὶι
473 4879 596 4947 φής;
616 4882 759 4932 τοῦτο
789 4880 885 4950 γὰρ
914 4884 1287 4942 κατεσκευάζετο
1304 4922 1319 4947 ,
1350 4885 1427 4936 ὅτι
1444 4884 1525 4937 καὶ
1554 4886 1649 4955 γὰρ

142 4946 203 4999 ἔᾶν
225 4954 389 5017 πάντας
408 4956 543 5028 λάὸῃ
564 4996 577 5021 ,
604 4956 672 5027 ἐφ’
700 4957 829 5028 ἡμᾶς
851 4957 977 5023 ἥξει,
1000 4960 1111 5012 τότε
1142 4958 1289 5013 αὖτδν
1316 4960 1647 5033 ἀμυνούμεθα.

138 5028 190 5078 03
214 5030 295 5097 μὴν
320 5034 467 5095 οὕτως
488 5034 636 5099 αὗτῆν
662 5035 803 5101 ἔθηκε
839 5043 1091 5107 προφανῶς
1106 5078 1121 5101 ,
1152 5038 1267 5090 ἀλλ’
1302 5039 1411 5093 ἀντὶ
1435 5046 1520 5107 τῆς
1544 5042 1650 5112 ἀφί-

140 5104 227 5169 ξεως
242 5112 313 5162 καὶ
330 5120 411 5164 τοῦ
438 5112 603 5166 ἐλθεῖν
622 5112 755 5167 εἶπεν
771 5154 785 5179 ,
806 5116 925 5167 ὅταν
945 5115 1215 5186 ἀναγκαῖον
1235 5114 1287 5189 ᾖ·
1310 5118 1367 5172 τὸ
1385 5120 1481 5190 γὰρ
1498 5118 1648 5191 ἀναγ-

1362 4248 1405 4300 εί
1437 4250 1523 4319 μὲν
1550 4246 1661 4322 γάρ’

3169 421 3284 473 560

1720 543 2112 610 καθεστηκότων.
2212 540 2306 594 Ἵν’
2342 537 2430 595 οὖν
2467 540 2660 615 ἀφορμὴ
2689 544 2890 615 γένηται
2925 544 3056 619 αὐτῷ
3093 546 3288 617 μᾶλλον

1720 620 2070 691 προτρέψασθαι
2087 660 2102 685 ,
2137 619 2267 672 οὕτω
2295 618 2384 685 τὴν
2415 620 2656 675 ἀντίθεσιν
2688 625 3072 695 μετεχειρίσατο.
3148 624 3288 691 Πλη-

1722 698 1877 765 ρώσας
1902 697 1956 749 δὲ
1975 697 2034 749 τὸ
2061 699 2300 768 συμφέρον
2324 702 2470 751 τοῦτο
2491 700 2520 751 δ
2553 699 2892 773 ἀντεπήγαγεν
2927 701 2990 763 εἰς
3025 701 3164 753 λύσιν
3201 706 3288 768 τῆς

1724 774 2037 840 ἀντιθέσεως,
2079 780 2446 847 προοιμιάζεται
2484 779 2659 833 λοιπὸν
2687 780 2804 852 θπὲρ
2832 785 2919 834 τοῦ
2939 782 3095 834 ἄλλου
3121 783 3288 851 μέρους

1722 858 1807 907 τοῦ
1844 856 2072 909 δυνατοῦ.
2147 856 2333 918 Σκοπὸς
2364 857 2460 927 γὰρ
2503 856 2634 930 αύτῷ
2661 858 2834 913 λοιπὸν
2870 860 3088 913 ἐντεῦθεν
3123 860 3286 913 διαλε·

1721 934 1903 1002 χθῆναι
1924 934 2035 1003 περὶ
2063 937 2149 999 τῆς
2169 934 2288 1005 πρὸς
2315 935 2520 1005 βασιλέα
2541 937 2809 1007 πρεσὸείας.
2886 938 3049 991 Πάλαι
3084 938 3136 991 δὲ
3167 958 3286 1009 προ·

1723 1012 2002 1082 διῳκήσατο
2039 1011 2194 1083 ἐαυτῷ
2234 1012 2324 1078 τὴν
2367 1014 2477 1083 περὶ
2515 1016 2690 1068 τούτου
2729 1017 2899 1071 πειθώ.
2983 1016 3082 1087 Ἀφ’
3110 1012 3168 1069 οὗ
3194 1017 3290 1087 γὰρ

1722 1090 1899 1160 ἤρξατο
1925 1091 2268 1163 συμβουλεύειν
2305 1091 2470 1155 αὖτοῖς
2501 1094 2586 1146 καὶ
2610 1094 2920 1167 διαλέγεσθαι
2943 1096 3052 1167 περὶ
3075 1102 3162 1149 τοῦ
3184 1098 3288 1151 δεῖν

1723 1170 1954 1241 εἰσφέρειν
1995 1172 2078 1223 καὶ
2119 1174 2560 1234 κατασκευάζεσθαι
2621 1175 2898 1245 στράτευμα
2951 1176 3034 1227 καὶ
3084 1177 3292 1246 τριήρεις

1722 1250 1805 1301 καὶ
1817 1249 1994 1311 ἵππους
2018 1250 2102 1302 καὶ
2127 1251 2220 1302 ὅσα
2245 1256 2476 1315 τοιαῦτα,
2505 1252 2655 1318 δῆλος
2679 1248 2739 1312 ἦν
2767 1253 2942 1307 λοιπὸν
2972 1254 3052 1305 διὰ
3083 1254 3171 1320 τὴν
3193 1261 3289 1307 τῶν

1722 1328 1993 1395 χρημάτων
2035 1325 2261 1397 εἰσφορὰν
2280 1366 2296 1392 ,
2341 1328 2426 1380 καὶ
2479 1330 2646 1399 ἕτερον
2689 1330 2752 1380 δι’
2799 1330 2962 1401 ἐτέρου
3010 1333 3286 1401 προανύων.

1729 1405 1858 1459 Ἀλλ’
1910 1408 2018 1462 ἐκεῖ
2071 1409 2158 1479 μὲν
2223 1416 2296 1481 τῷ
2343 1410 2506 1463 δοκεῖν
2556 1410 2886 1481 ἁπλούστερον
2945 1413 3288 1466 συνεὸούλευεν

1724 1486 1889 1549 αὐτοῖς
1928 1488 2388 1557 παρασκευάζεσθαι·
2447 1490 2886 1557 προκατασκευάζει
2937 1489 2991 1541 δὲ
3031 1489 3167 1542 οὐδὲν
3197 1484 3286 1555 ἥτ·

1724 1586 1810 1620 τον
1838 1568 1996 1638 ἐαυτῷ
2035 1567 2124 1633 τὴν
2173 1568 2394 1635 ἀνάγκην
2435 1574 2522 1621 τοῦ
2561 1568 2815 1633 πεισθῆναι
2857 1568 3028 1631 αὖτοὶις
3066 1570 3292 1641 περὶτῆς

1722 1645 1839 1715 πρὸς
1868 1646 2070 1715 βασιλέα
2096 1646 2367 1716 πρεσὸείας.
2409 1647 2468 1699 Τί
2494 1647 2590 1716 γὰρ
2609 1642 2670 1712 ἦν
2695 1646 2963 1701 ὓπόλοιπον
2991 1650 3294 1711 ποιεῖν-τοὺς

1726 1722 2148 1795 ἀναγκαζομένους
2189 1725 2276 1795 μὲν
2320 1727 2550 1795 παρέχειν
2569 1764 2585 1789 ,
2631 1724 2696 1796 μὴ
2745 1724 2950 1795 ἔχοντας
2997 1728 3077 1793 δὲ,
3119 1728 3150 1794 ἢ
3185 1748 3290 1782 πει-

1727 1802 1889 1857 θέσθαι
1924 1811 1994 1877 τῷ
2021 1805 2355 1859 ίιποδεικνύντι
2381 1808 2540 1877 ’πόρον
2589 1806 2768 1859 ἄλυτον
2813 1806 2895 1857 καὶ
2937 1805 3146 1877 ἀζήμιον
3188 1814 3293 1870 τοῖς

1723 1882 1971 1947 πολίταις;
2021 1883 2238 1937 ἐντεῦθεν
2287 1884 2470 1955 ὁμοίως
2518 1884 2856 1955 ἐρρητόρευσεν
2901 1884 2953 1937 ἐκ
2990 1890 3076 1952 τῆς
3123 1885 3294 1947 λέξεως

1724 1963 1898 2029 ταύτης
1939 1962 2026 2029 τὴν
2063 1962 2294 2029 ἐπιθολὴν
2336 1965 2662 2034 ποιησάμενος
2691 1970 2778 2035 (p.
2824 1964 2941 2028 138,
2975 1965 3115 2034 23)·
3168 1987 3189 2013 ιι
3222 1964 3292 2016 Τὸ

1732 2062 1753 2089 ιι
1787 2041 1873 2111 μὲν
1896 2042 2058 2093 τοίνυν
2077 2082 2092 2105 ,
2129 2038 2172 2095 ὦ
2196 2042 2364 2113 ἄνδρες
2389 2040 2632 2108 Ἀθηναῖοι
2647 2082 2661 2107 ,
2692 2041 2808 2112 πρὸς
2826 2042 2886 2095 τὰ
2920 2050 3120 2097 τοιαῦτα
3143 2044 3290 2111 ὀκνη-

1731 2141 1753 2168 ιι
1789 2126 1880 2189 ρῶς
1902 2122 2191 2173 διακεῖσθαι.
2232 2143 2252 2169 ιι
2288 2121 2416 2188 Αὕτη
2453 2124 2539 2191 μέν
2577 2121 2760 2187 ἐστινὴ
2795 2121 2992 2188 εἰσὸολὴ
3023 2129 3108 2176 τοῦ
3137 2124 3292 2195 λόγου

1724 2202 1811 2250 τοῦ
1838 2200 1948 2269 περὶ
1974 2204 2060 2265 τῆς
2081 2200 2350 2269 πρεσὸείας.
2433 2198 2707 2271 Ῥητορεύει
2733 2200 2785 2253 δὲ
2812 2200 2891 2252 διὰ
2921 2206 3007 2255 τοῦ
3033 2204 3291 2275 προοιμίου

1726 2276 2013 2348 αἰτιιῖιμενος
2043 2279 2118 2331 ὅτι
2153 2277 2219 2349 μὴ
2264 2278 2524 2348 βούλονται
2564 2279 2754 2331 ἀκούειν
2797 2280 2905 2349 περὶ
2942 2277 3012 2333 ὧν
3049 2284 3106 2334 ἂν
3131 2282 3253 2353 λέγῃ
3272 2321 3287 2346 ,

1726 2356 2216 2426 προκαταλαμόάνων
2258 2356 2413 2428 ἑαυτῷ
2457 2357 2542 2410 τδν
2587 2357 2828 2429 ἀκροατὴν
2877 2360 2958 2410 καὶ
2997 2358 3290 2431 ἀναγκάζων

1726 2436 2010 2503 πειθαρχεῖν
2045 2430 2118 2497 οἷς
2149 2436 2208 2487 ἂν
2237 2434 2379 2497 αὖτὸς
2423 2437 2764 2506 συμὸουλεύοι.
2841 2436 2968 2491 Εἶτα
3003 2438 3088 2491 καὶ
3118 2440 3291 2508 προσέ-

1727 2513 1868 2574 πλεξε
1891 2515 2050 2585 τούτῳ
2075 2516 2150 2567 ὅτι
2173 2516 2256 2567 δεῖ
2280 2518 2724 2585 παρασκευάζεσθαι
2760 2517 2956 2581 αὐτοὺς,
2983 2517 3069 2569 ἵνα
3101 2516 3292 2571 ἀντιπε·

1728 2592 1897 2653 σόντος
1921 2592 1998 2644 ὅτι
2019 2594 2102 2644 καὶ
2123 2600 2222 2655 πῶς
2239 2595 2446 2647 δυνατὸν
2465 2597 2929 2665 παρασκευάζεσθαι,
2955 2594 3020 2667 μὴ
3045 2597 3290 2667 ὓπαρχόν·

1728 2688 1827 2723 των
1855 2673 2126 2741 χρημάτων
2143 2712 2156 2737 ,
2181 2672 2387 2743 εὐχερῶς
2412 2674 2439 2727 ὁ
2461 2674 2570 2745 περὶ
2597 2679 2682 2728 τοῦ
2713 2675 2948 2745 βασιλέως
2985 2674 3176 2747 εἰσέλθῃ
3202 2675 3292 2727 λό-

1730 2768 1835 2819 γος.
1914 2750 2008 2801 Καὶ
2037 2758 2109 2823 τῷ
2139 2752 2422 2824 βουλομένῳ
2467 2754 2518 2806 δὲ
2557 2757 2814 2807 κατανοεῖν
2852 2754 3058 2807 πλείονα
3099 2754 3288 2807 τούτων

1730 2825 1946 2897 ἔγκειται
1969 2834 2031 2900 τῇ
2052 2829 2278 2901 ῥητορεία
2301 2835 2388 2883 τοῦ
2413 2833 2672 2903 προοιμίου
2699 2832 2872 2885 τούτου
2899 2838 2986 2887 τοῦ
3008 2834 3290 2903 κεφαλαίου·

1728 2904 2084 2978 ὓποδείγματος
2103 2909 2147 2959 δ’
2181 2910 2336 2961 ἕνεκεν
2368 2909 2560 2981 ἀπόχρη
2599 2930 2682 2980 μοι
2710 2912 2792 2963 καὶ
2819 2916 2988 2967 ταῦτα.
3066 2912 3210 2979 Δῆξιν
3243 2914 3296 2967 δὲ

1731 2982 1877 3037 ἔλαὸε
1902 2986 2040 3038 τουτὶ
2077 2987 2135 3039 τὸ
2173 2988 2430 3058 προοίμιον
2475 2988 2540 3049 εἰς
2574 2990 2754 3057 ταύτην
2783 2988 2872 3054 τὴν
2915 2990 3060 3051 λέξιν·
3097 3012 3118 3039 ιι
3161 2992 3294 3044 τοῦτ’

1736 3085 1757 3111 ιι
1790 3062 1884 3132 ἤδη
1908 3068 2068 3118 πᾶσαν
2093 3066 2365 3136 ἐπιδέχεται
2387 3070 2703 3140 κατηγορίαν-
2739 3092 2760 3120 ιι
2791 3068 2902 3124 εἶτα
2929 3076 3296 3143 προκατασκευῇ

1732 3142 1855 3213 μετὰ
1876 3147 2023 3196 τοῦτο
2050 3148 2249 3215 χρῆται·
2290 3168 2312 3193 ιι
2347 3145 2486 3216 ὑμεῖς
2519 3148 2682 3200 τοίνυν
2711 3148 2814 3201 οὔτ’
2852 3148 3042 3202 ἀκούειν
3071 3150 3182 3220 πρὶν
3209 3152 3291 3216 ἂν,

1736 3242 1757 3269 ιι
1785 3224 1946 3293 ὥσπερ
1980 3226 2064 3274 νῦν
2081 3262 2094 3287 ,
2127 3222 2250 3276 αὐτὰ
2271 3229 2402 3295 παρῇ
2429 3224 2490 3277 τὰ
2525 3227 2816 3297 πράγματα,
2843 3228 2953 3281 οὔτε
2983 3229 3296 3299 βουλεύεσθαι

1736 3322 1759 3349 ιι
1790 3300 1901 3371 περὶ
1935 3300 2129 3364 ούδενδς
2166 3301 2366 3356 εἰώθατε
2400 3302 2472 3374 ἐφ’
2509 3302 2731 3375 ἡσυχίας.
2781 3327 2802 3355 ιι
2849 3307 3012 3359 Ταῦτα
3055 3310 3148 3378 γάρ
3193 3308 3296 3362 ἐστι

1730 3382 2158 3451 προδιοικουμένου
2185 3382 2268 3434 καὶ
2303 3386 2864 3452 προκατασκευάζοντος,
2891 3388 2996 3439 δεῖν
3035 3386 3296 3457 ἀνέχεσθαι

1730 3460 1962 3530 λέγοντος
1985 3460 2070 3513 καὶ
2097 3460 2512 3531 συμὸουλεύοντος
2543 3464 2651 3534 περὶ
2673 3466 2758 3530 τῆς
2781 3466 3032 3535 πρεσὸείας
3057 3469 3142 3530 τῆς
3181 3466 3299 3537 πρὸς

1731 3540 1817 3592 τὸν
1846 3540 2040 3605 Μῆδον.
2137 3541 2206 3593 Τὸ
2245 3541 2598 3608 καταπλήττειν
2645 3542 2698 3596 δὲ
2733 3544 2932 3611 αὐτοὺς,
2974 3544 3298 3616 ἀπροαιρέτως

1734 3616 1940 3686 ἔχοντας
1979 3619 2424 3687 παρασκευάζεσθαι
2442 3658 2457 3684 ,
2487 3623 2575 3686 τῆς
2619 3620 2765 3688 αύτῆς
2807 3621 2975 3691 ἔχεται
3023 3622 3294 3693 ῥητορείας.

1733 3696 1873 3767 Ὅσῳ
1895 3697 1992 3769 γὰρ
2017 3699 2074 3749 ἂν
2103 3696 2368 3761 ἐνδείξηται
2407 3698 2601 3769 μᾶλλον
2631 3699 2752 3770 μήτε
2789 3703 3300 3771 παρασκευαζομένους

1736 3776 1858 3846 μήτε
1887 3778 2112 3847 πράττειν
2137 3774 2392 3837 ἐθέλοντας
2410 3816 2424 3839 ,
2453 3777 2672 3848 τοσούτῳ
2699 3776 2788 3843 τὴν
2822 3777 2980 3830 αἰτίαν
3005 3780 3191 3832 τούτων
3203 3798 3296 3851 φα·

1734 3856 1998 3925 νερωτέραν
2013 3855 2376 3918 κατασκευάζει,
2403 3855 2536 3925 λέγω
2554 3855 2644 3922 τὴν
2669 3863 2765 3910 τῶν
2787 3859 3058 3929 χρημάτων
3083 3858 3294 3925 ἔνδειαν,

1730 3934 1798 3986 ἵν’
1836 3934 1864 3985 ὁ
1890 3934 2000 4004 περὶ
2037 3933 2269 4003 βασιλέως
2299 3932 2567 3996 ἀκόλουθος
2593 3936 2745 4005 λόγος
2770 3936 2860 4003 τὴν
2884 3936 3041 4008 ἀρχὴν
3077 3937 3298 3991 ἐντεῦθεν

1733 4012 1885 4084 λάθῃ.
1968 4009 2028 4064 Ἥ
2057 4012 2110 4064 δὲ
2153 4010 2357 4078 ἐπιὸολὴ
2399 4012 2544 4081 αύτῆς
2584 4019 2670 4081 τῆς
2708 4014 3006 4086 εἰσηγήσεως
3051 4016 3173 4087 μετὰ
3210 4017 3298 4084 τὴν

1734 4091 2130 4161 προκατασκευήν
2169 4093 2254 4161 (p.
2293 4092 2412 4160 139,
2447 4096 2563 4162 16)·
2606 4118 2626 4143 ιι
2669 4096 2700 4147 δ
2727 4093 2786 4161 δὴ
2825 4096 2998 4149 λοιπόν
3038 4095 3172 4161 ἔστι,
3217 4098 3300 4149 καὶ

1741 4190 1762 4217 ιι
1794 4169 1948 4223 πάλαι
1973 4169 2058 4239 μὲν
2081 4169 2177 4221 ἔδει
2199 4170 2445 4241 διαφεύγει
2463 4172 2514 4224 δὲ
2533 4171 2642 4226 οὐδὲ
2663 4178 2769 4239 νῦν,
2795 4178 2941 4227 τοῦτο
2975 4174 3088 4245 ἐρῶ.
3118 4198 3139 4223 ιι
3171 4174 3298 4230 Εἶτα

1734 4247 1877 4309 αὐτὸς
1915 4248 2070 4319 ἑαυτῷ
2093 4247 2182 4314 τὴν
2221 4247 2460 4319 ἀντίθεσιν
2501 4257 2714 4322 φανερῶς
2753 4251 3117 4322 συνομολογεῖ,
3159 4252 3245 4305 ἵνα
3272 4254 3300 4307 ό

1733 4329 1883 4400 λόγος
1908 4328 2220 4399 εύπρόσωπον
2249 4328 2406 4399 ἀρχὴν
2435 4330 2518 4382 καὶ
2537 4330 2766 4397 εἰσὸολὴν
2787 4330 3124 4401 προσήκουσαν
3143 4330 3296 4403 λάθῃ.

1736 4410 1819 4470 Τίς
1858 4404 2006 4473 οὖνὴ
2044 4406 2408 4478 συνομολογία;
2458 4431 2480 4457 ιι
2522 4409 2716 4472 οὐδενὸς
2763 4416 2860 4461 τῶν
2907 4409 3102 4461 πάντων
3144 4408 3297 4471 οὕτως

1742 4508 1763 4535 ιι
1792 4487 1859 4548 ὡς
1890 4487 2162 4557 χρημάτων
2195 4486 2276 4537 δεῖ
2299 4490 2362 4557 τῇ
2383 4487 2526 4540 πόλει
2553 4487 2670 4558 πρὸς
2707 4488 2768 4541 τὰ
2797 4491 2881 4539 νῦν
2917 4485 3115 4540 ἐπιόντα
3142 4488 3298 4557 πράγ-

1742 4587 1763 4614 ιι
1800 4584 1946 4636 ματα.
1983 4587 2006 4615 ιι
2086 4564 2150 4617 Ὃ
2185 4565 2280 4635 γὰρ
2314 4565 2574 4633 ἀντέθηκεν
2613 4567 2744 4638 αὐτῷ
2777 4568 2806 4619 ὁ
2837 4565 3106 4636 ἀκροατὴς,
3154 4571 3300 4620 τοῦτο

1736 4644 1998 4715 προλαὸὼν
2024 4644 2352 4715 ὡμολόγησεν
2376 4645 2537 4708 αὖτός.
2620 4646 2948 4699 Ἐνδείκνυται
2979 4645 3074 4717 γὰρ
3101 4646 3184 4699 καὶ
3211 4644 3300 4712 τὴν

1738 4724 1960 4795 ἀνάγκην
1983 4726 2068 4777 καὶ
2097 4724 2185 4790 τὴν
2219 4727 2390 4795 χρείαν
2409 4766 2424 4790 ,
2459 4728 2543 4779 καὶ
2583 4730 2691 4799 περὶ
2719 4734 2814 4780 τῶν
2845 4726 3128 4797 μελλόντων
3161 4726 3299 4798 ἐκφο-

1738 4805 1842 4868 6εῖ,
1870 4804 1956 4856 ἵνα
1993 4804 2180 4875 ἀνάγκη
2227 4808 2406 4871 μείζων
2449 4809 2682 4877 γένηται,
2721 4809 2805 4859 καὶ
2837 4807 3094 4878 ἐκπλαγεὶς
3139 4813 3211 4878 τῷ
3247 4826 3300 4861 τε

1740 4885 1934 4955 μεγέθει
1955 4890 2052 4938 τῶν
2078 4887 2188 4939 τότε
2207 4889 2364 4940 ὄντων
2389 4888 2470 4938 καὶ
2497 4892 2558 4959 τῇ
2587 4888 2852 4958 προσδοκίᾳ
2879 4894 2974 4939 τῶν
3015 4887 3302 4959 μελλόντων

1738 4964 1767 5017 ὁ
1791 4962 2030 5033 ἀκροατὴς
2049 4966 2226 5033 ταύτην
2256 4962 2406 5019 οὖσαν
2435 4968 2589 5036 μόνην
2616 4968 2930 5035 καταδέξηται
2955 4966 3044 5035 τὴν
3080 4988 3301 5042 παραμυ-

1740 5042 1866 5095 θίαν·
1921 5044 2048 5113 φημὶ
2081 5043 2134 5095 δὲ
2177 5043 2264 5109 τὴν
2321 5043 2436 5113 πρὸς
2479 5044 2679 5114 βασιλέα
2718 5046 2992 5115 πρεσὸείαν.
3069 5042 3198 5098 Εἶτα
3221 5046 3304 5099 καὶ

1740 5120 1996 5192 ἐπειδήπερ
2016 5120 2224 5193 ἔμελλεν
2249 5123 2544 5177 ἀντιπίπτειν
2569 5122 2702 5195 αύτῷ
2729 5125 2846 5195 πρὸς
2869 5130 3044 5179 τοῦτον
3067 5126 3124 5179 τὸ
3148 5126 3302 5196 λόγον

141 5188 251 5239 καῖον
275 5190 465 5244 δύναται
492 5192 663 5261 κοινὸν
691 5190 821 5245 εἶναι
856 5192 937 5245 καὶ
976 5198 1061 5261 τῆς
1088 5192 1260 5265 ἐφόδου
1298 5196 1380 5249 καὶ
1411 5204 1507 5251 τῶν
1549 5200 1653 5252 νυνὶ
1744 5200 1980 5264 ἀντίθεσις
2003 5200 2098 5255 ἀπὸ
2120 5208 2206 5255 τοῦ
2234 5203 2441 5255 δυνατοῦ
2465 5224 2474 5234 ·
2517 5202 2646 5256 Ἀλλ’
2673 5203 2910 5259 ἀδύνατόν
2931 5206 3060 5260 ἐστιν
3083 5204 3305 5270 ὓπόπτως
