3825 5834
1448 410 1902 473 FRAMENTA.

73 598 76 603 .
148 540 323 601 ἔλασσον
352 538 639 619 βλάπτεται·
669 537 775 617 ὅτῳ
796 535 899 615 γὰρ
922 536 952 593 ὁ
974 532 1085 601 θεὸς
1116 533 1191 611 μὴ
1221 534 1491 601 παντελῶς
1515 535 1640 613 βού-

148 630 263 687 λεται
291 626 439 706 ἀγαθὰ
460 626 647 686 διδόναι
674 624 861 705 ἀνδρί,
882 624 1175 703 χρημάτων
1204 624 1425 681 πλοῦτον
1464 645 1637 703 παρα-

146 716 280 795 σχὼν,
302 719 383 774 τοῦ
402 716 592 795 φρονεῖν
619 712 673 772 δὲ
689 715 861 780 καλῶς
879 712 1083 785 πένητα
1099 710 1353 782 ποιήσας,
1380 710 1441 769 τὸ
1464 707 1637 793 ἕτερον

74 880 93 887 -
148 804 403 883 ἀφελόμενος
428 802 679 883 ἑκατέρων
712 800 1088 881 ἀπεστέρησεν.
1130 826 1155 852 ²»
1178 801 1261 859 Cf.
1288 802 1433 879 clv,
1467 821 1559 879 19.

790 927 926 979 127.

208 1013 342 1069 Idem
356 1014 484 1083 XX,
510 1012 585 1071 66
604 1030 619 1073 :
636 1012 992 1093 Ἀντιφῶντος.
1010 1041 1091 1055 --
1110 1036 1135 1063 ιι
1149 1006 1340 1075 υΟστις
1363 1007 1421 1068 δέ
1444 1008 1536 1069 ἰὼν
1556 1006 1644 1067 ἐπὶ

142 1104 209 1161 τὸν
230 1100 423 1172 πλησίον
440 1103 611 1167 κακῶς
630 1100 865 1173 ποιήσων
890 1096 1161 1175 δειμαίνει,
1181 1094 1275 1175 μὴ,
1292 1097 1327 1157 ἃ
1344 1097 1481 1157 θέλει
1499 1102 1647 1170 ποιῆ·

146 1212 231 1261 σαι,
248 1188 467 1270 ἁμαρτὼν
484 1187 709 1267 τούτων,
734 1188 769 1247 ἃ
790 1188 865 1267 μὴ
888 1187 1025 1245 θέλει
1042 1184 1423 1264 ἅπενέγκηται,
1444 1206 1645 1266 σωφρο-

146 1276 349 1358 νέστερος.
378 1278 462 1339 Ἐν
479 1269 523 1359 ᾧ
542 1280 647 1359 γὰρ
667 1277 947 1355 δειμαίνει,
974 1276 1174 1353 μέλλει·
1206 1278 1259 1335 ἐν
1280 1268 1325 1356 ᾧ
1348 1274 1402 1335 δὲ
1428 1274 1609 1351 μέλλει
1624 1318 1642 1348 ,

144 1367 349 1433 πολλάκις
374 1370 401 1424 ὁ
424 1367 504 1427 διὰ
534 1367 699 1445 μέσου
722 1364 907 1447 χρόνος
938 1364 1233 1443 ἀπέστρεψε
1268 1363 1359 1422 τὸν
1392 1367 1509 1421 νοῦν
1538 1366 1645 1421 τῶν

87 1502 96 1507 -
144 1453 416 1529 θελημάτων·
436 1456 525 1517 καὶ
546 1459 603 1517 ἓν
624 1454 722 1531 μὲν
748 1454 860 1535 siuji*
889 1458 1200 1533 γεγενῆσθαι
1222 1453 1317 1511 οὔκ
1342 1448 1567 1527 ἔνεστιν,
1592 1452 1647 1509 ἐν

144 1541 187 1599 δὲ
211 1546 271 1621 τῷ
300 1542 492 1619 μέλλειν
520 1544 793 1624 ἐνδέχεται
820 1542 1083 1621 γενέσθαι.
1114 1540 1307 1607 Ὅστις
1340 1541 1397 1601 δὲ
1436 1540 1647 1619 δράσειν

142 1629 217 1703 μὲν
233 1630 371 1691 οἴεται
386 1630 497 1701 τοὺς
523 1631 695 1701 πέλας
717 1634 925 1704 κακῶς,
962 1630 1237 1691 πείσεσθαι
1263 1628 1309 1689 δ’
1338 1627 1417 1703 οὔ,
1444 1630 1503 1688 οὗ
1534 1653 1643 1690 σω·-

142 1724 296 1795 φρονεῖ.
322 1720 553 1789 Ἐλπίδος
581 1722 625 1781 δ’
648 1724 707 1780 οὖ
736 1724 1011 1799 πανταχοῦ
1037 1718 1251 1798 ἀγαθόν·
1282 1716 1506 1783 πολλοὺς
1543 1718 1645 1799 γὰρ

142 1812 335 1867 τοιαῦται
357 1808 551 1875 ἐλπίδες
576 1807 873 1867 κατέὸαλον
896 1808 967 1873 εἷς
1002 1806 1319 1877 ἀνηκέστους
1345 1804 1647 1885 συμφοράς,

138 1892 219 1951 ἂδ’
242 1896 423 1955 ἐδόκουν
448 1898 552 1963 τοῖς
578 1895 742 1963 πέλας
764 1894 1029 1972 ποιήσειν,
1049 1893 1301 1959 παθόντες
1325 1898 1491 1952 ταῦτα
1522 1896 1648 1953 ἀνε-

138 1978 330 2059 φάνησαν
372 1984 529 2043 αὗτοί.
563 1983 919 2064 Σωφροσύνην
950 1982 1006 2043 δὲ
1048 1982 1232 2062 ἀνδρὸς
1257 1985 1353 2042 οὐκ
1389 1980 1449 2040 ἂν
1490 1981 1649 2041 ἄλλου

134 2066 355 2146 ὀρθότερόν
381 2094 455 2137 τις
493 2071 741 2152 κρίνειεν,
778 2068 813 2141 ἢ
841 2069 983 2136 ὅστις
1008 2074 1101 2128 τοῦ
1132 2073 1299 2145 θυμοῦ
1330 2072 1445 2135 ταῖς
1476 2092 1650 2147 παρα·

136 2160 285 2233 χρῆμα
311 2158 504 2228 ἡδοναῖς
530 2158 830 2239 ἐμφράσσει
854 2155 1011 2225 αὐτὸς
1044 2157 1228 2217 ἑαυτὸν
1251 2164 1463 2237 κρατεῖν
1482 2178 1538 2215 τε
1560 2156 1652 2216 καὶ

134 2252 254 2323 νικᾷν
278 2246 493 2320 ἠδυνήθη
523 2249 682 2315 αὐτὸς
710 2245 917 2307 ἑαυτόν·
951 2245 1005 2313 ὃς
1048 2245 1103 2305 δὲ
1147 2246 1287 2307 θέλει
1328 2244 1652 2324 χαρίσασθαι

132 2336 193 2407 τῷ
240 2338 401 2413 θυμῷ,
452 2339 797 2419 παραχρῆμα
848 2334 986 2395 θέλει
1043 2334 1113 2392 τὰ
1160 2334 1331 2393 κακίω
1372 2334 1491 2392 ἀντὶ
1548 2336 1652 2393 τῶν

130 2421 389 2497 ἀμεινόνων.
417 2452 443 2477 ι

798 2528 931 2587 128.

194 2632 328 2688 Idem
338 2636 594 2707 LXVIII,
614 2632 687 2707 37
707 2632 1178 2712 ιἈντιφῶντος.-
1194 2656 1219 2681 σι
1235 2628 1381 2711 Φέρε
1394 2629 1459 2701 δὴ
1470 2630 1655 2709 προελ-

132 2718 237 2775 θέτω
258 2722 282 2776 ὁ
309 2722 407 2798 βίος
433 2723 503 2788 εἰς
519 2722 583 2782 τὸ
604 2721 829 2801 πρόσθεν
848 2719 942 2778 καὶ
961 2718 1150 2797 γάμων
1175 2718 1266 2777 καὶ
1282 2718 1523 2799 γυναικὸς
1547 2720 1657 2778 ἐπι·

130 2807 394 2880 Θυμησάτω.
416 2808 629 2883 Αὕτηὴ
646 2810 847 2891 ἡμέρα,
865 2807 1001 2881 αὕτη
1028 2814 1061 2881 ἠ
1084 2808 1171 2877 νὺξ
1196 2812 1378 2867 καινοῦ
1408 2808 1655 2887 δαίμονος

132 2894 466 2970 ἄρχει,καινοῧ
499 2898 731 2976 πότμου·
750 2897 916 2977 μέγας
943 2898 1049 2979 γὰρ
1085 2894 1228 2975 ἀγὼν
1250 2896 1427 2981 ,γάμος
1446 2897 1649 2976 ἀνθρώ-

130 3004 214 3059 πῳ.
235 2982 293 3042 Εἰ
309 2982 404 3065 γὰρ
422 2983 575 3065 τύχοι
597 2984 676 3065 μὴ
699 2984 969 3060 ἐπιτηδεία
986 2990 1023 3057 ἡ
1036 2984 1367 3064 γαμουμένη,
1387 2985 1440 3045 τί
1461 2984 1567 3066 χρὴ
1584 2990 1649 3064 τῇ

131 3080 333 3151 συμφορᾷ
355 3076 583 3153 χρῆσθαι
598 3096 619 3153 ;
637 3075 872 3155 χαλεπαὶ
904 3073 997 3149 μὲν
1026 3072 1319 3150 ἐκπομπαί,
1343 3072 1459 3141 τοὺς
1478 3072 1656 3153 φίλους

3171 406 3286 477 239

1731 534 1944 615 ἐχθροὺς
1979 538 2222 595 ποιοῦσαι
2281 534 2371 595 ἴσα
2423 534 2628 617 φρονεῖν
2673 532 2765 594 ἴσα
2817 543 2963 595 πνεῖν
3013 534 3295 604 ἀξιώσαντι

1732 625 1821 683 καὶ
1846 622 2115 692 ἀξιωθέντι
2131 643 2145 658 ·
2177 624 2413 705 χαλεπὸν
2437 626 2494 683 δὲ
2527 628 2812 696 κεκτῆσθαι
2827 628 3010 707 κτῆμα
3034 633 3289 701 τοιοῦτον,

1735 714 1984 773 δοκοῦντα
2006 711 2195 785 ἡδονὰς
2213 720 2436 775 κτᾶσθαι
2461 714 2632 781 λύπας
2658 713 2895 789 ἄγεσθαι.
2921 713 3068 795 Φέρε
3094 716 3181 790 δή,
3221 718 3296 796 μὴ

1734 800 1801 859 τὰ
1828 801 2126 881 παλίγκοτα
2171 802 2436 883 λέγωμεν,
2465 803 2702 882 λεγέσθω
2741 805 2810 861 τὰ
2848 802 3062 863 πάντων
3111 806 3297 878 ἐπιτη-

1737 888 2004 955 δειότατα.
2021 890 2092 952 Τί
2109 890 2210 972 γὰρ
2225 892 2369 964 ἥδιον
2396 891 2653 973 ἀνθρώπῳ
2667 892 2909 969 γυναικὸς
2927 893 3257 969 καταθυμίας
3275 916 3292 968 ;

1735 979 1787 1038 τί
1818 978 1875 1039 δὲ
1915 978 2260 1059 γλυκύτερον,
2287 981 2460 1049 ἄλλως
2486 1004 2543 1041 τε
2570 980 2664 1041 καὶ
2695 980 2830 1061 νέῳς
2867 982 2920 1039 ἐν
2951 984 3028 1061 τῷ
3071 983 3216 1063 αὐτῷ
3241 983 3298 1043 δέ

1736 1090 1795 1147 γε
1826 1065 2026 1149 τούτῳ,
2076 1066 2198 1129 ἔνθα
2245 1069 2306 1129 τὸ
2336 1070 2435 1143 ἡδὺ
2462 1069 2664 1145 ἔνεστι,
2709 1068 2936 1141 πλησίον
2973 1090 3080 1129 που
3117 1072 3209 1130 καὶ
3240 1072 3304 1132 τὸ

1736 1154 1987 1235 λυπηρόν·
2011 1160 2068 1216 αἱ
2095 1156 2202 1238 γὰρ
2227 1158 2412 1229 ἡδοναὶ
2439 1160 2536 1217 οὒκ
2575 1159 2663 1217 ἐπὶ
2711 1160 2858 1239 σφῶν
2905 1159 3076 1217 αὐτῶν
3127 1161 3302 1238 ἐμπο-

1740 1244 1974 1323 ρεύονται
1987 1290 2004 1320 ,
2034 1245 2154 1305 ἀλλ’
2195 1249 2564 1308 ἀκολουθοῦσιν
2597 1248 2780 1315 αὐταῖς
2806 1248 2972 1305 λῦπαι
3001 1247 3095 1306 καὶ
3123 1249 3296 1309 πόνοι.

1738 1330 1893 1392 Ἐπεὶ
1923 1332 2015 1391 καὶ
2043 1334 2414 1413 ὀλυμπιονῖκαι
2439 1335 2531 1411 καὶ
2551 1338 2852 1394 πυθιονῖκαι
2881 1334 2973 1394 καὶ
3003 1336 3050 1393 οἱ
3079 1341 3302 1395 τοιοῦτοι

1742 1422 1938 1499 ἀγῶνες
1965 1424 2057 1481 καὶ
2085 1422 2267 1504 σοφίαι
2293 1424 2385 1484 καὶ
2409 1433 2578 1485 πᾶσαι
2617 1423 2804 1495 ἡδοναὶ
2827 1424 2890 1483 ἐκ
2929 1423 3176 1502 μεγάλων
3203 1426 3304 1483 λυ-

1741 1507 2003 1587 πημάτων
2023 1510 2254 1573 ἐθέλουσι
2279 1502 2715 1593 παραγίγνεσθαι·
2733 1511 2886 1589 τιμαὶ
2907 1511 3008 1596 γὰρ
3033 1513 3124 1573 καὶ
3149 1504 3305 1587 ἆθλα,

1742 1596 1998 1673 δελέατα,
2035 1598 2068 1659 ἃ
2095 1604 2123 1659 δ
2159 1600 2270 1669 θεὸς
2295 1600 2490 1663 ἔδωκεν
2519 1601 2836 1681 ἀνθρώποις,
2867 1598 3109 1678 μεγάλων
3133 1602 3306 1663 πόνων

1742 1686 1834 1745 καὶ
1852 1686 2088 1767 ἱδρώτων
2111 1692 2183 1757 εἰς
2209 1689 2444 1769 ἀνάγκας
2461 1694 2794 1750 καθιστᾶσιν.
2823 1686 2971 1767 Ἐγὼ
2997 1689 3100 1769 γὰρ
3123 1691 3216 1749 οὐκ
3243 1690 3308 1749 ἂν

1745 1775 2003 1853 δυναίμην
2043 1781 2136 1855 ζῇν
2157 1822 2174 1851 ,
2237 1777 2312 1855 μὴ
2343 1778 2504 1845 οὕτως
2550 1778 2764 1856 ἐμαυτῷ
2807 1775 2982 1835 πολλὰ
3017 1776 3310 1857 πράγματα

1742 1864 1990 1945 παρέχων
2043 1864 2176 1945 ὑπέρ
2217 1890 2274 1925 τε
2312 1871 2404 1938 τῆς
2450 1866 2626 1945 ὑγείας
2663 1870 2754 1925 τοῦ
2801 1864 3046 1943 σώματος
3081 1865 3214 1945 ὑπέρ
3251 1890 3310 1927 τε

1740 1958 1832 2012 τοῦ
1854 1956 1974 2011 καθ’
2018 1955 2222 2035 ἡμέραν
2265 1954 2378 2035 βίου
2408 1954 2540 2034 ὑπέρ
2567 1977 2624 2013 τε
2670 1952 2818 2027 δόξης
2851 1952 2944 2011 καὶ
2972 1951 3312 2033 σωφροσύνης

1742 2040 1831 2099 καὶ
1856 2042 2092 2111 εὐκλείας
2112 2043 2202 2102 καὶ
2224 2050 2314 2103 τοῦ
2343 2035 2401 2103 εὗ
2431 2041 2658 2103 ἀκούειν.
2686 2042 2760 2102 Τί
2787 2032 2877 2101 οὗν
2904 2038 2956 2099 εἴ
2979 2065 3070 2119 μοι
3109 2040 3312 2121 γένοιτο

1744 2132 1901 2206 σῶμα
1941 2138 2193 2204 τοιοῦτον,
2225 2132 2256 2191 ὅ
2281 2134 2340 2210 γε’
2377 2154 2468 2209 μοι
2497 2130 2660 2196 οὕτως
2698 2128 2941 2207 ἐπιμελὲς
2969 2129 3082 2203 εἴης
3105 2132 3200 2189 οὐκ
3222 2123 3312 2191 οὖν

1745 2218 1930 2291 δῆλον,
1957 2218 2036 2277 ὅτι
2055 2222 2184 2297 γυνὴ
2210 2219 2378 2298 ἀνδρί,
2401 2219 2490 2278 ἐὰν
2515 2209 2550 2297 ᾖ
2575 2216 2876 2295 καταθυμία
2893 2262 2910 2295 ,
2962 2216 3105 2276 οὐδὲν
3157 2218 3312 2277 ἐλάτ·

1743 2328 1861 2372 τους
1898 2306 1993 2372 τὰς
2036 2306 2319 2387 φιλότητας
2363 2306 2656 2387 παρέχεται
2691 2306 2784 2365 καὶ
2815 2304 2910 2373 τὰς
2939 2306 3122 2373 ὀδύνας
3151 2304 3186 2377 ἢ
3217 2308 3314 2365 αὗ-

1743 2394 1827 2459 τὸς
1862 2395 2005 2474 αύτῷ
2053 2392 2187 2473 ὑπέρ
2227 2416 2284 2454 τε
2334 2398 2427 2467 τῆς
2476 2392 2648 2474 ὑγείας
2670 2395 2862 2453 δισσῶν
2893 2392 3152 2472 σωμάτων
3184 2396 3314 2475 ὑπέρ

1744 2504 1800 2541 τε
1827 2486 1918 2541 τοῦ
1951 2482 2064 2561 βίου
2108 2487 2199 2553 τ’ἧς
2230 2484 2485 2562 συλλογῆς
2530 2481 2663 2561 ὑπέρ
2719 2504 2778 2541 τε
2833 2486 2924 2553 τῆς
2967 2482 3312 2563 σωφροσύνης

1744 2570 1835 2629 καὶ
1886 2574 1980 2641 τῆς
2023 2571 2286 2641 εὖκλείαςς
2332 2571 2455 2653 φέρε
2485 2568 2548 2643 δὴ
2591 2569 2684 2629 καὶ
2732 2571 2914 2637 παῖδες
2963 2570 3312 2649 γενέσθωσαν·

1746 2660 2033 2740 φροντίδων
2061 2659 2166 2733 ἤδη
2193 2659 2370 2718 πάντα
2395 2659 2530 2720 πλέα
2559 2658 2652 2717 καὶ
2673 2656 2932 2737 ἐξοίχεται
2962 2657 3020 2717 τὸ
3045 2660 3312 2733 νεοτήσιον

1746 2747 2012 2826 σκίρτημα
2051 2750 2112 2808 ἐκ
2149 2752 2244 2821 τῆς
2285 2745 2499 2827 γνώμης
2526 2746 2618 2807 καὶ
2654 2746 2714 2806 τὸ
2741 2746 3023 2827 πρόσωπον
3053 2746 3229 2809 οὐκέτι
3257 2748 3317 2807 τὸ

1747 2835 1894 2899 αὐτό.
1929 2864 1954 2889 ¹·

2462 2950 2594 3037 παρ’).

1829 3075 1992 3133 Idem
2040 3078 2310 3153 XCVIII,
2343 3076 2416 3134 36
2475 3097 2491 3133 ε
2545 3077 2902 3157 Ἀντιφῶντος.
2959 3112 3029 3125 -
3077 3104 3101 3132 σι
3140 3078 3319 3137 Εὔκα-

1754 3238 1803 3287 di
1827 3239 1989 3290 animo
2011 3240 2172 3291 vivere
2193 3240 2418 3303 utrinque
2439 3244 2570 3291 esset
2594 3241 2914 3303 propositum.
2975 3244 3134 3293 Grave
3155 3204 3324 3293 autem

130 3234 232 3282 veris
250 3238 295 3283 te
310 3236 401 3286 ulla
428 3251 481 3288 re
504 3240 702 3302 privari.
726 3240 852 3289 Illud
884 3238 1063 3289 etenim
1094 3248 1201 3300 quot
1224 3236 1336 3300 quis
1374 3250 1466 3288 nec
1509 3250 1625 3287 usus
1647 3273 1663 3301 ,

128 3314 201 3349 nec
222 3316 380 3353 usurus
401 3310 473 3356 est
488 3344 505 3368 ,
534 3309 659 3359 nihil
697 3311 801 3359 sive
834 3322 1049 3373 praesens
1076 3310 1181 3358 sive
1206 3308 1381 3356 absens
1401 3306 1553 3368 magis
1576 3308 1665 3356 mi-

128 3386 259 3423 nusve
284 3376 420 3427 laedit.
443 3381 567 3429 Nam
592 3393 749 3441 quum
774 3380 897 3430 deus
920 3380 1061 3429 alicui
1080 3391 1179 3427 nou
1193 3377 1405 3439 perfecte
1424 3376 1551 3426 bona
1570 3376 1666 3425 lar·

128 3444 198 3501 giri
222 3445 443 3509 institnit,
480 3450 703 3500 exhibita
748 3451 1066 3513 pecuniarum
1106 3448 1272 3510 copia,
1308 3447 1451 3497 bona
1493 3447 1668 3497 mentis

128 3514 289 3577 inopem
307 3517 441 3580 {otiu
473 3524 629 3584 atque
656 3522 725 3571 ita
744 3520 913 3571 ablato
935 3520 1119 3579 altero,
1160 3519 1411 3581 utriusque
1433 3518 1608 3581 privat.
1640 3536 1665 3562 n

828 3612 935 3659 127.

178 3678 471 3742 Antiphontis.
487 3711 553 3721 —
584 3704 611 3729 ι
632 3684 865 3749 Quisquis
890 3686 1124 3737 accedens
1154 3684 1365 3747 aliquem
1390 3684 1553 3735 animo
1576 3684 1665 3735 lae-

126 3746 245 3797 dendi
258 3752 339 3801 sibi
352 3755 543 3817 metuit,
572 3769 636 3805 ne
654 3770 752 3805 non
772 3762 1024 3807 assecutus
1047 3770 1159 3821 quae
1174 3756 1329 3807 tacere
1342 3758 1467 3818 vult,
1484 3771 1540 3808 ea
1556 3770 1669 3819 qum

126 3828 207 3866 non
220 3820 340 3883 vult,
363 3824 567 3885 referat,
591 3825 635 3875 is
657 3838 775 3876 sane
798 3826 909 3890 plus
932 3828 1074 3891 sapit.
1096 3828 1225 3877 Dum
1245 3828 1375 3877 euim
1394 3827 1483 3877 sibi
1509 3828 1667 3889 timet,

130 3890 353 3940 metatur
382 3908 397 3941 :
430 3894 624 3945 interea
648 3898 817 3947 autem
850 3910 949 3947 non
992 3911 1099 3947 raro
1132 3899 1329 3957 tempus
1369 3898 1671 3947 intersedens

130 3962 258 4010 mutat
282 3962 577 4015 institutum.
643 3968 755 4019 Non
790 3967 907 4018 dico
929 3982 1042 4019 eum
1066 3968 1327 4019 metuendo
1355 3981 1546 4031 sapere,
1583 3970 1669 4019 sed

130 4028 229 4078 dnm
268 4038 495 4097 moratur,
524 4050 697 4100 sapere
722 4041 901 4101 potest.
965 4042 1173 4101 Contra,
1204 4038 1290 4103 qui
1326 4040 1434 4089 aliis
1474 4040 1669 4103 quidem

130 4110 171 4146 se
206 4103 465 4155 nociturum
502 4112 675 4171 putat,
711 4121 767 4159 se
810 4122 927 4159 vero
978 4108 1097 4160 nihil
1143 4122 1401 4173 passurum
1416 4144 1435 4172 ,
1474 4111 1673 4162 minime

130 4172 247 4231 sapit.
304 4177 416 4239 Spes
436 4179 575 4229 enim
618 4179 751 4229 haud
771 4192 962 4243 semper
996 4183 1073 4230 est
1110 4180 1266 4241 bona,
1296 4180 1383 4230 sed
1402 4193 1535 4243 saepe
1560 4182 1671 4231 talis

133 4248 337 4305 concepta
360 4260 467 4310 spes
484 4250 535 4298 in
555 4252 797 4300 maximas
819 4251 1117 4301 calamitates
1134 4250 1399 4313 praecipitat
1420 4264 1435 4298 :
1461 4254 1513 4300 et
1532 4252 1671 4301 multi

132 4324 223 4370 ‹111ae
246 4314 288 4364 in
306 4316 421 4368 alios
441 4332 497 4370 se
526 4320 747 4370 tacturos
768 4320 864 4369 sibi
884 4325 1253 4383 persuaserant,
1276 4332 1335 4369 ea
1356 4320 1553 4381 ipsimet
1583 4334 1671 4381 pa·

133 4380 211 4430 lam
238 4393 341 4435 sunt
380 4390 525 4449 passi.
596 4393 823 4442 cetemm
864 4390 1129 4454 sapientem
1157 4390 1315 4441 virum
1356 4404 1455 4441 uon
1491 4393 1672 4442 rectius

134 4451 257 4501 atium
290 4455 581 4516 judicaveris
602 4475 751 4524 quam
774 4460 911 4511 illum
934 4461 1021 4524 qui
1050 4474 1155 4511 sese
1194 4463 1365 4511 eontra
1406 4466 1675 4513 momenta·

132 4534 249 4572 neam
273 4526 351 4577 irae
368 4530 701 4582 titulationem
720 4532 983 4583 muniverit
1001 4534 1052 4582 et
1076 4533 1289 4595 potuerit
1314 4532 1419 4593 ipse
1438 4533 1677 4584 refrenare

132 4595 384 4671 acnvincere
410 4601 651 4663 seipsum.
715 4604 901 4653 contra
935 4602 1021 4667 qui
1044 4604 1129 4651 irae
1154 4602 1369 4653 voluerit
1396 4602 1674 4667 indulgere,

134 4662 227 4713 lime
246 4678 350 4719 saue
366 4670 613 4723 deteriora
636 4687 735 4737 prae
752 4674 1033 4725 melioribus
1055 4673 1265 4736 placent.
1291 4692 1315 4715 ι»

850 4782 955 4829 128.

180 4862 485 4929 Ᾰῐῑῧρῗῑθῦῐὶδ.
500 4896 570 4907 -
586 4890 615 4913 «ι
632 4875 727 4935 Age
744 4872 1075 4936 progrediatur
1091 4872 1189 4923 vita
1200 4872 1402 4925 ulterius
1416 4874 1466 4924 et
1485 4874 1679 4935 nuptias

128 4946 399 5010 ”Joremque
416 4942 609 5004 cupiat.
675 4946 773 4994 lste
796 4944 932 5007 dies,
960 4945 1052 4994 ista
1073 4957 1172 4995 nox
1202 4945 1315 4995 novi
1338 4944 1467 5008 genii
1506 4944 1679 5007 princi-

131 5014 243 5059 mum
272 5010 405 5059 affert
422 5048 438 5071 ,
478 5020 531 5062 et
564 5026 708 5065 novae
740 5016 901 5066 sortis.
966 5018 1196 5078 Magnum
1238 5017 1453 5079 profecto
1496 5016 1677 5067 homiui

127 5078 341 5155 ‘ettamen
368 5084 561 5146 nuptiae
608 5088 743 5137 sunt.
806 5089 929 5137 Nam
962 5088 1005 5137 si
1030 5100 1155 5136 uxor
1180 5086 1487 5137 incommoda
1513 5089 1677 5137 conti·

128 5152 255 5207 item,
278 5164 373 5211 quo
398 5158 549 5215 paeto
592 5154 777 5207 levabis
805 5158 1163 5208 calamitatem?
1208 5158 1413 5207 Disttcile
1447 5162 1521 5207 est
1546 5158 1675 5207 illam

130 5214 325 5279 ablegare
345 5226 395 5271 el
423 5236 513 5286 pro
544 5224 719 5295 amicis
738 5226 956 5295 inimicos
972 5228 1069 5279 sibi
1094 5241 1277 5292 parare,
1302 5242 1456 5292 quum
1480 5242 1679 5281 eoncor-

1752 3313 1826 3361 est
1842 3324 1944 3360 rem
1970 3311 2114 3372 hujus
2136 3310 2266 3361 modi
2292 3312 2536 3373 possidere
2557 3314 2608 3362 et
2629 3311 2902 3374 voluptates
2927 3326 3207 3377 comparare
3228 3314 3321 3365 sibi

1752 3382 2106 3433 existimantem
2127 3383 2314 3433 dolores
2330 3386 2578 3435 asciscere.
2641 3387 2824 3435 verum
2843 3398 2930 3446 age
2949 3387 3162 3437 tacentes
3183 3386 3322 3437 dete-

1756 3454 1882 3501 riora
1898 3488 1915 3512 ,
1941 3464 1999 3501 ea
2020 3466 2134 3515 qum
2159 3454 2377 3503 omnium
2405 3453 2791 3503 commodissima
2817 3459 2934 3504 sunt
2961 3468 3318 3506 recenseamus.

1754 3522 1881 3583 Quid
1904 3524 2032 3572 enim
2058 3524 2241 3573 bomini
2266 3523 2470 3573 suavius
2492 3536 2642 3586 quam
2681 3538 2802 3573 uxor
2841 3528 3007 3586 grata?
3043 3526 3208 3585 Quid,
3251 3528 3324 3575 iu-

1755 3606 1921 3657 quam,
1937 3593 2126 3644 dulcius
2143 3607 2256 3643 cum
2272 3594 2389 3643 alias
2401 3630 2418 3655 ‚
2442 3596 2546 3643 tum
2567 3593 2614 3643 in
2631 3596 2776 3643 aetate
2797 3596 3031 3655 juvenili?
3055 3596 3148 3645 Sed
3165 3596 3321 3647 eidem

1756 3664 1825 3712 rei
1852 3662 1930 3711 cui
1951 3662 2230 3725 jucunditas
2256 3664 2407 3724 inest,
2429 3664 2479 3714 in
2505 3664 2664 3714 vicino
2689 3668 2762 3715 est
2780 3664 3010 3717 molestia.
3075 3670 3201 3717 Nam
3234 3681 3322 3719 vo-

1758 3732 1969 3794 luptates
1989 3746 2086 3783 nou
2113 3734 2233 3783 solae
2260 3734 2500 3784 accedunt
2517 3770 2532 3796 ,
2561 3735 2648 3784 sed
2681 3734 2886 3786 comites
2905 3748 3071 3785 earum
3097 3738 3210 3787 sunt
3233 3738 3323 3787 tri-

1756 3802 1901 3853 stitiae
1939 3807 1990 3853 et
2026 3802 2230 3853 labores.
2295 3804 2698 3867 Quandoquidem
2724 3805 2882 3869 etqui
2925 3806 2974 3855 in
3003 3804 3244 3869 olympiis
3277 3812 3326 3857 et

1759 3873 1948 3936 pythiis
1967 3874 2170 3936 aliisque
2193 3873 2471 3935 huiusmodi
2495 3875 2840 3926 certaminibus
2859 3876 3064 3927 victores
3095 3878 3328 3940 evadunt,

1758 3948 1849 3995 aut
1888 3944 2176 4009 sapientiam
2213 3950 2300 3995 aut
2330 3946 2538 4009 quodvis
2561 3960 2714 4009 genus
2738 3948 3048 4012 voluptatum
3075 3948 3166 3999 sibl
3193 3963 3326 3999 eum-

1760 4022 1956 4079 parant,
1997 4018 2176 4067 multas
2203 4017 2334 4080 prius
2356 4018 2606 4068 molestias
2627 4023 2677 4067 et
2704 4018 2893 4069 labores
2927 4019 3157 4071 subeunt.
3225 4022 3328 4071 Ho-

1760 4098 1899 4135 nores
1935 4088 2091 4149 euim,
2133 4088 2334 4151 proemia
2374 4090 2426 4138 et
2468 4087 2705 4150 eiusmodi
2734 4088 2999 4151 illecebra,
3049 4103 3173 4154 quas
3205 4090 3330 4141 deus

1762 4156 1975 4207 humano
1999 4158 2162 4221 generi
2189 4158 2386 4221 largitus
2403 4162 2502 4222 est,
2529 4171 2726 4223 magnos
2753 4160 2945 4211 labores
2966 4166 3111 4224 atque
3133 4162 3332 4212 sudores

1762 4228 2032 4277 necessario
2052 4232 2318 4292 requirunt.
2350 4233 2494 4281 certe
2513 4243 2610 4281 non
2632 4233 2796 4281 vivere
2816 4245 3002 4295 possem
3023 4232 3116 4283 nisi
3139 4239 3328 4282 tantum

1762 4299 2066 4359 negotiorum
2103 4300 2223 4349 milti
2247 4300 2478 4351 exbibens
2509 4314 2594 4364 pro
2617 4302 2828 4352 sanitate
2848 4302 3066 4365 corporis
3083 4340 3098 4365 ,
3119 4306 3170 4354 et
3197 4304 3329 4353 victu

1764 4368 1812 4417 in
1838 4367 1944 4419 dies
1973 4369 2242 4433 colligendo
2259 4406 2274 4429 ,
2289 4375 2337 4420 et
2358 4385 2446 4435 pro
2466 4372 2614 4433 gloria
2636 4374 2686 4422 et
2702 4376 3018 4435 temperantia
3035 4373 3332 4436 celebrisque

1766 4439 1906 4489 famae
1923 4453 1982 4491 ac
2003 4441 2126 4491 bene
2153 4440 2384 4491 audiendi
2415 4444 2584 4505 gratia.
2651 4442 2779 4503 Quid
2807 4445 2949 4505 igitur
2970 4444 3131 4505 tieret,
3153 4444 3194 4493 si
3218 4444 3331 4493 alte·

1766 4525 1872 4561 rum
1892 4526 2088 4576 quoque
2104 4514 2202 4564 tale
2228 4526 2406 4575 corpus
2424 4514 2647 4563 similiter
2663 4514 2782 4564 milri
2807 4513 3159 4575 procurandum
3175 4516 3331 4563 esset?

1766 4584 1934 4634 Nonne
1979 4585 2112 4647 patet
2159 4598 2390 4647 uxorem,
2435 4585 2526 4635 etsi
2572 4584 2678 4634 viro
2715 4584 2960 4634 carissima
3013 4584 3158 4633 fuerit
3173 4619 3188 4643 ,
3233 4596 3332 4634 non

1767 4653 1928 4705 minus
1951 4658 2111 4706 tamen
2139 4656 2182 4705 ei
2207 4656 2437 4707 facessere
2455 4657 2628 4719 negotii
2656 4656 2780 4706 circa
2797 4668 2990 4708 amores
3005 4658 3090 4705 aut
3109 4656 3301 4705 dolores
3314 4691 3332 4716 ‚

1766 4734 1913 4785 quam
1954 4723 2156 4787 ipsemet
2182 4724 2304 4788 sibi,
2345 4740 2496 4789 quum
2519 4740 2606 4789 pro
2632 4726 2821 4776 duobus
2841 4724 3162 4788 corporibus,
3204 4726 3334 4788 quod

1767 4794 2052 4857 sanitatem,
2090 4796 2306 4858 victum,
2339 4798 2708 4859 temperantiam
2742 4796 3018 4859 bonamque
3059 4796 3238 4846 tautam
3261 4800 3336 4847 at·

1770 4866 1920 4929 tinet,
1955 4880 2122 4917 curam
2153 4882 2316 4931 gerere
2338 4872 2594 4932 oporteat?
2620 4868 2760 4928 Quod
2785 4869 2826 4919 si
2861 4869 3056 4929 insuper
3083 4866 3222 4917 liberi
3243 4880 3336 4917 na·

1766 4941 1999 5001 scantur,
2028 4940 2128 5001 iam
2169 4941 2330 4989 omnia
2355 4941 2484 4990 curis
2507 4942 2646 5003 plena
2671 4946 2815 5001 sunt,
2849 4944 2899 4988 et
2931 4937 3158 5000 iuvenilis
3184 4938 3336 4988 animi

1768 5010 2030 5060 exsultatio
2045 5010 2257 5073 disperit,
2279 5012 2328 5060 et
2362 5010 2505 5061 facies
2528 5010 2655 5060 haud
2674 5009 2882 5073 amptius
2903 5010 3070 5060 eadem
3087 5013 3176 5059 est.
3202 5028 3226 5051 ι»

2505 5129 2610 5175 129.

1839 5231 2166 5296 Antiphontis.
2195 5263 2249 5273 —
2276 5250 2298 5275 a
2323 5234 2447 5283 Sane
2479 5231 2730 5296 culpabilis
2750 5232 2822 5283 est
2841 5230 3019 5283 mirum
3039 5232 3086 5281 in
3109 5230 3305 5282 modurn
3321 5268 3335 5293 ,
