3825 5834
1300 441 1457 505 xxl.
1504 443 1713 508 ΚΑΤΑ
1754 444 2090 506 memor.

190 569 294 634 520,
319 571 373 632 4.
406 565 477 621 Ού
502 569 667 641 μέντοι
688 569 847 623 πᾶσάν
876 589 933 641 γε
955 571 973 642 ]
1008 569 1167 624 Τοῦτο
1184 569 1354 638 εἶπεν,
1373 573 1460 627 ἵνα
1482 573 1657 648 κακίσῃ

131 649 203 718 μὲν
222 648 301 715 τὴν
330 649 537 720 γνώμην
557 687 573 714 ,
616 647 843 722 ἐπαινέσῃ
890 649 943 702 δὲ
969 647 1057 716 τήν
1090 651 1245 722 τύχην
1273 650 1363 720 τήν
1396 652 1656 724 ἐμποδίσα·

129 747 219 781 σαν.
282 729 429 797 Τάχα
466 727 519 782 δὲ
554 728 641 781 τὸν
666 729 947 798 χρυσοχόον
970 728 1000 781 6
1039 729 1269 793 Διόνυσος
1308 729 1617 800 ἐξανέστηκεν
1636 771 1653 798 ,

123 811 195 860 ἵνα
216 808 271 874 λη
304 809 387 879 θῇ.

186 827 367 950 52οῒ6.
398 886 501 939 Οὖκ
526 885 771 957 ἀπέχρησε
800 886 853 940 δὲ
874 887 1007 958 αύτῷ
1046 889 1227 960 τοῦτο]
1258 890 1417 943 Πάλιν
1446 889 1543 945 ἀπὸ
1565 899 1655 946 τοῦ

126 966 407 1036 ἰσχυροτέρου
450 965 693 1036 μετῆλθεν
722 963 801 1020 ἐπὶ
836 965 893 1019 τὸ
921 968 1213 1038 σαθρότερον
1232 1007 1249 1032 ,
1276 971 1335 1022 τό
1360 989 1413 1022 τε
1438 971 1653 1041 διαφθεῖ·

124 1063 189 1114 ραι
211 1045 286 1097 τὸν
313 1044 729 1115 χοροδιδάσκαλον
756 1045 839 1099 καὶ
864 1045 951 1098 τὸν
985 1045 1205 1117 ἄρχοντα
1220 1087 1236 1113 ,
1266 1048 1349 1100 καὶ
1376 1049 1431 1102 τ“ο
1456 1051 1653 1102 στασιά-

126 1143 193 1174 σαι
213 1123 318 1194 πρὸς
340 1122 489 1176 αὗτὸν
518 1123 631 1184 τοὺς
668 1123 947 1194 χορηγοὺς,
981 1124 1065 1177 καὶ
1100 1124 1186 1187 τὰς
1226 1125 1383 1188 ἄλλας
1410 1127 1650 1197 ἐπηρείας.

119 1203 263 1255 Ταῦτα
286 1202 383 1272 γὰρ
415 1203 499 1254 καὶ
526 1201 673 1272 μικρὰ
704 1203 823 1273 πρὸς
844 1203 1001 1273 κρίσιν
1047 1203 1133 1257 καὶ
1170 1205 1337 1267 ἄλλως
1368 1205 1649 1262 ἀνέλπιστα.

118 1281 287 1334 Τούτων
309 1281 407 1351 γὰρ
423 1281 453 1334 6
478 1281 679 1343 Μειδίας
700 1280 1005 1352 ὁμολογήσει
1030 1281 1191 1338 οὖδέν.

178 1361 285 1424 520,
310 1363 365 1414 8.
404 1359 497 1413 Καὶ
520 1359 565 1412 εἰ
590 1358 657 1430 μὴ
684 1360 1007 1432 Τηλεφάνης]
1040 1360 1151 1415 Ἵνα
1180 1360 1247 1432 μή
1282 1363 1556 1437 ὓποπτεύσῃ
1583 1385 1655 1426 τις

116 1439 180 1489 δτι
204 1439 365 1508 μισθὸν
394 1441 677 1510 προσδοκῶν
712 1439 920 1492 πλείονα
959 1437 1181 1502 δέξασθαι
1205 1441 1522 1511 Τηλεφάνης,
1557 1446 1651 1514 μά-

116 1535 190 1583 την
209 1519 285 1570 τὸν
306 1517 604 1571 διδάσκαλον
631 1517 919 1585 διαὸέὸληκε
936 1559 953 1582 ,
983 1518 1157 1572 τούτου
1182 1521 1325 1590 χάριν
1356 1519 1549 1574 ἐπαινεῖ
1564 1521 1648 1574 τὸν

113 1597 267 1664 τρόπον
281 1636 297 1660 ,
323 1597 577 1666 βέλτιστον
596 1595 741 1650 αύτδν
769 1595 1031 1650 ἀποκαλῶν
1058 1597 1143 1650 καὶ
1158 1597 1325 1652 εὔνουν
1343 1598 1451 1669 περὶ
1478 1598 1643 1654 αύτόν.

116 1673 194 1725 hal
212 1675 291 1727 ἵνα
308 1675 435 1748 λύσῃ
460 1675 519 1728 τὸ
546 1675 835 1728 ἀντιπῖπτον
854 1715 871 1741 ,
902 1676 979 1728 ὅτι
1004 1675 1087 1729 διὰ
1122 1677 1419 1747 φιλονεικίαν
1443 1678 1473 1731 6
1494 1677 1647 1746 αύλη-

116 1749 187 1816 τὴς
216 1753 403 1815 ἐξέὸαλε
430 1753 518 1806 τὸν
542 1753 965 1824 χοροδιδάσκαλον
983 1793 999 1820 ,
1020 1755 1107 1807 ἵνα
1140 1757 1289 1827 μόνος
1318 1755 1434 1826 δόξῃ
1462 1756 1647 1810 εὗδοκι·

114 1835 227 1898 μεῖν.
292 1831 435 1884 mm
462 1837 583 1903 γοῦν
610 1831 693 1884 καὶ
710 1831 797 1885 τὸν
825 1831 979 1902 χορὸν
1003 1832 1145 1896 αύτὸς
1172 1831 1383 1894 ἐδίδαξεν
1405 1832 1647 1896 ἀπελάσας

114 1911 185 1962 τὸν
204 1911 470 1981 ἄνθρωπον.
546 1909 709 1978 Φησὶν
734 1905 821 1964 οὖν
851 1911 879 1963 6
901 1910 1062 1983 ῥήτωρ
1084 1913 1161 1965 ὅτι
1186 1912 1269 1964 καὶ
1311 1913 1558 1982 βέλτιστος
1584 1911 1645 1981 ἦν

111 1988 367 2058 Τηλεφάνης
386 1989 473 2041 καὶ
488 1987 651 2049 εὔνους
666 1989 775 2059 περὶ
800 1988 904 2060 ἐμέ.
980 1989 1081 2042 Οὔκ
1104 1991 1163 2042 ἂν
1188 1985 1275 2042 οὖν
1298 1990 1379 2042 διὰ
1405 1989 1494 2056 τὴν
1521 1991 1643 2044 ἰδίαν

111 2065 379 2134 φιλονεικίαν
409 2066 733 2120 ἐπιδουλεύειν
762 2065 1025 2134 ἠθέλησεν,
1046 2067 1179 2138 εἴπερ
1208 2070 1313 2141 ᾔδει
1334 2067 1401 2139 μή
1428 2071 1647 2142 διεφθάρ-

110 2145 177 2196 θαι
196 2145 274 2198 τδν
302 2147 579 2216 ἄνθρωπον.

168 2226 279 2288 520,
307 2243 389 2280 12.
424 2223 540 2278 Οὐδ’
580 2227 639 2278 ἂν
688 2223 1074 2296 ἠγωνισάμεθα]
1108 2225 1277 2287 Καλῶς
1310 2226 1399 2280 οὗκ
1440 2225 1519 2281 ἐπὶ
1558 2232 1642 2283 τοῦ

106 2308 239 2372 χοροῦ
282 2306 435 2374 μόνον
476 2301 613 2358 εἶπεν
662 2303 969 2375 ἠγωνίσατο,
1014 2303 1146 2356 ἀλλὰ
1190 2304 1523 2371 πληθυντικῶς
1561 2308 1642 2361 καὶ

105 2381 249 2435 ἑαυτὸν
264 2384 343 2436 καὶ
363 2387 527 2438 πᾶσαν
548 2383 801 2454 περιέλαὸε
820 2381 910 2448 τήν
934 2383 1112 2454 φυλήν.

168 2461 275 2524 520,
312 2469 396 2516 16.
414 2462 569 2515 Ὥστε
586 2463 673 2516 τὸν
702 2462 1117 2535 ἐστεφανωμένον]
1153 2460 1211 2514 Ὅ
1229 2461 1325 2533 γὰρ
1351 2463 1412 2516 τὰ
1433 2463 1641 2518 πλεῖστα

103 2541 275 2594 διοικῶν
306 2547 393 2608 τῆς
424 2541 593 2612 ἑορτῆς
620 2541 649 2594 6
688 2543 859 2611 ἄρχων
900 2537 961 2608 ἦν
976 2581 992 2606 ,
1036 2543 1163 2596 ὥστε
1200 2541 1283 2594 καὶ
1316 2541 1481 2594 πολλά
1518 2543 1639 2613 βλά-

102 2637 217 2670 πτειν
238 2619 447 2684 ἠδύνατο
465 2660 481 2683 ,
510 2618 643 2692 εἴπερ
669 2620 943 2690 διαφθαρεὶς
968 2621 1338 2681 κατασκευάζειν
1364 2619 1634 2688 ἠὸουλήθη.

164 2697 275 2761 520,
316 2717 403 2768 17.
441 2699 565 2760 Τοὺς
606 2699 853 2770 χορηγοὺς
879 2701 1087 2768 συνῆγεν
1136 2695 1213 2750 ἐπ’
1253 2696 1373 2768 ἐμὲ]
1408 2696 1516 2750 ἀντὶ
1552 2703 1639 2752 τοῦ

104 2775 487 2839 damnat-tob<
510 2776 725 2848 ἠρέθιζεν
738 2817 754 2842 ,
785 2776 843 2830 ού
874 2775 1198 2846 βουλομένους
1233 2777 1503 2847 παρώξυνεν
1516 2779 1639 2840 ,ἵνα

105 2851 161 2922 μὴ
184 2856 365 2910 δοκοῖεν
398 2856 483 2908 διὰ
506 2857 565 2910 τὸ
582 2853 851 2927 ’βούλεσθαι
875 2858 1013 2909 νικᾶν
1039 2854 1457 2925 προσφιλονεικεῖν
1485 2856 1634 2928 αύτῷ,

99 2933 157 2984 Το
179 2935 227 2988 δὲ
254 2935 301 2998 ἐξ
326 2936 548 3006 ἀνάγκης
586 2936 857 3006 συμὸαῖνον
884 2938 1030 2988 τοῦτο
1054 2933 1118 2995 εἰς
1151 2934 1237 2986 τὸν
1280 2935 1483 2988 Μειδίαν
1519 2935 1635 3002 ἀνή·

98 3028 263 3078 νεγκεν.
338 3013 401 3066 Οἳ
438 3013 535 3083 γὰρ
568 3013 717 3066 ἄλλοι
738 3012 953 3083 χορηγοὶ
987 3011 1373 3082 φιλονεικοῦντες
1406 3014 1515 3084 περὶ
1550 3019 1635 3080 τῆς

98 3087 211 3154 νίκης
234 3093 549 3152 στασιάζουσι
591 3091 709 3162 πρὸς
754 3090 1019 3157 ἀλλήλους.
1094 3089 1257 3156 Φησὶν
1294 3085 1380 3141 οὖν
1418 3091 1494 3142 ὅτι
1521 3091 1639 3144 Μει-

96 3167 183 3228 δίας
204 3168 371 3232 αύτοὶις
400 3167 650 3224 ἀνέπεισεν
677 3171 804 3222 ὥστε
832 3187 917 3239 μοι
938 3166 1196 3238 πολεμεῖν.
1270 3165 1403 3222 Εἶτα
1434 3167 1633 3235 ἠκατα·

98 3245 238 3310 σκευή,

154 3323 307 3388 Βοιῖιν,
326 3323 545 3379 ἀπειλῶν
566 3327 585 3395 ]
611 3323 677 3377 Εἰ
696 3323 791 3395 γὰρ
810 3323 1007 3378 ἐκείνων
1029 3325 1145 3394 πρός
1174 3343 1231 3394 με
1255 3325 1633 3395 διαμαχομένων

97 3395 213 3461 οὗτος
245 3399 361 3454 ἐὸόα
404 3403 493 3456 καὶ
534 3401 723 3468 ἠπείλει
752 3423 865 3474 μοι,
902 3404 1145 3475 πρόδηλος
1182 3399 1242 3470 ἦν
1270 3403 1411 3467 αὗτδς
1442 3403 1631 3477 ἐνάγων

94 3479 187 3538 ³⁰2¹<
208 3481 471 3551 χορηγούς·

158 3555 413 3628 Ὀμνύουσι
438 3562 461 3630 ]
505 3561 761 3614 Τουτέστιν
802 3559 1050 3614 ἐδίδασκεν
1084 3561 1236 3624 οὕτως
1268 3561 1466 3631 ὀμνύειν
1505 3563 1631 3614 ὥστε

95 3635 355 3703 σοφίσασθαι
388 3639 480 3691 τὸν
522 3639 667 3708 ὅρκον
680 3679 695 3704 ,
718 3641 805 3692 ἵνα
834 3660 925 3710 μου
953 3642 1417 3694 κατασπουδάσαιεν.

153 3716 265 3784 520,
311 3720 395 3772 18.
450 3717 525 3768 Τὰ
574 3718 877 3787 παρασκήνια
908 3720 1165 3789 φράττων]
1212 3719 1473 3772 Τουτέστιν
1517 3716 1633 3772 ἀπο·

90 3792 283 3856 φρίττων
306 3794 393 3856 τὰς
418 3793 501 3848 ἐπὶ
526 3799 610 3860 τῆς
624 3799 805 3862 σκηνῆς
830 3794 1072 3861 εἰσόδους,
1093 3795 1179 3849 ἵνα
1204 3795 1395 3866 ὀχυρὸς
1415 3795 1628 3865 ἀναγκά·

91 3871 209 3932 ζηται
230 3875 469 3942 περιιέναι
497 3873 579 3924 διὰ
606 3877 692 3939 τῆς
714 3873 891 3936 ἔξωθεν
915 3874 1105 3928 εἰσόδου
1124 3917 1139 3940 ,
1175 3875 1257 3928 καὶ
1292 3874 1421 3927 οὕτω
1458 3875 1631 3944 βραδύ·

90 3965 233 4010 νοντος
268 3950 463 4004 ἐκείνου
492 3953 735 4025 συμὸαίνῃ
782 3953 1146 4023 καταγελᾶσθαι
1172 3954 1259 4006 τὸν
1292 3955 1623 4024 Δημοσθένην.

92 4022 145 4075 Τὸ
170 4025 217 4080 δὲ
238 4029 507 4099 προσηλῶν
526 4071 541 4094 ,
566 4031 597 4096 ἢ
622 4031 732 4094 τοὺς
772 4031 921 4096 ἥλους
960 4031 1183 4096 ἐντιθεὶς,
1212 4033 1299 4084 ἵνα
1326 4031 1553 4102 ἀσφαλῶς
1578 4031 1627 4084 αἱ

88 4103 203 4172 θύραι
223 4107 547 4178 ἔγκλείωνται
578 4109 661 4162 καὶ
685 4107 751 4179 μή
795 4109 876 4181 ἐξῇ
902 4111 1027 4164 κατὰ
1052 4111 1219 4182 καιρὸν
1246 4110 1482 4164 εἰσελθεῖν
1498 4151 1515 4176 ,
1548 4109 1628 4180 ἀφ’

89 4177 135 4230 οὗ
170 4183 223 4236 τὸ
248 4186 497 4256 γελᾶσθαι
524 4185 607 4238 καὶ
640 4186 915 4254 αἰτιαθῆναι
962 4189 1293 4258 συμὸέὸηκεν,
1339 4190 1371 4255 ἢ
1404 4191 1481 4242 ὅτι
1519 4191 1628 4251 τοὺς

86 4259 211 4324 ἥλους
252 4265 573 4335 κατακρούων
612 4266 695 4317 καὶ
750 4265 937 4320 τύπτων
986 4266 1291 4328 ἐξακούεσθαι
1333 4269 1419 4320 τὸν
1474 4269 1625 4339 χορὸν

88 4339 241 4404 ᾄδοντα
266 4343 323 4394 ού
348 4345 641 4413 συνεχώρει.

142 4420 253 4484 520,
282 4439 371 4490 19.
412 4420 635 4488 Ἰδιείπης
675 4424 746 4473 ὢν
774 4421 835 4474 τὰ
879 4422 1121 4492 δημόσια]
1166 4423 1333 4476 Καίτοι
1362 4425 1625 4477 Διονυσίων

86 4489 133 4558 ἦν
156 4495 466 4568 ἐπιμελητής.
550 4498 681 4552 Ἀλλ’
719 4498 881 4566 ἐπειδὴ
912 4501 1055 4553 αὑτὸν
1090 4501 1425 4571 προῦδάλλετο
1446 4502 1513 4566 εἰς
1538 4501 1625 4569 τήν

86 4579 363 4642 χειροτονίαν
382 4617 399 4642 ,
432 4577 515 4630 διὰ
536 4582 683 4631 τοῦτο
702 4577 899 4645 ἰδιιῖιτην
920 4579 1065 4650 φησὶν
1089 4579 1235 4632 αὐτὸν
1264 4578 1411 4634 εἶναι.

141 4655 252 4719 520,
277 4673 366 4711 21.
402 4656 501 4708 Καὶ
526 4657 713 4709 τούτων
746 4658 839 4709 ὅσα
865 4659 961 4728 γε]
996 4658 1197 4712 Ἄτοπον
1220 4657 1395 4729 ἡγεῖτο
1420 4664 1517 4712 τῶν
1545 4679 1625 4730 μι-

84 4735 191 4794 κρῶν
233 4735 424 4786 τούτων
470 4735 709 4804 μάρτυρας
734 4736 1045 4805 παρέχεσθαι.
1120 4735 1209 4788 Διὰ
1250 4740 1394 4790 τοῦτο
1434 4731 1521 4790 οὖν
1561 4738 1627 4799 ὡς

84 4805 209 4862 αὐτοῦ
231 4815 321 4864 τοῦ
352 4812 523 4882 δήμου
550 4813 847 4883 θεασαμένου
873 4814 957 4866 καὶ
1002 4818 1355 4885 μαρτυροῦντος
1379 4813 1624 4886 ἐπήγαγεν

88 4903 105 4928 ⁸
138 4885 266 4956 ὓμεῖς
285 4889 397 4944 ἐστέ
429 4909 519 4960 μοι
544 4892 795 4962 μάρτυρες.
825 4913 848 4942 ι

140 4967 251 5033 520,
276 4974 369 5023 26.
404 4967 845 5040 Προσδιαφθείρας]
898 4969 1011 5024 Ἀπὸ
1038 4975 1125 5025 τοῦ
1150 4972 1331 5042 σαθροῦ
1368 4970 1513 5025 πάλιν
1550 4970 1624 5025 ἐπ’

83 5041 181 5096 ιῦτδ
226 5048 281 5100 τὸ
320 5049 495 5118 κύριον
544 5048 628 5100 καὶ
660 5048 943 5104 τελευταῖον
995 5050 1245 5122 ἐχώρησε,
1284 5052 1499 5105 τουτέστι
1544 5051 1628 5112 τὰς

82 5119 277 5206 πληγὰς,
308 5127 443 5179 διότι
465 5127 549 5178 καί
576 5128 775 5197 μείζονά
802 5126 893 5181 εἰσι
916 5135 1013 5182 τῶν
1036 5129 1209 5201 ἐτέρων
1234 5129 1317 5183 καὶ
1330 5129 1494 5193 ἄλλως
1512 5129 1629 5202 ὁμο-

82 5205 279 5270 Αογεῖται
307 5204 445 5276 παρὰ
464 5209 550 5258 τοῦ
574 5205 851 5276 φεύγοντος.

3173 469 3292 522 665

1817 575 1928 629 Τῶν
1947 575 2232 648 ἀγωνιστῶν
2256 576 2478 652 ἀνδρῶν]
2509 579 2600 636 Ἐκ
2623 584 2776 651 πάσης
2798 583 2988 652 ἡλικίας
3003 586 3310 660 ἠγωνίζοντο

1742 654 1889 726 χοροὶ
1913 661 1986 728 τῷ
2004 656 2252 728 Διονύσῳ,
2273 658 2398 712 διότι
2425 660 2506 712 καὶ
2529 664 2626 714 πᾶν
2647 668 2820 736 σχῆμα
2845 665 2978 738 αύτῷ
2997 670 3304 739 περιτιθέασι·

1742 732 1825 784 καὶ
1847 732 1943 803 γὰρ
1963 735 2121 786 παῖδα
2153 735 2237 787 καὶ
2259 737 2530 807 πρεσὸύτην
2557 741 2640 793 καὶ
2666 742 2818 813 ἄνδρα
2844 746 3108 816 γράφουσιν
3135 747 3302 804 αύτόν.

1749 807 1994 882 Ἀλλαχοῦ
2013 807 2100 865 οὖν
2127 811 2238 868 εἰπε
2251 854 2268 879 ,
2299 837 2322 866 ε
2351 823 2664 888 χορηγοῦντα
2679 822 2818 876 παισὶ
2832 823 3076 880 Διονύσια.
3109 847 3132 876 ε
3165 824 3226 880 '0
3253 829 3306 881 δέ

1740 889 2049 960 Δημοσθένης
2075 891 2262 964 ἀνδρῶν
2289 894 2310 964 [
2332 897 2552 965 χορηγὸς
2566 900 2670 971 ὢν]
2701 899 2980 971 ἠγωνίσατο
2997 943 3012 968 ,
3031 904 3098 967 ὡς
3119 909 3306 976 προϊών

1741 973 1821 1040 (p.
1850 969 1984 1036 565)
2007 989 2150 1041 φησιν
2183 993 2206 1022 ε
2231 971 2332 1044 ἐγὼ
2351 973 2404 1026 δὲ
2425 975 2660 1042 αὐληταῖς
2681 978 2929 1050 ἀνδράσιν.
2959 1003 2982 1031 ι

1812 1047 1938 1112 520,
1959 1052 2046 1103 28.
2081 1047 2236 1120 Ἐμοῦ
2263 1051 2348 1122 μὲν
2375 1053 2538 1124 ῦὸρισε
2559 1056 2618 1108 τὸ
2649 1060 2830 1130 σῶμα]
2852 1059 2952 1112 Οὗκ
2981 1058 3090 1114 εἷπε
3111 1061 3305 1133 πληγὰς

1742 1123 1895 1268 aaz&
1916 1145 2002 1197 μοι
2021 1127 2106 1180 καὶ
2121 1129 2401 1197 κονδύλους,
2421 1134 2507 1186 ἵνα
2526 1132 2594 1205 μή
2616 1139 2940 1206 ταπεινότητα
2963 1139 3133 1193 ἑαυτοῦ
3154 1161 3300 1210 κατη-

1738 1221 1831 1273 ΤΟΡ
1866 1223 1948 1275 σῃ·

1812 1283 1936 1347 521,
1967 1287 2021 1346 Ι..
2040 1283 2206 1338 Ταῦτά
2233 1289 2396 1356 ἐστιν]
2431 1287 2630 1357 Ἐπειδὴ
2655 1294 2741 1346 δεῖ
2761 1296 2944 1365 μητέρα
2968 1302 3066 1349 τῶν
3091 1295 3298 1368 ἀγώνων

1742 1357 1871 1412 εἶναι
1898 1358 1988 1426 τήν
2033 1363 2326 1416 κατάστασιν
2339 1404 2356 1428 ,
2397 1365 2568 1435 μέλλει
2615 1368 2668 1422 δὲ
2707 1372 2894 1442 προῖὼν
2933 1372 3019 1425 καὶ
3061 1374 3171 1444 περὶ
3211 1381 3298 1429 τοῦ

1736 1440 1883 1508 φόνου
1927 1439 2090 1510 λέγειν
2136 1445 2222 1492 τοῦ
2249 1442 2374 1496 κατὰ
2423 1443 2730 1518 Ἀρίσταρχον
2757 1451 2841 1503 καὶ
2875 1452 2984 1522 περὶ
3019 1451 3300 1515 λιποταξίου

1734 1517 1819 1568 καὶ
1840 1518 1950 1589 περὶ
1965 1515 2036 1572 ὧν
2061 1517 2126 1582 εἰς
2147 1519 2333 1583 ἄλλους
2357 1523 2574 1586 πολλοὺς
2599 1528 2860 1594 πεποίηκε,
2895 1529 2976 1582 διὰ
3001 1537 3146 1584 τοῦτο
3173 1550 3295 1601 προ·

1736 1594 1869 1663 λέγει
1895 1597 1980 1648 καὶ
2001 1597 2112 1668 περὶ
2137 1599 2322 1652 τούτων
2351 1599 2402 1653 ἐν
2426 1605 2490 1673 τῇ
2511 1607 2820 1658 καταστάσει.

1736 1674 1930 1802 δο521,
1976 1680 2058 1730 18.
2104 1674 2274 1747 Ὑμεῖς
2326 1677 2433 1732 ἐστε
2475 1679 2812 1756 κληρονόμοι]
2839 1686 3016 1755 τρόπον
3053 1688 3163 1742 τινὰ
3189 1689 3296 1741 διά·

1794 1770 1899 1822 χοι.

1804 1831 1929 1901 521,
1949 1836 2036 1896 24.
2059 1834 2181 1902 Λέγε
2203 1852 2286 1903 μοι
2303 1832 2392 1898 τήν
2412 1840 2499 1888 τοῦ
2514 1840 2828 1909 χρυσοχόου]
2849 1839 2996 1902 Ἔθος
3012 1839 3108 1913 γὰρ
3135 1839 3194 1910 ἠν
3214 1844 3297 1896 καὶ

1734 1917 1829 1964 τῶν
1858 1912 2142 1983 λεγομένων
2163 1911 2214 1964 ἐν
2237 1915 2300 1983 τῇ
2325 1916 2616 1968 καταστάσει
2643 1919 2870 1987 παρέχειν
2897 1920 3157 1990 μαρτυρίαν
3173 1961 3188 1986 ,
3208 1921 3296 1974 ἵνα

1737 1988 1803 2058 μή
1841 1991 2034 2043 δοκοῖεν
2061 1989 2202 2061 ψιλὰς
2245 1991 2412 2054 ἁπλῶς
2448 1991 2712 2064 ἀφηγήσεις
2747 1997 3008 2053 ποιεῖσθαι.
3084 1999 3289 2054 Συνεπέ·

1734 2087 1847 2138 ρανε
1873 2069 1926 2120 δὲ
1946 2067 2036 2133 τήν
2059 2070 2374 2124 κατάστασιν.

1806 2147 1929 2209 522,
1957 2163 2040 2200 10.
2071 2145 2245 2198 Πολλὰ
2283 2147 2370 2218 μὲν
2400 2149 2594 2214 τοίνυν,
2631 2148 2676 2204 ὦ
2715 2151 2920 2223 ἄνδρες]
2957 2151 3290 2224 Ἐθρασύνατο

1732 2223 1974 2294 θαρσήσας
2014 2222 2091 2277 ἐπὶ
2117 2227 2180 2296 τῇ
2216 2227 2450 2297 μαρτυρίᾳ
2501 2231 2589 2280 τοῦ
2617 2229 2916 2298 χρυσοχόου.
2991 2229 3290 2299 Συναρπάζει

1730 2301 1781 2353 δὲ
1806 2301 1887 2352 διὰ
1916 2303 2091 2369 ταύτης
2103 2303 2214 2365 τοὺς
2225 2303 2482 2370 δικαστὰς,
2497 2305 2563 2367 ὣς
2588 2305 2799 2376 καὶπερὶ
2820 2311 2916 2358 τῶν
2935 2305 3102 2360 ἀλλων
3127 2307 3288 2376 ἀληθῆ

1729 2386 2035 2451 κατηγορῶν.

1805 2461 1927 2523 522,
1975 2463 2057 2522 14.
2100 2459 2248 2512 Αὐτοὶ
2273 2459 2370 2531 γὰρ
2405 2460 2452 2513 οἱ
2503 2460 2826 2532 πεπονθότες]
2870 2459 3139 2518 Ἀντέπιπτε
3155 2501 3171 2526 ,
3210 2465 3288 2518 διδ

1728 2537 2067 2608 ύποτέμνεται.
2149 2561 2172 2588 ε
2214 2538 2376 2606 Ὅλην
2400 2539 2606 2612 περιῄεις
2625 2536 2714 2605 τήν
2736 2539 2880 2592 πόλιν
2898 2581 2914 2605 ,
2946 2541 3284 2611 Δημόσθενες,

1734 2639 1755 2666 ε
1797 2617 2220 2686 πολυπραγμονῶν
2243 2616 2494 2680 διετέλεις,
2519 2617 2590 2679 τίς
2611 2617 2706 2688 ἄρα
2735 2617 2865 2688 παρὰ
2889 2619 3090 2672 Μειδίου
3121 2639 3169 2672 τι
3199 2623 3282 2674 πέ-

1732 2716 1753 2744 ιι
1796 2696 2008 2760 πονθεν;
2035 2717 2057 2744 ι
2091 2716 2112 2744 ιι
2141 2693 2242 2747 Ούκ
2269 2692 2372 2748 ἐστι
2399 2699 2568 2748 ταῦτα.
2644 2695 2834 2762 Πόθεν,
2859 2695 2985 2749 οἴκοι
3011 2698 3284 2770 καθήμενος

1734 2796 1753 2822 ι
1798 2772 1942 2844 εἶχον
1988 2771 2076 2838 τὴν
2117 2780 2298 2844 γνῶσιν
2315 2794 2325 2804 ·
2371 2775 2438 2836 ὡς
2474 2773 2590 2846 πρὸς
2630 2774 2797 2827 κοινὸν
2829 2774 3056 2841 ἀπήντων
3103 2779 3286 2848 πατέρα

1731 2875 1753 2902 ε
1798 2854 2099 2922 σύμπαντες,
2124 2852 2402 2923 κατάλογον
2429 2849 2500 2906 ὧν
2543 2852 2724 2907 ἔπαθον
2758 2853 2852 2907 {neb
2881 2853 3086 2906 Μειδίου
3114 2855 3282 2923 ἀδικη-

1729 2953 1751 2980 a
1796 2931 1962 3000 μάτων
1987 2931 2294 3001 ποιούμενοι.
2325 2952 2347 2980 »

1796 3011 1918 3072 522,
1953 3010 2039 3063 15.
2081 3009 2332 3080 Βούλομαι
2367 3008 2420 3061 δὲ
2447 3008 2544 3080 πρὸ
2579 3008 2803 3077 τούτων]
2832 3008 3044 3062 Μέλλων
3082 3009 3149 3074 εἰς
3178 3011 3288 3074 τοὺς

1720 3086 1913 3156 ’ἀγῶνας
1943 3087 2218 3140 εἰσὸάλλειν
2255 3088 2498 3159 προοιμίῳ
2529 3089 2788 3158 κέχρηται,
2833 3088 3130 3159 βουλόμενος
3164 3111 3286 3162 προ-

1722 3169 2030 3236 σεχεστέρους
2057 3169 2256 3232 ποιῆσαι
2283 3167 2394 3227 τοὺς
2415 3165 2694 3227 ἀκούοντας.
2721 3169 3099 3221 BFRSYTCV.

1793 3247 1913 3307 522,
1944 3247 2031 3299 23.
2064 3245 2208 3298 Ἐστι
2233 3245 2286 3298 δὲ
2301 3252 2492 3316 πρῶτον
2523 3245 2648 3317 μὲν]
2678 3245 2930 3316 Πρότασις.
2950 3249 3012 3300 Β.

1793 3327 1915 3388 522,
1947 3329 2034 3388 24,
2063 3323 2147 3386 Ἐξ
2167 3321 2240 3376 ὧν
2261 3323 2554 3395 ἰδίᾳ]Αύτδς
2579 3325 2687 3384 τοὺς
2712 3325 2941 3385 συνόντας
2960 3322 3091 3396 αύτῷ
3105 3326 3186 3377 καὶ
3203 3327 3282 3395 φί-

1720 3399 1833 3462 λους
1870 3405 2128 3471 μισοῦντας
2163 3401 2308 3454 αύτδν
2349 3402 2608 3468 πεποίηκεν
2624 3441 2640 3467 ,
2681 3401 2812 3472 εἴπερ
2853 3403 2970 3471 πρὸς
2991 3402 3078 3456 τὸν
3103 3402 3279 3473 ἐχθρὸν

1720 3478 2036 3548 ἀπήγγελλον
2067 3480 2184 3549 ἅπερ
2207 3479 2370 3541 αύτοῖς
2396 3479 2444 3532 ἐν
2467 3479 2726 3550 ἀπορρήτῳ
2745 3481 2942 3542 Μειδίας
2970 3479 3236 3550 διελέγετο.

1790 3561 1890 3610 522
1910 3599 1926 3622 ,
1953 3562 2042 3612 25.
2077 3557 2162 3621 Ὧς
2188 3557 2320 3629 εἴπερ
2344 3558 2570 3631 άληθῶς]
2612 3557 2876 3628 Ὕποφορά.
2952 3558 3105 3628 Ὅρος
3125 3579 3280 3629 παρα-

1717 3639 1966 3708 γραφικός.
1985 3639 2094 3690 ΒΥ.
2135 3633 2438 3708 Ἀρνούμενον
2466 3637 2517 3690 ἐν
2541 3640 2646 3698 τοῖς
2661 3640 2883 3708 φανεροῖς
2903 3640 3040 3690 ποιεῖ
3051 3638 3136 3692 τὸν
3156 3637 3280 3690 Μει-

1717 3717 1846 3780 δίαν,
1872 3716 2154 3769 διαὸάλλων
2182 3715 2326 3768 αὖτδν
2357 3715 2420 3778 εἰς
2448 3715 2712 3778 ἀναίδειαν.
2765 3716 2874 3776 Πῶς
2899 3715 2951 3768 δὲ
2980 3715 3278 3786 ἀρνούμενον

1716 3793 1899 3863 εἰσάγει
1927 3793 2107 3860 αύτόνς
2135 3793 2250 3856 ἴσως
2273 3795 2324 3847 δὲ
2365 3794 2448 3848 καὶ
2479 3794 2536 3845 τὸ
2578 3791 2702 3846 ἴδιον
2731 3798 2818 3845 τοῦ
2843 3793 2958 3863 ὅρου
2983 3792 3240 3863 φυλάττων
3258 3834 3274 3856 ,

1718 3871 1877 3938 ἐπειδὴ
1899 3872 1948 3925 ἐν
1975 3874 2074 3944 ὅρῳ
2101 3872 2161 3926 τὰ
2191 3871 2276 3943 μὲν
2307 3871 2579 3943 ἀρνούμεθα
2595 3911 2611 3936 ,
2637 3871 2698 3924 τὰ
2725 3871 2778 3924 δὲ
2799 3871 3160 3943 ὁμολογοῦμεν.
3189 3871 3276 3925 Ἐν

1716 3952 1873 4022 τούτῳ
1898 3949 1996 4022 γὰρ
2035 3951 2096 4004 τὰ
2133 3951 2344 4020 μάλιστα
2377 3953 2488 4021 ὅρος
2517 3953 2603 4002 τοῦ
2641 3955 2926 4020 στοχασμοῦ
2963 3952 3171 4022 διαφέρει
3197 3951 3280 4004 καὶ

1715 4032 1974 4095 κοινωνεῖ,
2000 4034 2062 4100 τῇ
2089 4029 2174 4100 μὲν
2206 4029 2403 4102 ἀρνήσει
2421 4035 2668 4082 κοινωνῶν
2685 4067 2702 4092 ,
2737 4035 2807 4100 τῷ
2829 4029 2882 4081 δὲ
2915 4027 2982 4100 μή
3005 4030 3162 4083 πάντα
3195 4029 3280 4101 ἀρ-

1716 4109 1902 4161 νεῖσθαι
1927 4110 2181 4179 διαφέρων.

1786 4189 1908 4238 522.
1937 4193 2025 4239 26.
2055 4187 2198 4248 Δίκας
2219 4185 2340 4248 ἰδίας
2365 4189 2479 4253 μοι]
2507 4185 2624 4238 Ὅτι
2655 4185 2833 4257 ἔδλαψε
2857 4187 2940 4238 καὶ
2969 4187 3130 4257 ύὸρισε
3149 4226 3164 4254 ,
3189 4187 3279 4254 δη-

1716 4267 1861 4337 μοσίᾳ
1882 4265 1935 4317 δὲ
1962 4265 2050 4318 οὔκ
2081 4263 2329 4331 ἠδίκησεν.
2371 4267 2483 4317 ΒΥ.
2524 4264 2662 4332 Αὕτη
2691 4264 2822 4318 ἐστὶν
2843 4263 2874 4331 ἡ
2898 4263 3066 4333 γενική
3097 4263 3280 4316 ἀντίθε-

1713 4364 1785 4408 σις
1802 4385 1817 4408 ,
1848 4348 2214 4415 παρκγραφικοῦ
2249 4344 2452 4414 δύναμιν
2495 4343 2680 4413 ἔχουσα
2697 4383 2712 4408 ,
2751 4345 2828 4396 ὅτι
2853 4344 2910 4394 ού
2943 4363 2978 4412 χ
2981 4341 3038 4413 ρή
3067 4341 3145 4396 ἐπὶ
3173 4345 3278 4404 τοῖς

1715 4422 1811 4494 ἰδίᾳ
1836 4425 2112 4495 γινομένοις
2132 4424 2346 4494 δημοσίᾳ
2365 4423 2628 4493 κρίνεσθαι.
2705 4423 2929 4475 Καθόλου
2943 4422 3040 4492 γὰρ
3063 4423 3274 4474 ποιεῖται

1712 4500 1801 4568 τήν
1827 4503 2066 4556 ἀντίθεσιν
2085 4543 2100 4566 ,
2129 4499 2196 4572 μή
2225 4501 2386 4572 λέγων
2411 4502 2469 4555 τὸ
2491 4502 2650 4572 ὄνομα
2675 4504 2762 4554 τοῦ
2789 4502 3043 4561 παθόντος.
3128 4496 3194 4556 Ἥ
3222 4499 3276 4552 δὲ

1711 4581 1845 4644 λύσις
1866 4582 1950 4634 καὶ
1971 4580 2090 4647 αὕτη
2116 4579 2447 4652 μεταληπτική
2466 4579 2562 4634 ἀπὸ
2583 4584 2670 4632 τοῦ
2692 4581 2886 4649 τρόπου.

1785 4659 1906 4723 523,
1939 4675 1988 4712 1.
2018 4657 2124 4710 Καὶ
2148 4659 2340 4730 τίμημα
2358 4656 2588 4728 ἐπάγειν]
2627 4656 2744 4718 Ἐπὶ,
2771 4655 2866 4728 γὰρ
2887 4657 2992 4716 τοῖς
3018 4653 3277 4716 ἰδιωτικοῖς

1713 4735 1767 4790 ἐκ
1793 4742 1888 4790 τῶν
1914 4738 2080 4808 νόμων
2107 4738 2286 4806 ὥριστο
2321 4737 2380 4791 τὸ
2406 4737 2625 4806 τίμημα,
2661 4733 2740 4788 ἐπὶ
2760 4734 2812 4786 δὲ
2837 4735 2940 4795 τοῖς
2971 4733 3221 4804 δημοσίοις
3247 4734 3276 4785 6

1712 4816 1986 4887 κατήγορος
2007 4813 2230 4885 ἰτιμᾶτο.

1785 4896 1907 4959 523,
1937 4911 1993 4947 2.
2028 4887 2166 4965 Ἐγὼ
2193 4893 2244 4946 δὲ
2265 4893 2318 4946 ἓν
2348 4891 2434 4962 μὲν
2463 4891 2678 4963 ἐκείνου]
2714 4889 3084 4961 Ἆντιπρότασις.
3111 4890 3272 4954 Λύσις,

1713 4973 1746 5041 ἡ
1772 4974 1856 5027 καὶ
1888 4961 2217 5043 ἀνθυποφορά.
2241 4973 2354 5026 ΒΥ.
2383 4969 2759 5038 Μεταληπτικῆς
2789 4969 2935 5036 οὔσης
2973 4973 3058 5035 τῆς
3089 4967 3272 5022 ἀντιθέ-

1714 5071 1862 5117 σεως,
1889 5053 1966 5104 ὅτι
1988 5050 2084 5121 ἰδίᾳ
2109 5049 2205 5121 χρὴ
2229 5050 2312 5103 καὶ
2335 5049 2392 5102 ού
2422 5050 2635 5120 δημοσίᾳ
2661 5050 2837 5120 κρίνειν
2856 5088 2872 5114 ,
2909 5048 3276 5119 μεταληπτικῶς

1714 5129 1857 5183 ἔλυσε
1883 5129 2063 5195 ταύτην
2080 5127 2226 5182 εἰπὼν
2246 5166 2260 5192 ,
2286 5125 2328 5180 εἰ
2352 5125 2418 5198 μή
2440 5131 2610 5180 τοῦτον
2630 5129 2944 5198 κατηγόρησα
2967 5126 3052 5180 τὸν
3073 5129 3272 5196 τρόπον,

1713 5208 1859 5262 πάλιν
1884 5207 2118 5260 τάναντία
2141 5205 2330 5277 ἔλεγεν,
2359 5207 2438 5258 ὅτι
2460 5205 2674 5276 δημοσίᾳ
2690 5207 2866 5276 κρίνειν
2888 5204 3037 5276 ἐχρῆν
3063 5205 3122 5258 τὰ
3151 5203 3270 5257 ἴδια.
