3825 5834
496 444 568 494 28
1444 399 1906 484 Arxo'rpror
1946 424 1995 481 o
2042 424 2249 484 κΑΤΑ
2292 425 2817 486 Aroxm'rorz.

1111 560 1266 606 ΨΗΦῙ
1275 556 1421 606 ΣΜΑ.

413 706 471 745 ³⁶
575 685 718 764 Ἐγὼ
763 684 930 743 τοίνυν
977 683 1156 760 μηνύω
1191 681 1277 740 τὸν
1324 680 1634 762 ἀφανίζοντα
1673 686 1838 739 ταῦτα
1867 679 2039 738 πάντα

486 772 616 853 πρὸς
643 775 774 846 ὑμᾶς
793 769 906 834 τοὺς
925 768 1126 846 κυρίους
1148 768 1298 833 ὄντας
1327 766 1568 839 κολάσαι,
1596 766 1838 843 ὑμέτερον
1858 764 1913 823 δέ
1931 767 2041 822 ἐστι

488 863 575 919 καὶ
605 859 733 938 ὑπὲρ
755 861 898 934 ὑμῶν
925 857 1015 915 καὶ
1044 857 1175 935 ὓπὲρ
1199 859 1302 912 τῶν
1327 857 1454 912 θεῶν
1470 851 1870 932 τιμωρήσασθαι
1891 855 2039 910 Λεω-

491 945 706 1026 κράτην.
791 942 882 1002 Τὰ
909 941 1014 1019 γὰρ
1037 941 1338 1016 ἀδικήματα
1360 983 1377 1014 ,
1403 939 1498 1005 ἕως
1532 937 1626 1014 μὲν
1663 939 1724 995 ἂν
1747 929 1782 1017 ᾖ
1824 937 2037 1016 ἄκριτα,

493 1031 638 1108 παρὰ
663 1038 769 1096 τοῖς
798 1027 1056 1108 πράξασίν
1087 1031 1242 1098 ἐστιν,
1272 1027 1480 1084 ἐπειδὰν
1511 1025 1566 1083 δὲ
1599 1047 1630 1082 κ
1665 1025 1764 1090 ίσις
1795 1025 2037 1101 γένηται,

493 1117 637 1198 παρὰ
659 1121 764 1182 τοῖς
787 1117 860 1191 μὴ
885 1113 1092 1180 δικαίως
1117 1112 1484 1181 ἐπεξελθοῦσιν.
1567 1115 1613 1172 Ε
1671 1112 1722 1168 δὲ
1737 1110 1866 1181 ἴστε,
1885 1101 1929 1168 ὦ
1950 1111 2039 1168 ἀν-

495 1203 625 1282 δρες,
650 1203 728 1260 ὅτι
751 1207 839 1260 νῦν
861 1201 1088 1280 κρύὸδην
1110 1199 1452 1279 ψηφιζόμενος
1472 1196 1684 1264 ἕκαστος
1711 1199 1854 1272 ὑμῶν
1879 1219 2041 1276 φανε-

411 1303 466 1341 ⁴⁰
495 1289 586 1368 ρὰν
601 1289 806 1359 ποιήσει
823 1288 916 1358 τὴν
946 1291 1100 1345 αὑτοῦ
1127 1287 1354 1344 διάνοιαν
1381 1293 1484 1350 τοῖς
1519 1285 1666 1349 θεοῖς.
1705 1285 1818 1360 (ιι-ι’)
1847 1282 2041 1360 Ἦγοῧ·

495 1400 592 1452 μαι
629 1375 711 1447 δέ,
759 1366 804 1433 ὦ
831 1375 1040 1453 ἄνδρες,
1068 1373 1196 1452 ὑπὲρ
1241 1372 1484 1431 ἁπάντων
1519 1375 1624 1429 τῶν
1659 1369 1918 1446 μεγίστων
1946 1369 2037 1427 καὶ

495 1463 798 1521 δεινοτάτων
819 1461 1153 1534 ἀδικημάτων
1187 1459 1312 1535 μίαν
1337 1461 1472 1532 ὑμᾶς
1507 1462 1679 1536 ψῆφον
1707 1459 1760 1514 ἐν
1779 1462 1846 1536 τῇ
1868 1455 2040 1532 τήμε-

497 1571 584 1628 ρον
612 1549 782 1627 ήμέρα
813 1545 1003 1627 φέρειν,
1041 1537 1113 1611 οἶς
1143 1545 1335 1602 ἅπασιν
1365 1545 1538 1622 ἔνοχον
1564 1543 1686 1600 ὄντα
1728 1543 2041 1620 Λεωκράτην

493 1633 630 1692 ἔστιν
652 1635 794 1704 ἰδεῖν,
821 1631 1098 1712 προδοσίας
1132 1630 1225 1707 μὲν
1266 1629 1343 1688 ὅτι
1373 1630 1467 1699 τὴν
1503 1630 1654 1688 πόλιν
1681 1628 2042 1706 ἐγκαταλιπὼν

496 1725 604 1786 τοῖς
633 1719 900 1794 πολεμίοις
931 1719 1225 1796 ὖποχείριον
1257 1716 1500 1791 ἐποίησε,
1546 1715 1713 1791 δήμου
1743 1715 1796 1773 δὲ
1823 1714 2045 1772 καταλύ-

497 1827 624 1871 σεως
651 1805 728 1864 ὅτι
755 1808 854 1883 οὐχ
869 1802 1114 1880 ὑπέμεινε
1135 1802 1220 1860 τὸν
1239 1803 1366 1880 ὑπὲρ
1385 1806 1475 1872 τῆς
1499 1800 1783 1879 ἐλευθερίας
1795 1800 2043 1872 κίνδυνον,

497 1891 734 1958 ἀσεὸείας
759 1892 802 1948 δ’
832 1891 912 1948 ὅτι
944 1896 1034 1948 τοῦ
1056 1891 1120 1947 τὰ
1141 1889 1328 1960 τεμένη
1355 1887 1630 1960 τέμνεσθαι
1653 1889 1744 1944 καὶ
1769 1885 1888 1953 τοὺς
1911 1887 2041 1952 νεὼς

395 1979 959 2037 mmmmmcxcix-mem
981 1976 1042 2034 τὸ
1065 1975 1178 2033 καθ’
1203 1974 1384 2032 ἑαυτὸν
1407 1974 1610 2052 γέγονεν
1633 1972 1818 2046 αἴτιος,
1850 1975 2042 2030 τοκέων

496 2067 552 2123 δὲ
575 2065 850 2130 κακώσεως
871 2064 937 2122 τὰ
959 2072 1189 2139 μνημεῖα
1218 2063 1388 2119 αὐτῶν
1417 2061 1678 2140 ἀφανίζων
1710 2061 1800 2118 καὶ
1827 2064 1928 2117 τῶν
1957 2082 2044 2118 νο-

497 2152 670 2229 μίμων
715 2153 1036 2230 ἀποστερῶν,
1085 2147 1382 2214 λιποταξίου
1415 2148 1470 2204 δὲ
1505 2147 1595 2205 καὶ
1635 2147 1943 2224 ἀστρατείας
1986 2149 2044 2204 οὗ

497 2235 786 2316 παρασχὼν
833 2235 892 2294 τὸ
941 2238 1096 2311 σῶμα
1135 2234 1286 2302 τάξαι
1329 2242 1434 2300 τοῖς
1479 2235 1805 2312 στρατηγοῖς.
1922 2235 2045 2312 (¹⁴8)

496 2319 721 2382 Ἔπειτα
746 2319 929 2380 τούτου
967 2344 1042 2386 τις
1075 2322 1444 2401 ἀποψηφιεῖται
1485 2319 1576 2377 καὶ
1613 2317 1924 2396 συγγνώμην
1946 2318 2046 2385 ἔξει

496 2413 600 2468 τῶν
628 2407 764 2466 κατὰ
787 2405 1086 2484 προαίρεσιν
1124 2405 1492 2481 ἀδικημάτων;
1527 2406 1616 2464 καὶ
1643 2405 1882 2464 τοσοῦτόν
1907 2407 2047 2462 ἐστιν

446 2499 472 2536 ⁸
499 2491 712 2563 ἀνόητος
735 2491 868 2550 ὥστε
893 2497 1070 2550 τοῦτον
1087 2492 1262 2560 σώζων
1283 2491 1378 2562 τὴν
1399 2495 1584 2550 ἑαυτοῦ
1613 2491 1872 2569 σωτηρίαν
1889 2489 2043 2570 προέ-

500 2583 621 2637 σθαι
649 2580 754 2643 τοῖς
780 2581 1145 2654 ἐγκαταλιπεῖν
1177 2577 1536 2656 βουλομένοις,
1569 2577 1658 2634 καὶ
1683 2583 1858 2634 τοῦτον
1896 2575 2044 2645 ἐλεή·

499 2687 596 2732 σας
614 2663 764 2730 αὐτὸς
781 2664 1046 2736 ἀνελέητος
1061 2664 1159 2722 ὑπὸ
1174 2668 1274 2722 τῶν
1291 2663 1552 2738 πολεμίων
1568 2662 1852 2721 ἀπολέσθαι
1872 2685 2049 2742 προαι-

501 2752 741 2830 ρήσεται,
785 2750 968 2830 καὶτῷ
1009 2751 1233 2829 προδότῃ
1271 2755 1362 2820 τῆς
1387 2751 1633 2830 πατρίδος
1661 2751 1812 2828 χάριν
1843 2750 2049 2826 θέμενος

500 2839 778 2903 ὑπεύθυνος
803 2827 934 2895 εἶναι
956 2843 1022 2917 τῇ
1051 2837 1197 2918 παρὰ
1222 2841 1326 2896 τῶν
1352 2840 1478 2896 θεῶν
1508 2838 1761 2916 τιμωρίας

587 2943 685 2983 149.
731 2922 874 3001 Ἐγὼ
907 2923 1001 3000 μὲν
1043 2915 1129 2982 οὖν
1156 2923 1246 2981 καὶ
1280 2927 1345 3004 τῇ
1373 2923 1582 3003 πατρίδι
1611 2925 1810 3001 βοηθῶν
1833 2921 2049 2987 καὶτοῖς

501 3013 654 3090 ἱεροῖς
677 3011 887 3077 καὶτοῖς
907 3009 1080 3087 νόμοις
1107 3010 1412 3070 ἀποδέδωκα
1449 3009 1533 3068 τὸν
1567 3014 1743 3088 ἀγῶνα
1765 3011 1923 3088 ὀρθῶς
1958 3009 2049 3067 καὶ

509 3095 750 3172 δικαίως,
773 3095 890 3154 οὔτε
913 3095 1000 3154 τὸν
1022 3097 1177 3156 ἄλλον
1199 3097 1381 3155 τούτου
1407 3095 1516 3174 βίον
1538 3093 1799 3154 διαὸαλὼν
1817 3094 1922 3154 οὔτ’
1952 3093 2049 3162 ἔξω

423 3193 474 3232 10
505 3187 594 3241 τοῦ
627 3182 932 3261 πράγματος
971 3183 1114 3241 οὐδὲν
1149 3183 1538 3263 κατηγορήσας·
1577 3187 1720 3259 ὑμῶν
1750 3183 1796 3240 δ’
1830 3179 2048 3240 ἕκαστον

502 3267 606 3348 χρὴ
635 3269 856 3345 νομίζειν
884 3269 969 3327 τὸν
999 3267 1340 3348 Λεωκράτους
1355 3269 1804 3348 ἀποψηφιζόμενον
1829 3269 2049 3328 θάνατον

467 3391 472 3396 -
503 3360 596 3426 τῆς
622 3355 866 3433 πατρίδος
889 3355 980 3413 καὶ
1025 3356 1444 3436 ἀνδραποδισμὸν
1468 3355 1933 3435 καταψηφίζεσθαι,
1960 3355 2051 3414 καὶ

504 3443 642 3500 δυοῖν
691 3442 954 3500 καδίσκοιν
986 3443 1238 3518 κειμένοιν
1279 3441 1368 3500 τὸν
1415 3440 1508 3519 μὲν
1537 3441 1834 3520 προδοσίας,
1866 3442 1954 3500 τὸν
1996 3441 2051 3500 δὲ

505 3526 761 3608 σωτηρίας
788 3519 947 3601 εἶναι,
976 3529 1066 3587 καὶ
1091 3527 1183 3595 τὰς
1211 3527 1408 3608 ψήφους
1428 3526 1670 3606 φέρεσθαι
1687 3527 1780 3594 τὰς
1806 3526 1898 3603 μὲν
1921 3527 2049 3608 ὑπὲρ

505 3612 835 3681 ἀναστάσεως
859 3619 952 3686 τῆς
989 3616 1264 3695 πατρίδος,
1291 3613 1383 3680 τὰς
1411 3613 1464 3672 δὲ
1499 3613 1624 3694 ὑπὲρ
1653 3615 1936 3694 ἀσφαλείας
1962 3615 2053 3673 καὶ

504 3704 598 3770 τῆς
620 3704 671 3758 ἐν
695 3706 759 3778 τῇ
788 3702 937 3760 πόλει
959 3701 1306 3776 εὐδαιμονίας.
1393 3701 1508 3781 (150)
1531 3699 1658 3762 Ἐὰν
1679 3701 1773 3776 μὲν
1803 3701 2052 3782 Λεωκρά-

430 3796 477 3834 15
507 3809 601 3857 την
623 3786 946 3857 ἀπολύσητε,
973 3787 1273 3866 προδιδόναι
1294 3785 1389 3858 τὴν
1429 3788 1579 3846 πόλιν
1606 3787 1697 3847 καὶ
1729 3787 1796 3846 τὰ
1824 3788 1939 3863 ἱερὰ
1963 3788 2052 3846 καὶ

507 3871 598 3938 τὰς
619 3878 740 3938 ναῦς
758 3876 1028 3953 ψηφιεῖσθε
1043 3897 1055 3909 ·
1087 3874 1174 3931 ἐὰν
1203 3873 1256 3931 δὲ
1274 3880 1449 3932 τοῦτον
1474 3875 1812 3946 ἀποκτείνητε
1827 3920 1844 3950 ,
1871 3877 2053 3954 διαφυ-

510 3957 716 4016 λάττειν
741 3959 832 4017 καὶ
851 3958 1029 4027 σώζειν
1051 3960 1142 4028 τὴν
1172 3959 1400 4040 πατρίδα
1439 3962 1528 4017 καὶ
1549 3959 1642 4026 τὰς
1657 3960 1937 4038 προσόδους
1964 3961 2053 4019 καὶ

509 4042 604 4114 τὴν
654 4045 983 4120 εὐδαιμονίαν
1027 4045 1497 4122 παρακελεύσεσθε.
1583 4047 1888 4121 Νομίζοντες
1938 4040 2051 4118 οὖν,

510 4121 554 4188 ὦ
584 4130 839 4202 Ἀθηναῖοι
855 4177 869 4199 ,
897 4131 1139 4190 ἱκετεύειν
1163 4135 1308 4209 ὑμῶν
1331 4131 1424 4203 τὴν
1440 4131 1616 4210 χώραν
1635 4132 1726 4190 καὶ
1749 4130 1814 4190 τὰ
1836 4133 2017 4211 δένδρα
2032 4177 2050 4208 ,

509 4217 706 4274 δεῖσθαι
751 4215 866 4282 τοὺς
893 4217 1104 4294 λιμένας
1143 4218 1207 4277 τὰ
1241 4216 1426 4296 νεώρια
1455 4219 1542 4276 καὶ
1567 4219 1634 4276 τὰ
1666 4219 1814 4297 τείχη
1842 4223 1933 4290 τῆς
1958 4218 2051 4277 πό·

509 4303 668 4374 λεως,
688 4301 856 4371 ἀξιοῦν
891 4303 945 4362 δὲ
981 4303 1070 4363 καὶ
1100 4303 1218 4371 τοὺς
1244 4305 1368 4372 νεὼς
1386 4305 1562 4365 καὶτὰ
1589 4306 1702 4385 ἱερὰ
1728 4312 1929 4384 βοηθεῖν
1960 4309 2051 4363 αὖ·

511 4398 633 4461 τοῖς,
647 4391 982 4469 παράδειγμα
1001 4391 1252 4463 ποιήσατε
1277 4393 1618 4472 Λεωκράτην,
1645 4393 2055 4470 ἀναμνησθέντες

431 4493 484 4530 20
511 4479 613 4534 τῶν
635 4478 1113 4557 κατηγορουμένων,
1153 4480 1231 4538 ὅτι
1276 4483 1334 4540 οὐ
1379 4483 1534 4540 πλέον
1566 4480 1736 4560 ἰσχύει
1768 4481 1894 4561 παρ’
1931 4485 2053 4557 ὑμῖν

512 4561 650 4629 ἕλεος
675 4562 790 4623 οὐδὲ
824 4566 1022 4648 δάκρυα
1049 4571 1141 4638 τῆς
1169 4567 1298 4647 ὑπὲρ
1325 4571 1428 4628 τῶν
1453 4569 1626 4645 νόμων
1655 4569 1746 4627 καὶ
1769 4574 1856 4628 τοῦ
1887 4567 2054 4643 δήμου

515 4649 786 4730 σωτηρίας.

3402 427 3583 500 (ειο-
3602 430 3685 502 2⁴²}

2726 567 3075 610 nncnnrmt.

2192 685 2443 747 Egoigitur
2472 686 2631 736 advos
2644 686 2805 736 desero
2816 687 2898 749 qui
2916 687 3420 758 estisdominijudicii,
3454 690 3513 737 ut
3542 688 3677 737 istum

2128 773 2211 834 qui
2230 773 2333 822 hac
2358 774 2517 822 omnia
2534 773 2713 823 delevit
2736 775 2973 836 puniatis;
2998 777 3209 824 vestrum
3237 778 3403 824 autem
3424 778 3500 825 est
3526 779 3577 824 et
3608 790 3680 824 ve·

2127 863 2225 908 stro
2242 862 2432 910 nomine
2448 873 2505 908 ac
2526 860 2727 910 deorum
2739 863 2971 924 supplicio
2983 862 3169 911 afficere
3184 865 3481 912 Leocratem.
3508 863 3682 911 Delicta

2128 949 2284 1008 enim,
2316 947 2433 996 dum
2456 962 2551 996 non
2568 946 2780 1010 judicata
2818 950 3019 1010 fuerint,
3057 949 3181 1012 apud
3206 951 3430 998 auctora
3456 962 3573 998 suos
3590 963 3683 997 ma-

2130 1037 2271 1094 uent;
2296 1035 2496 1084 simulac
2513 1048 2629 1084 vero
2665 1035 2727 1084 de
2746 1037 2802 1084 iis
2811 1035 3047 1095 judicium
3067 1037 3248 1085 lactum
3270 1037 3435 1098 fuerit,
3454 1037 3591 1098 apud
3606 1050 3684 1084 eoa

2130 1125 2325 1172 manent
2341 1124 2423 1185 qui
2444 1135 2539 1171 non
2558 1123 2668 1184 jure
2698 1124 2779 1172 illa
2800 1125 2899 1186 ipsa
2922 1124 3241 1172 ulciscuntur.
3264 1125 3391 1172 Bene
3415 1129 3580 1172 autem
3598 1139 3683 1172 no-

2130 1211 2288 1271 vistis,
2314 1211 2522 1271 judices,
2542 1210 2671 1273 quod
2703 1211 2924 1272 quamvis
2946 1212 3217 1259 clanculum
3244 1211 3580 1272 uuusquisque
3604 1225 3683 1258 ve-
3776 1207 3778 1212 ’

2128 1297 2281 1344 strum
2300 1295 2575 1356 suffragium
2600 1296 2782 1344 laturus
2800 1296 2884 1353 sit,
2904 1295 3200 1357 perspicuam
3220 1297 3381 1344 tamen
3398 1299 3683 1344 sententiam

2131 1393 2265 1428 suam
2287 1381 2425 1428 faciet
2456 1379 2561 1429 diis.
2630 1383 2760 1442 (147)
2791 1381 3004 1431 Arbitror
3021 1385 3213 1442 autem,
3236 1383 3352 1442 viri,
3370 1381 3433 1430 de
3462 1381 3687 1430 omnibus

2132 1466 2353 1515 maximis
2384 1471 2433 1515 et
2458 1467 2746 1529 gravissimis
2781 1467 2966 1516 delictis
2986 1481 3131 1516 unam
3158 1482 3246 1518 vos
3280 1469 3571 1518 sententiam
3608 1470 3687 1517 lio·
3772 1495 3779 1500 -

2131 1553 2297 1602 diemo
2314 1553 2391 1602 die
2404 1555 2587 1604 laturos
2604 1567 2705 1604 esse
2716 1591 2731 1616 ‚
2750 1555 2923 1617 quibus
2939 1555 3159 1604 omnibus
3178 1557 3459 1605 Leocratem
3477 1569 3581 1604 esse
3600 1556 3685 1604 ob·

2132 1641 2329 1690 noxium
2354 1641 2467 1691 licet
2488 1642 2677 1702 videre,
2705 1642 2765 1691 de
2788 1642 3053 1705 proditione
3084 1642 3279 1705 quidem
3299 1643 3433 1704 quod
3464 1643 3687 1692 deserens

2132 1729 2301 1777 urbem
2330 1729 2546 1779 hostibus
2579 1730 2863 1792 subjecerit,
2891 1730 2953 1778 de
2984 1731 3147 1792 populi
3183 1733 3347 1778 autem
3374 1729 3687 1779 dissolutione

2132 1817 2244 1876 quia
2274 1829 2371 1864 non
2400 1817 2626 1866 sustinuit
2656 1829 2743 1878 pro
2771 1817 2991 1866 libertate
3020 1816 3315 1878 periculum,
3347 1816 3410 1864 de
3438 1817 3687 1878 impietate
3788 1815 3790 1820 “

2132 1903 2245 1965 quia
2262 1905 2316 1952 ut
2328 1903 2426 1952 luci
2437 1903 2771 1952 deser-arentur
2784 1903 3074 1966 delubraque
3086 1903 3439 1953 suffoderentur
3448 1907 3686 1965 quantum

2134 1991 2181 2038 in
2206 1989 2307 2051 ipso
2340 1990 2431 2038 suit
2452 1993 2623 2038 auctor
2645 1989 2857 2051 exstitit,
2884 1989 2945 2038 de
2971 1993 3405 2051 parentunrautem
3428 1990 3687 2040 afflictione

2134 2085 2263 2145 quod
2292 2087 2603 2132 monumenta
2622 2084 2830 2144 ipsorum
2850 2083 3115 2131 obscurarit
3132 2085 3180 2132 et
3193 2083 3415 2145 legitimis
3432 2097 3488 2132 ea
3522 2085 3684 2146 priva-

2134 2177 2199 2226 rit
2230 2177 2541 2238 ceremoniiS,
2569 2175 2629 2226 de
2660 2176 2929 2225 desertione
2966 2177 3083 2226 aciei
3118 2178 3167 2226 et
3210 2177 3395 2238 ignavia
3426 2177 3477 2226 in
3516 2177 3688 2226 militia

2134 2273 2311 2334 quippe
2328 2272 2411 2334 qui
2431 2285 2605 2334 corpus
2618 2284 2759 2320 suum
2774 2283 2871 2320 nou
2896 2271 3123 2320 obtulerit
3146 2271 3465 2320 ordinandum
3484 2271 3686 2333 impera-

2134 2364 2335 2414 toribus.
2401 2363 2529 2425 (148)
2552 2363 2673 2420 Quis
2689 2377 2799 2426 ergo
2825 2363 2886 2412 ab
2906 2355 2979 2412 iiis
2998 2363 3211 2414 absolvet
3231 2365 3374 2414 istum
3388 2368 3410 2413 Ρ
3426 2366 3537 2428 quis
3554 2368 3689 2428 iguo·

2136 2462 2239 2509 sect
2268 2459 2457 2522 flagitiis
2477 2461 2608 2510 hisce
2638 2474 2667 2510 e
2696 2461 2941 2523 proposito
2958 2460 3253 2510 commissis?
3276 2461 3439 2522 ecquis
3458 2461 3581 2510 adeo
3614 2465 3689 2510 est

2136 2552 2311 2603 mentis
2333 2567 2527 2614 expers,
2552 2556 2609 2603 ut
2630 2555 2759 2603 bunc
2784 2567 2977 2603 servans
2996 2552 3201 2602 salutem
3235 2565 3374 2602 suam
3400 2553 3574 2614 prodat
3600 2553 3691 2603 de·

2137 2649 2401 2698 sertoribus
2419 2649 2617 2710 patrioe'z'
2634 2650 2683 2698 et
2700 2651 2755 2696 ut
2779 2649 2923 2709 hujus
2942 2649 3165 2698 misertus
3194 2649 3292 2712 ipse
3314 2649 3689 2698 misericordiam

2138 2747 2319 2796 nullam
2358 2747 2623 2808 impetrans
2654 2745 2715 2794 ab
2746 2744 2963 2794 hostibus
2996 2745 3150 2807 perire
3184 2744 3328 2806 velit,
3360 2745 3691 2807 proditorique

2139 2841 2306 2903 patriae
2328 2839 2599 2902 gratificans
2610 2839 2849 2888 obnoxius
2870 2839 2971 2889 lieri
2992 2837 3168 2888 divina:
3186 2839 3441 2888 vindictae?

2206 2931 2311 2978 149.
2348 2932 2445 2988 Ego
2482 2928 2645 2988 itaque
2670 2930 2718 2974 et
2744 2926 2909 2987 patriae
2936 2939 3075 2988 opem
3108 2926 3262 2974 serens
3282 2927 3333 2974 ct
3350 2927 3499 2974 sacris
3514 2928 3563 2974 et
3578 2926 3693 2988 legi-

2140 3016 2229 3064 bus
2250 3018 2491 3064 certamen
2525 3013 2617 3062 hoc
2644 3013 2839 3063 exhibui
2870 3016 2997 3062 recte
3028 3013 3077 3062 et
3094 3013 3245 3074 juste,
3276 3025 3433 3074 neque
3452 3013 3691 3074 reliquam

2140 3111 2273 3161 istius
2290 3111 2439 3160 vitam
2458 3109 2753 3160 calumnians
2778 3123 2933 3172 neque
2960 3111 3097 3158 extra
3130 3123 3229 3158 rem
3252 3109 3513 3171 quicquam
3542 3121 3691 3156 accu-

2138 3218 2249 3256 sans
2269 3225 2281 3256 ι
2300 3208 2513 3255 vestrum
2530 3207 2692 3254 autem
2713 3205 3127 3266 unumquemlibet
3136 3207 3324 3267 oportet
3344 3208 3563 3268 reputare
3576 3219 3693 3254 eum

2142 3315 2224 3376 qui
2266 3313 2549 3362 Leocratem
2601 3322 2631 3357 a
2674 3309 2828 3356 morte
2870 3307 3041 3356 liberat
3074 3304 3302 3366 suffragio
3343 3317 3429 3352 suo
3444 3339 3459 3364 ,
3484 3305 3693 3364 patriam

2142 3407 2348 3456 mortiet
2368 3405 2590 3456 servituti
2616 3403 2909 3464 adjudicare,
2928 3413 2985 3449 ac
2996 3400 3185 3450 duabus
3200 3399 3535 3461 suffragiorum
3556 3399 3697 3447 urnis

2143 3503 2393 3566 propositis
2406 3540 2420 3564 ‚
2460 3502 2663 3552 alteram
2705 3498 2899 3561 quidem
2944 3496 3221 3560 proditionis
3238 3531 3252 3556 ,
3270 3495 3469 3544 alteram
3519 3494 3697 3542 salutis

2142 3613 2287 3648 causa
2305 3600 2515 3648 calculos
2536 3597 2747 3660 recipere
2758 3633 2773 3658 ,
2796 3597 2884 3646 hos
2901 3595 3095 3658 quidem
3116 3607 3205 3656 pro
3220 3593 3486 3642 desertione
3499 3592 3692 3652 patria»,

2141 3700 2251 3748 illos
2272 3712 2387 3748 vcro
2406 3711 2492 3760 pro
2524 3695 2781 3745 securitate
2802 3695 2851 3742 et
2870 3691 3093 3744 felicitate
3110 3691 3262 3740 urbis.
3329 3689 3458 3750 (150)
3479 3689 3529 3737 Si
3564 3692 3697 3737 Leo-

2142 3797 2321 3846 cratem
2360 3793 2680 3853 absolveritis,
2704 3789 3019 3852 proditionem
3042 3787 3173 3836 urbis
3190 3789 3239 3836 et
3258 3797 3505 3835 sacrorum
3526 3787 3579 3833 et
3610 3799 3697 3833 na-

2142 3897 2275 3946 vium
2293 3894 2486 3944 decreto
2507 3893 2665 3940 vestro
2684 3889 2903 3938 sancietis
2937 3887 3043 3937 :sin
3060 3887 3189 3936 hunc
3210 3883 3503 3946 occiderim,
3525 3884 3589 3932 ad
3606 3897 3695 3932 cu·

2141 3990 2437 4042 stodiendam
2447 3985 2917 4046 conservandamque
2929 3983 3129 4044 patriam
3144 3983 3193 4028 et
3210 3978 3457 4040 vectigalia
3470 3979 3518 4026 et
3536 3978 3695 4026 felici·

2142 4090 2291 4137 tatem
2314 4081 2698 4134 adliortabimini.
2720 4079 3015 4130 Arbitrautcs
3030 4077 3187 4138 igitur,
3208 4075 3513 4124 Athenienses
3528 4109 3543 4134 ,
3572 4087 3696 4135 sup-

2142 4186 2318 4248 plicare
2336 4179 2472 4228 vobis
2491 4178 2727 4241 regionem
2746 4177 2795 4224 et
2811 4174 3030 4233 arbores,
3050 4185 3191 4220 orare
3208 4173 3375 4234 portus
3391 4206 3405 4230 ,
3435 4171 3625 4218 navalia
3644 4175 3698 4220 et

2144 4279 2321 4330 moenia
2344 4276 2477 4326 urbis
2493 4312 2507 4337 ,
2528 4272 2817 4322 contendere
2834 4269 3039 4330 deniqne
3058 4268 3202 4315 etiam
3222 4265 3401 4326 templa
3418 4267 3467 4312 et
3491 4263 3697 4312 delubra

2142 4381 2343 4430 dearum
2384 4376 2439 4423 ut
2468 4371 2559 4421 sibi
2592 4367 2889 4432 opitulemini
2902 4402 2917 4428 ,
2949 4365 3001 4413 in
3040 4364 3318 4425 exemplum
3358 4361 3462 4410 aliis
3496 4361 3699 4410 statuite

2146 4477 2447 4534 Leocratem,
2480 4470 2713 4522 recordati
2744 4480 2803 4518 ea
2832 4478 2945 4528 quae
2972 4462 3327 4522 accusavimus,
3352 4462 3401 4510 et
3432 4460 3563 4522 quod
3598 4473 3699 4508 non

2143 4573 2295 4636 pluris
2324 4569 2479 4618 valeat
2508 4565 2635 4630 apud
2654 4577 2740 4613 vos
2766 4559 3085 4611 misericordia
3106 4571 3261 4620 neque
3280 4556 3521 4618 lacrimae,
3546 4567 3700 4617 quam

2144 4671 2193 4718 in
2212 4679 2309 4731 qua
2341 4667 2465 4727 leges
2482 4664 2531 4713 et
2548 4660 2753 4726 populus
2772 4657 3131 4708 conservantur.
3154 4654 3300 4702 salus.
