3825 5834
467 415 538 464 32
1460 399 1829 460 ΑΙΣΧΙΝΟΥ
1881 402 1933 458 Ο
1977 397 2180 458 ΚΑΤΑ
2228 398 2641 459 ΤΙΜΑΡΧΟΥ.

545 541 616 582 1³.
645 519 795 582 Μετὰ
821 526 986 580 ταῦτα
1007 519 1196 595 τοίνῐιν,
1225 509 1270 577 ὦ
1311 519 1585 590 Ἀθηναῖοι,
1603 522 1868 594 νομοθετεῖ
1889 519 2009 596 περὶ

386 630 440 669 40
467 609 803 685 ἀδικημάτων
834 607 1073 686 μεγάλων
1115 607 1228 684 μέν,
1267 606 1546 683 γινομένων
1584 607 1628 666 δ’
1664 597 1810 680 οἶμαι
1847 608 1900 664 ἔν
1944 609 2007 681 τῇ

466 697 642 754 πόλει·
673 697 732 753 ἐκ
759 693 858 774 γὰρ
897 701 984 753 τοῦ
1013 693 1331 774 πράττεσθαί
1367 716 1481 750 τινα
1513 685 1585 752 ὧν
1625 695 1684 752 οὗ
1721 697 2009 771 προσῆκεν,

467 786 526 840 ἐκ
551 779 733 840 τούτου
758 781 873 848 τοὺς
897 780 1081 858 νόμους
1110 780 1297 852 ἔθηκαν
1327 783 1373 838 οἱ
1399 779 1632 837 παλαιοί.
1715 776 2012 859 Διαρρήδην

466 874 587 943 γοῦν
610 869 747 946 λέγει
770 871 798 926 6
824 867 1003 944 νόμος,
1033 867 1122 925 ἐάν
1137 890 1250 925 τινα
1275 865 1570 944 ἐκμισθώσῃ
1595 869 1812 944 ἑταιρεῖν
1835 863 2013 940 πατὴρ

467 951 501 1024 ἢ
531 955 746 1034 ἀδελφὸς
773 953 808 1026 ἢ
843 960 972 1022 θεῖος
993 951 1028 1024 ἢ
1057 953 1329 1031 ἐπίτροπος
1355 952 1389 1024 ἢ
1414 951 1544 1018 ὅλως
1570 955 1672 1011 τῶν
1699 950 1886 1030 κυρίων
1909 975 2013 1022 τις,

468 1043 586 1100 κατ’
615 1044 773 1099 αὐτοῦ
811 1041 903 1118 μὲν
937 1047 1026 1100 τοῦ
1059 1041 1240 1106 παιδὸς
1266 1043 1360 1098 οὐκ
1387 1043 1449 1119 {a
1478 1039 1678 1120 γραφὰς
1705 1037 2017 1117 ἑταιρησεως

467 1119 629 1201 εἶναι,
652 1128 787 1187 κατὰ
811 1129 868 1186 δὲ
885 1134 976 1186 τοῦ
1001 1127 1351 1204 μισθώσαντος
1369 1097 1458 1184 xii
1475 1132 1566 1184 τοῦ
1587 1125 1985 1204 μισθωσαμένου
2000 1169 2015 1199 ,

466 1239 554 1274 του
576 1215 670 1292 μὲν
690 1215 769 1273 ὅτι
791 1215 1135 1288 ἐξεμίσθωσε,
1159 1220 1248 1272 τοῦ
1273 1213 1326 1272 δὲ
1345 1213 1444 1284 ὅτι,
1467 1212 1642 1294 φησίν,
1669 1212 2013 1290 ἐμισθώσατο.

399 1307 432 1355 3
471 1302 577 1362 Και
604 1301 694 1359 ἴσα
725 1301 790 1359 τὰ
825 1301 1108 1378 ἐπιτίμια
1087 1300 1314 1380 εκατέρῳ
1349 1300 1626 1372 πεποίηκε,
1654 1301 1743 1358 καὶ
1780 1297 1854 1375 μὴ
1887 1298 2017 1356 ἐπά-

467 1409 651 1464 ναγκες
690 1379 820 1446 εἶναι
855 1392 932 1447 τῶ
967 1388 1114 1445 παιδι
1140 1388 1403 1458 ἡὸήσαντι
1445 1387 1645 1467 τρέφειν
1685 1385 1772 1445 τὸν
1812 1385 2014 1464 πατέρα

470 1475 602 1551 μηδὲ
645 1474 845 1546 οἴκησιν
897 1474 1166 1554 παρέχειν,
1211 1473 1264 1540 ὃς
1311 1473 1374 1532 ἂν
1420 1477 1714 1566 ἐκμισθωθῇ
1761 1475 2014 1551 ἑταιρεῖν·

472 1562 793 1621 ἀποθανόντα
828 1561 881 1620 δὲ
912 1562 1066 1620 αὐτὸν
1095 1561 1335 1621 θαπτέτω
1362 1561 1453 1619 καὶ
1489 1553 1660 1620 τᾶλλα
1703 1561 1913 1619 ποιείτω
1951 1559 2017 1618 τὰ

469 1649 801 1725 νομιζόμενα.
890 1649 980 1726 (ιι)
1011 1648 1282 1728 Σκέψασθε
1302 1648 1406 1718 δὴ“
1381 1673 1447 1714 ως
1466 1651 1656 1720 καλως,
1679 1674 1723 1706 ω
1743 1647 2016 1720 Ἀθηναῖοι·

471 1737 654 1802 ζῶντος
669 1733 762 1810 μὲν
781 1735 934 1794 αὐτοῦ
927 1737 1247 1846 ωἀφαιρεῖται
1262 1734 1355 1805 τὴν
1371 1735 1544 1806 ὄνησιν
1562 1739 1652 1805 τῆς
1671 1733 2017 1805 παιδοποιίας,

471 1821 647 1901 ὥσπερ
666 1823 856 1888 ἐκεῖνος
872 1846 961 1880 του
986 1823 1168 1888 παιδὸς
1188 1822 1283 1892 τὴν
1300 1823 1615 1902 παρρησίαν,
1637 1823 2017 1893 τελευτησαντα

418 1933 443 1969 s
473 1907 528 1965 δὲ
550 1907 725 1978 αὐτόν,
757 1908 912 1978 ἡνίκα
936 1913 964 1967 6
993 1907 1086 1983 μὲν
1123 1909 1540 1988 εὐεργετούμενος
1582 1911 1676 1967 οὔκ
1719 1909 2017 1967 αἰσθάνεται

470 1985 623 2054 52²⁹
567 2018 622 2052 ευ
651 1995 875 2074 πάσχει,
900 2004 1120 2068 τιμᾶται
1141 1995 1195 2053 δὲ
1218 1999 1246 2053 6
1264 1995 1415 2071 νόμος
1435 1997 1525 2054 καὶ
1551 1995 1610 2054 τὸ
1633 2001 1781 2067 θεῖον,
1805 1996 2019 2053 θάπτειν

471 2081 572 2152 ἤδη
591 2078 792 2140 κελεύει
809 2103 899 2139 και
917 2073 1016 2138 τά).
1017 2083 1084 2139 λα
1104 2082 1267 2139 ποιεῖν
1285 2082 1350 2138 τὰ
1369 2081 1694 2158 νομιζόμενα.
1781 2081 1886 2142 Καὶ
1903 2081 2017 2139 τίνα

471 2168 642 2247 ετερον
659 2169 813 2244 νόμον
839 2168 990 2240 ἔθηκε
1012 2169 1218 2247 φύλακα
1245 2172 1347 2227 τῶν
1376 2170 1641 2250 ἡμετέρων
1665 2170 1904 2245 παίδων;
1931 2169 2017 2227 τὸν

409 2293 412 2298 -
471 2260 562 2326 τῆς
582 2257 968 2336 προαγωγείας,
997 2255 1062 2314 τὰ
1097 2257 1317 2334 μέγιστα
1346 2257 1580 2333 ἐπιτίμια
1612 2257 1902 2336 ἐπιγράψας
1931 2256 2018 2313 ἐάν

471 2367 544 2408 τις
572 2343 830 2423 ἐλεύθερον
853 2346 1016 2402 παῖδα
1041 2342 1074 2414 ἢ
1099 2345 1318 2422 γυναῖκα
1341 2344 1703 2423 προαγωγεύῃ.
1789 2343 1880 2422 (15)
1910 2342 2018 2402 Καὶ

471 2432 619 2488 ποῖον
645 2431 831 2503 ἄλλον;
855 2431 943 2489 τὸν
964 2437 1055 2501 τῆς
1078 2429 1272 2510 ὕὸρεως
1289 2476 1306 2502 ,
1333 2429 1385 2496 ὃς
1409 2430 1484 2488 ἑνὶ
1522 2431 1788 2510 κεφαλαίῳ
1812 2429 2019 2489 ἅπαντα

395 2535 446 2573 10
473 2517 537 2574 τὰ
563 2523 776 2575 τοιαῦτα
801 2517 1071 2576 συλλαὸὼν
1095 2517 1226 2596 ἔχει·
1248 2521 1300 2574 ἐν
1323 2510 1366 2595 ᾧ
1387 2515 1668 2595 διαρρήδην
1692 2516 2016 2594 γέγραπται,

473 2603 563 2663 ἐάν
587 2627 658 2668 τις
681 2603 858 2682 ὓὸρίζῃ
883 2606 954 2669 εἷς
981 2601 1144 2660 παῖδα
1171 2602 1400 2680 (sepita
1434 2601 1486 2660 δὲ
1517 2602 1580 2672 δή
1607 2625 1706 2659 που
1743 2605 1770 2660 6
1808 2600 2019 2677 μισθού-

474 2693 655 2767 μενος)
684 2689 716 2761 ἢ
738 2690 898 2762 ἄνδρα
924 2688 958 2760 ἢ
984 2697 1230 2767 γυναῖκα,
1248 2688 1284 2760 ἢ
1307 2693 1409 2746 τῶν
1429 2688 1704 2769 ἐλευθέρων
1721 2688 1836 2746 τινὰ
1861 2687 1895 2760 ἢ
1918 2693 2019 2748 τῶν

473 2775 691 2850 δούλων,
716 2775 750 2846 ἢ
771 2777 858 2834 ἐὰν
882 2775 1182 2856 παράνομόν
1206 2801 1256 2834 τι
1279 2781 1404 2854 ποιῇ
1430 2778 1500 2842 εἷς
1517 2775 1710 2834 τούτων
1730 2777 1846 2834 τινά
1860 2823 1876 2854 ‚
1899 2800 2021 2856 γρα-

473 2863 571 2942 φὰς
604 2863 798 2944 ὕὸρεως
825 2855 954 2922 εἶναι
981 2862 1235 2935 πεποίηκε
1271 2887 1361 2922 και
1389 2863 1594 2968 τίμημα
1631 2863 1878 2935 ἐπέθηκεν
1913 2863 1947 2922 ὅ
1972 2887 2023 2921 τι

470 2949 572 3029 χρὴ
594 2956 774 3010 παθεῖν
799 2949 833 3021 ἢ
861 2951 1121 3009 ἀποτῖσαι.
1203 2950 1338 3028 Λέγε
1365 2949 1450 3008 τὸν
1472 2949 1642 3026 νόμον.

582 3114 684 3184 16.
739 3131 1034 3186 ΝΟΜΟΣ.
1079 3111 1192 3210 [Ᾰν
1239 3145 1332 3194 τις
1385 3115 1684 3191 Ᾰθτ.ναίων
1732 3121 2021 3212 ἐλεύθερον

397 3243 447 3284 ιε
473 3218 664 3288 παῖδα
702 3218 937 3315 ὑὲρίσῃ,
983 3249 1167 3316 γραφε
1143 3224 1293 3289 ἔσθω
1345 3229 1375 3290 ὁ
1417 3227 1604 3316 κύριος
1653 3235 1759 3290 του
1805 3221 2023 3303 παιδὸς

473 3329 616 3446 πρὸς
647 3331 780 3404 τοὺς
810 3329 1200 3419 θεσμοθέτας,
1236 3355 1298 3394 τι
1283 3329 1478 3419 Ὄμημα
1523 3327 2019 3422 ἐπιγραψάμενος.

473 3417 548 3517 ῼ
587 3428 657 3498 ἂν
684 3433 755 3497 τὸ
782 3424 1164 3525 δικαστήριον
1185 3432 1604 3526 καταψηφισθῇ
1623 3483 1639 3515 ,
1671 3427 2019 3525 παραδοθεὶς

473 3545 597 3614 τοῖς
632 3531 843 3603 ἕνδεκα
871 3538 1136 3604 τεθνάτω
1169 3538 1506 3631 αὐθημερόν.
1547 3533 1665 3603 Εαν
1707 3531 1776 3604 δὲ
1808 3538 1884 3614 εἰς
1918 3540 2019 3631 ἀρ-

473 3644 670 3734 γύριον
692 3638 1136 3735 καταψηφισθῇ,
1170 3642 1526 3709 άποτισάτω
1551 3645 1608 3708 ἐν
1637 3634 1851 3708 ἕνδεκα
1877 3647 2026 3734 τίμέ-

476 3771 594 3836 ραις
622 3744 774 3834 μετὰ
797 3751 904 3820 τὴν
935 3741 1134 3832 δίκην,
1159 3744 1259 3810 ἐὰν
1282 3751 1361 3836 μὴ
1387 3757 1654 3839 παραχρῆ
1663 3773 1746 3836 μα
1774 3741 2024 3818 δύνηται

476 3849 796 3914 ἀποτίνειν·
829 3853 936 3926 ἕως
953 3843 1022 3915 δὲ
1041 3861 1145 3916 τοῦ
1174 3851 1460 3916 ἀποτῖσαι
1487 3852 1800 3944 εἱρχθήτω.
1825 3853 2023 3941 ἔνοχοι

475 3945 544 4016 δὲ
596 3954 858 4022 ἔστωσαν
896 3948 1106 4019 ταῖσδε
1142 3961 1275 4029 ταῖς
1319 3955 1540 4031 αἰτίαις
1575 3954 1676 4019 καὶ
1727 3957 1785 4021 οἱ
1829 3957 1910 4032 εἰς
1945 3955 2025 4020 τὰ

475 4055 740 4122 οἰκετικὰ
763 4062 1018 4148 σώματα
1045 4053 1592 4152 ἐξαμαρτάνοντες]

398 4262 454 4300 20
559 4256 625 4296 17.
671 4237 876 4306 Ἴσως
851 4263 913 4297 αν
937 4229 1024 4298 ουν
1051 4263 1127 4306 τις
1157 4240 1467 4317 θαυμάσειεν
1503 4240 1740 4321 ἐξαίφνης
1769 4242 2023 4316 ακούσας,

477 4325 527 4382 τί
549 4324 610 4395 δή
631 4328 749 4384 ποτ’
771 4329 824 4384 ἐν
842 4330 916 4385 τῶ
939 4328 1082 4408 νόμῳ
1101 4331 1174 4386 τῶ
1194 4334 1284 4400 τῆς
1303 4328 1499 4410 ύὸρεως
1517 4331 1852 4412 προσεγράφη
1871 4337 2024 4390 τοῦτο

475 4411 536 4469 τὸ
565 4416 740 4492 ῥῆμα,
770 4413 830 4473 τὸ
863 4419 965 4474 τῶν
1008 4415 1218 4475 δούλων.
1267 4421 1436 4476 Ἰοῢτο
1467 4415 1521 4476 δὲ
1551 4417 1639 4476 ἐὰν
1681 4423 1936 4491 σκοπῆτε,
1980 4423 2025 4478 ὠ

478 4500 764 4573 Ἀθηναῖοι,
793 4502 1034 4581 εὑρήσετε
1063 4501 1142 4561 ὅτι
1169 4509 1317 4562 τοῦτο
1346 4505 1554 4565 πάντων
1580 4505 1765 4584 ἄριστα
1791 4506 1933 4584 ἔχει·
1965 4509 2022 4566 οὗ

477 4591 579 4665 γὰρ
607 4587 727 4669 περὶ
768 4593 871 4647 τῶν
899 4591 1162 4648 οἶκετῶν’
1139 4591 1457 4650 εσπούδακεν
1488 4596 1516 4650 6
1545 4591 1852 4667 νομοθέτης,
1887 4591 2022 4650 ἀλλὰ

483 4673 789 4752 βουλόμενος
811 4679 945 4751 ὑμᾶς
972 4676 1138 4736 ἐθίσαι
1162 4676 1294 4736 πολὺ
1325 4679 1538 4758 ἀπέχειν
1564 4682 1658 4749 τῆς
1688 4681 1788 4736 τῶν
1817 4678 2023 4736 ἐλευθέ-

483 4785 584 4837 ρων
609 4760 804 4841 ὕὸρεως
823 4763 1154 4844 προσέγραψε
1181 4765 1301 4841 μηδ’
1322 4769 1390 4832 εἰς
1409 4789 1526 4833 τους
1555 4766 1764 4832 δούλους
1783 4765 2023 4844 ὑδρίζειν.

478 4846 656 4914 “olm
681 4845 737 4906 δὲ
765 4851 818 4907 ἐν
851 4855 916 4929 τῇ
941 4851 1264 4931 δημοκρατία
1287 4851 1374 4910 τὸν
1411 4855 1479 4918 εἷς
1505 4856 1726 4910 ὁντινοῦν
1755 4850 2022 4930 ὓὸριστην,

401 4961 454 5000 :s
477 4957 657 4993 τουτον
701 4936 794 4992 οὐκ
831 4937 1116 5006 ἐπιτήδειον
1168 4909 1300 4997 εἶναι
1351 4939 1586 5014 ἡγήσατο
1650 4936 2022 5014 συμπὸλιτεύε-

476 5026 612 5080 σθαι.
707 5024 794 5099 (ιε)
865 5026 1088 5084 Κάκεῖνο
1146 5027 1202 5082 δέ
1261 5049 1350 5103 μοι
1418 4995 2023 5102 συνδιαμνημονεύσατε,

477 5133 524 5168 ω
548 5108 835 5186 Ἀθηναῖοι,
865 5111 942 5170 ὅτι
971 5113 1165 5172 ἐνταῦθ’
1193 5117 1221 5172 6
1261 5113 1536 5191 νομοθέτης
1561 5111 1706 5173 οὔπω
1734 5113 2023 5191 διαλέγεται

3422 399 3647 480 (ευ-ω)

2166 533 2241 576 ta.
2278 530 2390 576 Post
2420 528 2553 588 haec,
2578 526 2791 588 judices,
2823 525 2965 576 edicit
2996 525 3057 576 de
3086 525 3303 588 injuriis,
3338 528 3525 588 magnis
3560 528 3653 576 illis

2098 613 2289 674 quidem
2302 650 2317 674 ,
2336 613 2419 662 sed
2438 617 2596 662 tamen
2618 614 2719 663 fieri
2732 614 2907 662 scilicet
2926 614 2973 661 in
2994 613 3115 662 urbe
3132 615 3295 662 nostra
3310 613 3483 663 solitis.
3532 617 3651 664 Nam

2100 713 2155 746 ea
2184 699 2245 748 de
2267 713 2409 748 causa
2430 701 2552 762 leges
2568 714 2601 750 a
2622 699 2882 761 maioribus
2902 701 3097 748 sancitae
3114 703 3254 760 sunt,
3277 699 3407 762 quod
3426 699 3652 762 qnaedam

2101 789 2267 834 contra
2305 799 2449 848 quam
2487 787 2655 836 deceat
2688 787 3073 836 committuntur.
3156 789 3255 836 Lex
3290 789 3421 836 certe
3455 787 3653 849 quidem

2101 877 2263 936 aperte
2294 873 2361 923 ait
2388 888 2402 922 :
2431 874 2469 922 si
2500 877 2635 936 pater
2666 875 2751 923 aut
2782 873 2927 922 frater
2960 875 3047 922 aut
3077 871 3277 935 patruus
3302 877 3387 923 aut
3410 876 3547 924 tutor
3571 877 3657 925 aut

2102 962 2309 1023 denique
2327 962 2365 1010 is
2382 962 2519 1022 cuius
2536 965 2607 1010 est
2628 962 2888 1010 auctoritas
2906 961 3114 1022 aliquem
3130 960 3347 1010 mercede
3368 963 3657 1024 prostituat,

2103 1062 2199 1097 non
2234 1048 2375 1098 licere
2407 1063 2605 1111 puerum
2632 1061 2853 1098 accusare
2875 1085 2889 1110 ,
2937 1048 3021 1096 sed
3055 1051 3153 1097 tam
3190 1061 3303 1097 eum
3332 1049 3417 1110 qui
3457 1051 3659 1100 elocarit

2104 1149 2251 1198 quam
2270 1137 2353 1200 qui
2376 1135 2689 1200 conduxerit,
2712 1137 2851 1187 illum
2868 1136 2998 1198 quod
3024 1137 3221 1186 elocarit
3238 1173 3253 1197 ,
3281 1138 3442 1199 hunc,
3468 1138 3656 1200 inquit,

2104 1223 2235 1284 quod
2261 1224 2575 1286 conduxerit,
2602 1227 2651 1274 et
2680 1237 2843 1286 parem
2870 1223 2919 1271 in
2955 1225 3217 1286 utrumque
3242 1237 3433 1286 poenam
3464 1225 3653 1274 statuit.

2106 1315 2270 1373 Neque
2292 1313 2619 1362 necessitatem
2655 1311 2859 1375 imponit
2892 1325 3041 1375 puero
3072 1311 3153 1360 ubi
3186 1311 3448 1360 adoleverit
3470 1315 3657 1374 patrem

2104 1399 2261 1448 alendi
2286 1401 2369 1448 aut
2398 1399 2637 1449 domicilio
2660 1399 2952 1462 excipiendi,
2976 1400 3015 1448 si
3037 1399 3179 1448 fuerit
3209 1399 3271 1448 ab
3298 1411 3357 1448 eo
3374 1399 3437 1448 ad
3464 1401 3659 1460 turpem

2106 1487 2345 1546 quaestum
2365 1485 2579 1535 elocatus
2594 1521 2609 1542 ,
2634 1485 2915 1536 defunctum
2936 1489 3095 1535 tamen
3122 1485 3319 1546 sepelire
3335 1485 3475 1544 iubet
3499 1498 3559 1534 ac
3583 1499 3658 1534 oe·

2111 1575 2211 1621 tcra
2224 1575 2485 1634 parentalia
2506 1573 2639 1622 obire
2658 1576 2713 1623 ut
2735 1576 2881 1623 moris
2900 1575 2988 1624 est.
3025 1574 3124 1634 (14)
3144 1573 3453 1622 Considerate
3469 1609 3484 1633 ,
3507 1573 3659 1622 Ame-

2106 1659 2307 1720 nienses,
2327 1673 2471 1722 quam
2490 1663 2619 1709 recte
2640 1681 2651 1709 :
2674 1661 2853 1710 viventi
2870 1661 2915 1711 ei
2930 1661 3069 1723 eripit
3084 1661 3294 1710 fructum
3318 1661 3663 1722 procreationis

2106 1746 2363 1795 liberorum
2376 1783 2391 1808 ,
2412 1747 2815 1809 quemadmodum
2834 1749 2933 1809 ipse
2950 1761 3099 1809 puero
3122 1747 3311 1797 dicendi
3334 1747 3609 1796 libertatem
3635 1767 3648 1795 z

2106 1833 2385 1882 defunctum
2412 1839 2569 1884 tamen
2582 1872 2598 1894 ,
2617 1848 2766 1897 quum
2788 1835 2827 1884 is
2844 1835 3038 1897 quidem
3054 1835 3137 1896 qui
3154 1833 3437 1884 beneficium
3458 1833 3655 1895 accipit,

2108 1933 2202 1968 non
2216 1920 2316 1980 jam
2334 1922 2477 1970 sentit
2494 1921 2801 1970 commodum
2816 1935 2913 1984 quo
2931 1921 3154 1982 afficitur,
3172 1922 3260 1983 legi
3278 1935 3391 1971 vero
3404 1925 3453 1970 et
3472 1921 3662 1970 numini

2110 2007 2260 2056 honos
2283 2008 2499 2070 habetur,
2515 2009 2710 2069 sepelire
2728 2009 2859 2069 jubet
2876 2045 2891 2070 ,
2912 2010 2962 2058 et
2980 2013 3139 2058 cetera
3168 2009 3229 2057 de
3250 2021 3385 2056 more
3408 2011 3655 2069 praestare.

2111 2096 2221 2142 Jam
2253 2107 2509 2156 quamnam
2544 2095 2687 2144 aliam
2718 2095 2869 2156 legem
2909 2096 3047 2157 tulit,
3090 2097 3361 2144 nostrorum
3394 2095 3659 2144 liberorum

2110 2181 2385 2231 custodem?
2410 2185 2577 2244 Legem
2592 2181 2652 2232 de
2670 2182 2919 2241 lenocinio,
2946 2183 3165 2232 maximis
3181 2182 3331 2245 poenis
3353 2183 3595 2244 ascriptis,
3618 2183 3661 2230 si

2108 2269 2217 2332 quis
2244 2269 2429 2331 ingenui
2449 2271 2580 2332 pueri
2600 2273 2683 2318 aut
2701 2270 2913 2319 mulieris
2930 2272 3148 2319 lenonem
3163 2273 3284 2331 agat.
3310 2271 3406 2332 (15)
3430 2272 3487 2318 Et
3510 2283 3661 2332 quam

2108 2356 2285 2405 aliam?
2308 2359 2478 2418 Legem
2496 2358 2797 2406 contumeliae
2808 2393 2822 2418 ‚
2850 2371 2959 2420 qum
2978 2371 3076 2406 uno
3096 2357 3249 2419 capite
3266 2370 3375 2419 quae
3388 2361 3501 2407 sunt
3516 2357 3665 2419 huius

2108 2444 2291 2504 generis
2310 2447 2470 2493 omnia
2484 2445 2813 2506 complectitur
2827 2461 2842 2504 ;
2858 2445 2905 2492 in
2924 2457 3019 2506 qua
3036 2443 3175 2506 plane
3186 2445 3417 2507 scriptum
3434 2445 3661 2506 babetur,

2109 2530 2149 2578 si
2166 2529 2271 2593 quis
2288 2543 2435 2592 puero
2450 2532 2784 2581 contumeliam
2810 2532 2971 2580 fecerit
2983 2561 3047 2575 -
3060 2531 3173 2580 facit
3190 2535 3353 2581 autem
3372 2532 3539 2594 utique
3552 2546 3663 2580 con·

2110 2617 2353 2666 tumeliam
2377 2618 2461 2679 qui
2488 2618 2739 2678 conducit,
2760 2644 2826 2655 —
2847 2621 2931 2668 aut
2958 2619 3089 2679 viro,
3108 2619 3194 2667 aut
3224 2618 3437 2679 mulieri,
3462 2619 3565 2688 sive
3590 2619 3665 2670 in-

2110 2717 2265 2765 genuo
2290 2704 2389 2753 sive
2408 2719 2547 2754 servo
2560 2741 2575 2766 ,
2593 2707 2681 2754 aut
2696 2705 2875 2766 aliquid
2894 2705 3075 2766 iegibus
3092 2705 3395 2755 interdictum
3414 2706 3463 2754 in
3488 2706 3663 2756 horum

2110 2789 2317 2850 aliquem
2359 2789 2677 2850 commiserit,
2720 2790 2771 2837 in
2804 2801 2915 2838 eum
2956 2790 3261 2839 contumeliae
3306 2789 3543 2839 actionem
3578 2789 3661 2840 dat

2110 2875 2216 2935 lex,
2240 2888 2526 2938 pcenamque
2550 2875 2765 2926 delinivit
2793 2876 2907 2940 quid
2934 2877 2975 2926 is
2992 2876 3088 2940 pati
3108 2875 3307 2938 debeat,
3342 2879 3424 2927 aut
3456 2878 3659 2929 solvere.

2112 2969 2276 3018 Recita
2294 2971 2463 3032 legem.

2164 3135 2292 3192 .16,
2340 3125 2505 3184 LEX.
2542 3125 2623 3201 [Si
2646 3128 2773 3201 quis
2816 3125 3176 3185 Atheniensis
3204 3142 3377 3201 puero
3412 3130 3663 3202 ingenuo

2114 3233 2513 3289 contumeliam
2558 3231 2784 3302 fecerit,
2820 3233 2870 3289 is
2906 3233 2967 3288 in
3002 3234 3166 3305 cujus
3204 3237 3482 3305 potestate
3522 3249 3663 3306 puer

2112 3341 2199 3394 est
2216 3338 2377 3393 iilum
2388 3336 2463 3394 ad
2480 3329 2888 3393 thesmothetas
2904 3336 3139 3409 deterat,
3154 3336 3267 3393 litis
3288 3339 3663 3396 aestimatione

2114 3443 2172 3496 in
2198 3439 2386 3498 libello
2412 3442 2673 3513 ascripta.
2756 3439 2971 3509 Quodsi
3017 3445 3197 3496 morte
3218 3439 3503 3513 judicium
3526 3457 3661 3498 eum

2114 3545 2539 3618 condemnarit,
2586 3543 2992 3602 undecimviris
3032 3545 3277 3603 traditus
3326 3546 3525 3604 eadem
3565 3547 3661 3604 die

2114 3651 2423 3722 perimatur
2448 3666 2461 3705 :
2486 3653 2573 3706 sin
2595 3651 2646 3706 ei
2666 3651 2880 3707 mulcta
2900 3650 3222 3722 pecuniaria
3249 3651 3500 3724 irrogata
3536 3650 3660 3708 tue-

2115 3755 2217 3823 rit,
2254 3753 2403 3810 intra
2433 3752 2555 3809 dies
2594 3753 2859 3810 undecim
2892 3759 3021 3826 post
3047 3753 3331 3826 ⁸iudicium
3361 3754 3581 3828 solvat,
3608 3757 3659 3813 si

2114 3859 2307 3915 statim
2340 3859 2561 3915 solvere
2588 3873 2703 3915 non
2726 3861 3006 3931 potuerit3
3033 3858 3213 3915 donec
3239 3875 3373 3916 vero
3394 3859 3661 3930 solverit,

2114 3963 2171 4018 in
2194 3977 2419 4020 carcere
2438 3968 2720 4019 teneatur.
2756 3961 2963 4019 Iisdem
2990 3977 3158 4036 porro
3196 3963 3533 4020 criminibus
3574 3971 3661 4022 te-

2113 4072 2355 4124 neantur
2384 4068 2422 4122 ii
2451 4069 2621 4123 etiam
2648 4068 2747 4141 qui
2768 4067 2997 4125 servilia
3022 4081 3259 4140 corpora
3288 4066 3609 4144 violarim]

2178 4253 2249 4300 17.
2286 4247 2515 4299 Fortassis
2526 4249 2687 4297 autem
2706 4247 2878 4310 aliquis
2894 4247 3055 4298 statim
3076 4249 3293 4312 miretur,
3322 4261 3417 4311 qua
3436 4247 3497 4297 de
3514 4261 3663 4298 causa

2112 4339 2199 4400 legi
2222 4335 2526 4386 contumeliae
2554 4336 2698 4384 etiam
2719 4347 2967 4384 servorum
2990 4347 3167 4384 nomen
3193 4337 3255 4385 sit
3270 4335 3548 4398 ascriptum.
3606 4337 3663 4386 ld

2110 4425 2273 4474 verosi
2286 4421 2658 4484 considerabitis,
2672 4421 2991 4483 Athenienses,
3002 4423 3217 4471 omnium
3228 4421 3544 4472 rectissimum
3560 4436 3665 4473 esse

2110 4510 2377 4560 invenietis.
2397 4512 2559 4572 Neque
2570 4510 2695 4558 enim
2714 4509 2839 4558 servi
2858 4511 3002 4558 tanta:
3016 4523 3145 4558 curae
3166 4510 3360 4558 filerunt
3382 4509 3657 4571 legislatori,

2110 4598 2193 4648 sed
2215 4598 2326 4660 quia
2349 4610 2436 4646 nos
2457 4597 2787 4646 consuefacere
2810 4599 2981 4656 voluit,
3006 4599 3101 4645 uta
3124 4596 3411 4645 contumelia
3432 4595 3659 4658 ingenuo-

2112 4699 2218 4734 rum
2254 4697 2537 4746 magnopere
2559 4684 2696 4733 nobis
2715 4688 3117 4744 temperaremus,
3146 4683 3388 4745 ascripsit,
3420 4695 3483 4731 ne
3508 4683 3663 4732 servis

2110 4772 2305 4834 quidem
2334 4771 2675 4819 contumeliam
2702 4784 2804 4820 esse
2831 4769 3109 4820 faciendam.
3173 4771 3387 4831 Denique
3413 4771 3495 4832 qui
3523 4771 3573 4819 in
3601 4771 3663 4820 li·

2112 4859 2226 4910 bera
2278 4861 2468 4908 civitate
2514 4871 2851 4921 quemcunque
2910 4857 3198 4907 contumelia
3250 4857 3490 4917 afficeret,
3545 4871 3661 4907 eum

2110 4947 2171 4996 ad
2219 4947 2410 4996 civilem
2450 4945 2842 4995 consuetudInem
2892 4945 3089 4994 minime
3128 4944 3353 4994 idoneum
3411 4943 3660 5002 iudicavit.

2112 5036 2209 5096 (18)
2232 5037 2389 5097 Atque
2406 5033 2522 5083 iilud
2544 5047 2637 5082 una
2656 5047 2843 5081 mecum
2858 5069 2873 5093 ‚
2894 5031 3227 5092 Athenienses,
3246 5031 3557 5081 memineritis
3577 5046 3667 5081 ve·

2113 5123 2196 5173 lim
2213 5156 2228 5182 ,
2251 5122 2564 5185 legislatorem
2588 5122 2667 5170 btc
2698 5119 2910 5170 nondum
2942 5119 3071 5182 ioqui
3095 5131 3206 5168 cum
3234 5131 3408 5181 puero,
3440 5117 3523 5168 sed
3548 5133 3665 5168 cum
