3825 5834
124 504 377 582 (δυ-310)

112 638 335 713 {pedm
374 637 425 695 ἔν
466 659 525 696 τε
562 640 681 705 ταῖς
712 639 1011 710 ἐκκλησίαις
1046 639 1277 706 ἁπάσαις
1314 639 1443 719 πρός
1468 663 1524 700 τε
1552 639 1645 712 τὴν

52 734 91 770 ²⁵
110 725 281 802 βουλὴν
322 725 583 804 διαὸάλλῃ
619 724 759 784 τινά.
846 727 955 786 Καὶ
980 731 1049 806 τῇ
1094 727 1191 802 μὲν
1230 728 1381 806 φήμῃ
1420 727 1645 808 δημοσία

110 813 277 888 θύομεν
316 816 385 879 ὥς
428 817 557 892 θεῷ,
600 815 709 871 τῶν
746 811 805 870 δὲ
848 817 1183 894 συκοφαντῶν
1226 819 1299 878 ὣς
1342 817 1646 895 κακούργων

109 901 311 978 δημοσίᾳ
324 899 583 979 προὸολὰς
610 898 917 977 ποιούμεθα.
999 899 1093 972 Μὴ
1116 893 1203 960 οὖν
1224 901 1413 980 σύναγε
1434 905 1505 970 εἰς
1520 904 1645 962 ταῦ-

108 987 183 1044 τὸν
205 986 264 1044 τὰ
287 987 543 1045 κάλλιστα
568 990 674 1052 τοῖς
698 986 1004 1066 αἰσχίστοις.

174 1096 259 1135 m.
295 1075 425 1135 Ἐπὶ
451 1077 666 1143 πολλοῖς
696 1075 789 1152 μὲν
824 1066 910 1133 οὖν
942 1075 1107 1154 ἔγωγε
1138 1079 1241 1136 τῶν
1276 1077 1645 1158 κατηγορημέ-

108 1187 191 1220 νων
226 1163 598 1242 ἠγανάκτησα,
636 1160 865 1240 μάλιστα
896 1161 951 1220 δὲ
994 1164 1152 1234 ἡνίκα
1194 1163 1381 1244 ᾐτιᾶτό
1412 1188 1479 1242 με
1510 1155 1643 1223 εἶναι

108 1250 359 1329 προδότην·
388 1251 504 1328 ἅμα
549 1247 653 1330 γὰρ
685 1253 798 1316 ταῖς
844 1249 1031 1316 αἰτίαις
1069 1250 1281 1318 ταύταις
1316 1250 1540 1328 φανῆναί
1580 1275 1647 1328 με

109 1339 171 1396 δεῖ
194 1339 413 1417 θηριώδη
443 1338 537 1396 καὶ
558 1337 653 1409 τὴν
680 1337 857 1418 ψυχὴν
886 1339 1143 1420 ἄστοργον
1175 1339 1265 1397 καὶ
1299 1342 1509 1408 πολλοῖς
1536 1339 1649 1398 ἐτέ-

48 1446 89 1484 ³⁰
110 1449 193 1504 ροις
230 1425 579 1506 ἁμαρτήμασι
599 1427 849 1504 πρότερον
882 1425 1079 1505 ἔνοχον.
1124 1429 1233 1486 Τοῦ
1266 1427 1360 1504 μὲν
1400 1417 1488 1486 οὗν
1518 1431 1645 1503 ἐμοῦ

110 1515 203 1590 βίου
236 1513 322 1572 καὶ
362 1517 465 1584 τῆς
502 1514 620 1572 καθ’
660 1512 867 1592 ἡμέραν
912 1513 1113 1585 διαίτης
1160 1517 1295 1590 ὃμΐίς
1333 1513 1649 1590 δοκιμαστὰς

114 1601 293 1667 ἱκανοὺς
318 1591 455 1658 εἶναι
481 1600 677 1676 νομίζω
690 1624 705 1638 ·
734 1599 769 1657 ἃ
797 1599 843 1658 δ’
866 1600 977 1658 ἐστὶ
995 1602 1101 1666 τοῖς
1128 1599 1224 1677 μὲν
1250 1602 1461 1668 πολλοῖς
1488 1601 1645 1660 ἀσύν-

110 1709 224 1744 οπτα
256 1695 357 1754 τοῖς
394 1686 455 1746 δὲ
493 1690 747 1766 χρηστοῖς
786 1685 881 1750 τὰς
915 1685 1089 1766 ψυχὰς
1153 1685 1375 1764 μέγιστα
1388 1730 1405 1758 ,
1452 1687 1645 1747 τούτων

110 1777 210 1849 ὑμῖν
232 1775 293 1832 τὰ
316 1777 547 1834 πλεῖστα
581 1774 671 1832 καὶ
700 1776 873 1840 καλῶς
900 1772 1089 1853 ἔχοντα
1117 1775 1177 1833 lx
1210 1777 1315 1832 τῶν
1344 1777 1487 1850 ἐμῶν
1520 1780 1645 1854 ὁρᾶν

111 1861 445 1939 ἀναδιὸῶμαι,
478 1861 551 1920 ἵν’
589 1863 759 1931 εἰδῆτε
786 1861 882 1928 τὰς
915 1860 1045 1936 ἐμὰς
1070 1861 1544 1940 παρακαταθήκας,
1586 1863 1647 1929 ἃς

112 1948 221 2006 οἶκοι
244 1950 554 2008 καταλιπὼν
578 1951 651 2014 εἰς
678 1947 1004 2008 Μακεδονίαν
1032 1947 1375 2028 ἐπρίσὸευσα.
1418 1953 1535 2029 (147)
1564 1949 1643 2010 Σὺ

110 2033 189 2108 μὲν
206 2035 321 2114 γάρ,
356 2025 399 2094 ῶ
427 2035 763 2108 Δημόσθενες
779 2078 797 2108 ,
837 2039 1001 2092 ταῦτα
1030 2033 1243 2094 ἐπλάσω
1275 2035 1357 2093 ἐπ’
1384 2035 1509 2112 ἰμί,
1542 2035 1645 2114 ἐγὼ

50 2133 89 2174 ὃ
110 2123 143 2179 δ’
182 2127 244 2190 ὡς
280 2121 595 2194 ἐπαιδεύθην
642 2121 733 2180 καὶ
770 2121 980 2188 δικαίως
1019 2120 1361 2199 ἐξηγήσομαι.
1444 2122 1645 2183 Οὑτοσὶ

112 2209 187 2283 μέν
213 2211 292 2286 μοί
329 2215 437 2270 ἔστι
468 2207 655 2286 πατὴρ
688 2208 1026 2287 Ἀτρόμητος,
1068 2209 1251 2289 σχεδὸν
1284 2209 1641 2291 πρεσδύτατος

110 2299 193 2354 τῶν
226 2300 438 2357 πολιτῶν
455 2319 469 2334 ·
516 2295 611 2367 ἔτη
646 2295 748 2376 γὰρ
778 2294 883 2367 ἤδη
917 2293 1167 2374 βεὸίωκεν
1208 2298 1513 2366 ἐνενήκοντα
1549 2296 1639 2356 καὶ

110 2383 327 2464 τέτταρα,
366 2385 455 2443 καὶ
512 2381 850 2459 συμὸέὸηκεν
892 2383 1035 2463 αὐτῷ
1062 2382 1163 2464 νέῳ
1206 2383 1301 2460 μὲν
1342 2385 1481 2460 ὄντι,
1519 2385 1639 2463 πρὶν

110 2471 185 2540 τὴν
209 2473 373 2530 οὖσίαν
413 2470 683 2530 ἀπολέσαι
712 2469 797 2528 διὰ
823 2469 911 2528 τὸν
937 2471 1188 2548 πόλεμον,
1232 2474 1405 2530 ἀθλεῖν
1434 2477 1509 2552 τῷ
1536 2471 1642 2531 σώ-

116 2583 242 2633 ματι,
268 2561 541 2619 ἐκπεσόντι
586 2557 641 2616 δὲ
671 2557 771 2616 ὑπὸ
806 2561 909 2616 τῶν
947 2557 1225 2637 τριάκοντα
1270 2561 1643 2640 στρατεύεσθαι

114 2647 190 2722 μὲν
209 2651 255 2705 ἑν
274 2652 335 2728 τῇ
368 2646 555 2730 Ἀσίᾳ,
594 2644 881 2725 ἀριστεύειν
916 2646 962 2703 δ’
986 2648 1039 2704 ἐν
1062 2653 1167 2712 τοῖς
1200 2645 1478 2722 κινδύνοις,
1510 2638 1641 2706 εἶναι

116 2737 153 2792 δ’
170 2739 219 2793 ἐκ
238 2737 477 2818 φρατρίας
496 2735 567 2793 τὸ
586 2733 732 2812 γένος
756 2733 791 2805 ἣ
812 2737 911 2792 τῶν
941 2734 1111 2792 αὗτῶν
1144 2738 1337 2812 βωμῶν
1364 2733 1640 2794 Ἐτεοὸου-

62 2841 99 2878 ιο
114 2823 261 2891 τάδιις
283 2825 482 2904 μετέχει
498 2871 515 2900 ,
544 2822 667 2880 ὅθεν
692 2826 727 2892 ἡ
755 2825 847 2893 τῆς
872 2821 1085 2894 Ἀθηνᾶς
1104 2825 1194 2892 τῆς
1218 2821 1476 2889 Πολιάδος
1498 2823 1636 2881 ἐστὶν

116 2909 275 2989 ἱέρεια,
314 2911 669 2988 συγκατάγειν
710 2907 767 2966 δὲ
798 2907 885 2966 τὸν
914 2909 1101 2985 δῆμον,
1140 2906 1319 2989 ὥσπερ
1346 2909 1439 2968 καὶ
1476 2909 1638 2992 ὀλίγῳ

114 3021 147 3053 π
172 2999 325 3078 ότερον
347 2989 508 3059 εἶπον.
610 2997 737 3074 (148)
758 2995 1094 3076 Ἔλευθέρους
1118 2996 1173 3054 δε’
1194 3019 1281 3069 μοι
1309 2995 1641 3071 συμὸέὸηκεν

116 3109 135 3141 ε
152 3109 223 3144 ναι
252 3087 337 3144 καὶ
368 3086 487 3152 τοὺς
512 3085 651 3164 πρὸς
690 3083 883 3162 μητρὸς
916 3083 1176 3154 ἅπαντας,
1202 3083 1239 3154 ἢ
1276 3087 1367 3140 νῦν
1400 3083 1516 3158 ἐμοὶ
1541 3083 1643 3162 πρὸ

116 3168 197 3220 τῶν
221 3168 483 3245 ὀφθαλμῶν
508 3162 857 3245 προφαίνεται
896 3160 1193 3242 φοόουμίνη
1232 3161 1474 3240 περὶτῆς
1512 3165 1641 3236 ἐμῆς

116 3253 335 3330 σωτηρίας
356 3252 445 3312 καὶ
466 3249 853 3330 διηπορημένη.
934 3250 1127 3310 Καίτοι
1144 3295 1163 3324 ,
1192 3239 1239 3308 ὦ
1280 3249 1605 3326 Δημόσθενες
1622 3294 1641 3327 ,

116 3343 141 3406 ἡ
164 3339 245 3412 μὲν
270 3341 363 3414 ἐμὴ
390 3341 567 3419 μήτηρ
592 3337 755 3418 ἔφυγε
780 3336 914 3415 μετὰ
935 3343 1029 3396 τοῦ
1048 3341 1210 3409 αὑτῆς
1230 3338 1411 3416 ἀνδρὸς
1435 3339 1505 3404 εἰς
1535 3337 1641 3397 Κό·

119 3435 255 3504 ρινθον
294 3429 379 3487 καὶ
426 3428 663 3506 μετέσχε
716 3428 821 3484 τῶν
870 3427 1153 3482 πολιτικῶν
1204 3426 1381 3482 κακῶν
1398 3447 1415 3461 ·
1468 3423 1532 3482 σὺ
1586 3423 1642 3482 δὲ

46 3528 93 3576 48
118 3516 419 3592 ἀμφισὸητῶν
448 3515 587 3596 ἀνὴρ
613 3503 748 3572 εἶναι
772 3514 864 3588 (οὗ
896 3511 1000 3590 γὰρ
1024 3510 1087 3570 ἃν
1121 3511 1445 3587 τολμήσαιμι
1478 3513 1644 3568 εἰπεῖν

117 3605 172 3666 ὣς
190 3603 301 3684 ἀνὴρ
324 3593 391 3680 εἶ)
412 3602 703 3682 ἐνεγράφης
726 3599 1049 3668 λειποταξίου
1067 3597 1159 3657 καὶ
1180 3599 1267 3656 τὸν
1281 3596 1640 3678 γραψάμενον,

120 3693 379 3766 Νικόδημον
420 3691 509 3750 τὸν
550 3691 866 3769 Ἀφιδναῖον,
910 3687 1148 3766 χρήμασι
1192 3685 1375 3752 πείσας
1416 3685 1641 3762 ἐσώθης,

122 3775 167 3833 ὃν
198 3777 385 3857 ὕστερον
426 3777 563 3854 μετὰ
612 3761 958 3854 Ἀριστάρχου
1006 3771 1405 3836 συναπέκτεινας
1448 3773 1539 3829 καὶ
1584 3774 1642 3830 οὔ

122 3863 310 3941 καθαρὸς
344 3862 413 3921 ὧν
458 3863 553 3930 τὰς
604 3865 791 3941 χεῖρας
840 3862 911 3926 εἷς
954 3859 1055 3952 (ἦν
1098 3858 1293 3938 ἀγορὰν
1341 3857 1641 3933 ἔμὸάλλεις.

126 3949 215 4028 (m)
234 3951 527 4032 Φιλοχάρης
546 3950 593 4008 δ’
621 3949 799 4006 οὑτοσὶ
824 3950 853 4005 ὁ
872 3945 1225 4026 πρεσὸύτατος
1244 3943 1461 4024 ἀδελφὸς
1476 3949 1545 4021 ἡμ
1554 3948 1644 4017 ῶν,

84 4059 103 4093 s
125 4038 197 4094 οὐκ
216 4041 419 4114 ἀγεννεῖς
436 4035 713 4118 διατριὸὰς
740 4038 837 4112 (ὡς
864 4033 927 4091 σὺ
960 4033 1317 4112 βλασφημεῖς)
1342 4031 1497 4111 ἔχων,
1524 4033 1641 4090 ἀλλ’

126 4125 165 4178 ἐν
179 4127 447 4200 γυμνασίοις
466 4123 753 4205 διατρίὸων
770 4121 859 4179 καὶ
885 4119 1019 4196 μετὰ
1035 4118 1354 4200 Ἰφικράτους
1368 4142 1643 4200 συνεστρα·

126 4210 322 4286 τιυμένος
345 4215 430 4272 καὶ
452 4215 687 4291 συνεχῶς
706 4209 816 4274 ἔτος
841 4208 944 4279 ἤδη
971 4205 1113 4266 τουτὶ
1142 4205 1313 4286 τρίτον
1337 4209 1641 4284 στρατηγῶν

128 4295 219 4362 ἥκει
232 4299 517 4375 δεησόμενος
540 4301 693 4374 ὑμῶν
719 4296 811 4372 ἐμὲ
836 4299 1023 4354 σῶσαι.
1100 4291 1381 4374 Ἀφόὸητος
1402 4293 1447 4348 δ’
1474 4292 1645 4350 ofitus-l

130 4383 395 4453 ὅνεώτατος
447 4384 669 4464 ἀδελφὸς
708 4385 878 4460 ἡμῶν,
932 4378 1331 4460 πεπρεσὸευκὼς
1372 4377 1465 4455 μὲν
1510 4379 1643 4460 ὑπὲρ

132 4470 243 4542 ὑμῶν
264 4473 401 4539 ἀξίως
419 4478 510 4545 τῆς
536 4473 744 4536 πόλεως
767 4467 897 4548 πρὸς
916 4469 1003 4526 τὸν
1025 4471 1127 4525 τῶν
1154 4469 1373 4545 Περσῶν
1404 4463 1643 4543 βασιλέα,

132 4559 269 4624 καλῶς
294 4559 341 4617 δὲ
366 4561 453 4618 καὶ
476 4559 693 4624 δικαίως
716 4560 821 4616 τῶν
858 4554 1121 4634 ὑμετέρων
1151 4553 1421 4633 προσόδων
1457 4553 1642 4628 ἐπιμε-

132 4643 267 4710 ληθεὶς
290 4645 367 4704 ὅτε
396 4646 550 4705 αὐτὸν
582 4644 677 4704 ἐπὶ
704 4641 799 4714 τὴν
824 4641 1000 4712 κοινὴν
1021 4639 1273 4711 διοίκησιν
1302 4637 1525 4709 εἵλεσθε,
1554 4639 1645 4696 καὶ

81 4745 115 4781 ιιι
134 4731 589 4810 πεπαιδοποιημένος
608 4728 751 4789 κατὰ
772 4728 889 4795 τοὺς
914 4729 1121 4806 νόμους,
1146 4727 1263 4785 ἀλλ’
1284 4727 1343 4784 οὗ
1375 4723 1644 4784 Κνωσίωνι

136 4815 209 4884 τὴν
226 4822 386 4878 ἑαυτοῦ
396 4828 621 4897 γυναῖκα
642 4814 1117 4897 παρακατακλίνων
1128 4813 1307 4893 ὥσπερ
1324 4809 1407 4882 σύ,
1422 4811 1643 4890 πάρεστι

136 4910 421 4984 καταφρονῶν
446 4911 549 4966 τῶν
578 4909 687 4964 σῶν
710 4905 975 4982 λοιδοριῶν
992 4926 1005 4938 ·
1033 4901 1095 4960 τὸ
1114 4899 1216 4980 γὰρ
1248 4899 1430 4979 ψευδὲς
1453 4899 1644 4965 ὄνειδος

136 4990 185 5044 οὗ
204 4994 461 5072 περαιτέρω
480 4999 572 5063 τῆς
606 4995 771 5062 ἀκοῆς
790 4992 1089 5070 ἀιρικνεῑται.
1172 4989 1293 5066 (1⁵⁰)
1312 4987 1645 5060 Ἔτόλμησας

140 5075 183 5130 δὲ
204 5077 279 5134 καὶ
300 5079 425 5138 κατὰ
452 5084 555 5138 τῶν
574 5079 845 5149 κηδεστῶν
868 5079 1007 5152 ἐμῶν
1042 5076 1205 5134 εἰπεῖν
1221 5100 1234 5113 ·
1254 5074 1415 5140 οὕτως
1434 5073 1643 5144 ἀναιδὴς

144 5161 213 5216 καὶ
232 5165 463 5244 πόρρωθεν
482 5165 773 5245 ἀχάριστος
789 5153 861 5233 εἶ,
882 5162 935 5228 ὃς
956 5161 1261 5238 Φιλόδημον
1286 5161 1375 5220 τὸν
1404 5159 1644 5225 Φίλωνος

144 5249 309 5318 πατέρα
328 5252 409 5310 καὶ
432 5251 785 5331 Ἐπικράτους
810 5251 903 5308 οὐκ
929 5251 1135 5330 ἀγαπᾷς
1160 5247 1277 5308 οὐδὲ
1306 5255 1638 5325 προσκυνεῖς,

860 507 1227 570 AEscnlms
1270 509 1395 570 OB.
1438 508 1540 570 ΒΕ
1578 509 1799 572 MALE
1838 511 2082 575 GESTA
2125 517 2580 584 LEGATIONE.
3220 543 3293 595 89

1736 652 1987 715 omnibus,
2016 667 2164 719 quam
2185 658 2314 721 apud
2343 662 2590 722 senatum,
2628 661 2836 726 aliquem
2868 665 3164 719 criminatur.
3228 673 3297 720 Ac

1740 763 1899 812 Famae
1918 763 2112 826 quidem
2131 778 2268 816 sacra
2283 768 2474 831 publice
2493 772 2710 834 tacimus,
2731 777 2786 825 ut
2803 774 2906 826 dem
2925 795 2936 826 =
2957 776 3018 828 de
3035 779 3298 830 calumnia·

1738 871 1926 922 toribus
1943 876 2132 938 autem,
2156 877 2386 939 tanquam
2423 880 2652 930 maleficis
2685 883 2878 945 publice
2903 887 3132 950 conqueri
3163 889 3292 940 licet.

1736 983 1845 1034 Noli
1862 983 2006 1048 igitur
2026 986 2316 1050 coniungere
2333 990 2608 1054 turpissima
2627 1005 2738 1042 cum
2757 994 3118 1048 honestissimis.

1804 1099 1911 1144 1⁴6.
1945 1098 2048 1158 Ego
2081 1111 2222 1160 veno,
2241 1113 2394 1160 quum
2412 1101 2506 1152 alla
2539 1105 2692 1154 multa
2727 1106 2776 1154 in
2791 1109 3100 1158 accusatione
3131 1109 3296 1173 iniquo

1736 1187 1899 1236 animo
1914 1189 2030 1250 tuli,
2047 1191 2156 1240 tum
2184 1204 2298 1242 vero
2321 1193 2466 1254 illud,
2485 1208 2638 1257 quum
2661 1210 2740 1246 me
2757 1199 3036 1261 proditionis
3055 1201 3298 1253 insimula-

1738 1281 1825 1330 vit.
1891 1284 2014 1333 Nam
2033 1297 2131 1334 una
2163 1299 2276 1336 cum
2309 1287 2382 1336 his
2408 1289 2688 1342 criminibus
2719 1295 3064 1346 ostendendum
3098 1302 3194 1358 est,
3219 1314 3298 1352 me

1737 1387 1839 1426 esse
1856 1376 2011 1426 serum
2043 1381 2186 1440 atque
2213 1379 2444 1443 impium,
2467 1385 2518 1433 et
2545 1384 2716 1435 multis
2745 1387 2849 1437 aliis
2880 1390 3160 1442 criminibus
3180 1395 3296 1444 olim

1738 1469 2064 1520 constrictum.
2127 1469 2220 1521 Sed
2247 1485 2334 1535 ego
2361 1487 2448 1524 vos
2479 1487 2602 1526 meae
2623 1477 2736 1528 vitae
2775 1493 2832 1528 ac
2849 1482 3143 1545 quotidianae
3179 1499 3296 1536 con-

1736 1564 2002 1614 suetudinis
2045 1565 2242 1615 idoneos
2279 1569 2504 1619 existimo
2543 1585 2762 1622 censores
2805 1593 2816 1624 :
2855 1589 2966 1638 qum
2999 1591 3114 1627 vero
3152 1581 3296 1644 vulgo

1736 1655 1938 1718 perspici
1957 1668 2054 1704 non
2079 1657 2192 1706 satis
2213 1663 2438 1722 possunt,
2471 1661 2742 1713 hominibus
2760 1667 3096 1720 autemanimo
3114 1671 3296 1721 liberali

1736 1749 1950 1810 praeditis
1961 1753 2077 1798 sunt
2095 1751 2334 1814 maxima,
2355 1753 2530 1804 horum
2543 1769 2632 1818 ego
2661 1758 2871 1820 plurima
2901 1775 3056 1824 quum
3087 1767 3218 1814 recte
3243 1779 3298 1816 se

1738 1842 1944 1892 habeant
1952 1843 2084 1905 apud
2103 1857 2198 1905 me,
2219 1845 2268 1894 in
2285 1851 2598 1910 conspectum
2613 1851 2897 1915 producam,
2911 1859 2968 1904 ut
2983 1857 3164 1919 sciatis,
3183 1871 3296 1920 que

1734 1937 1958 2001 pignora,
1977 1953 2130 2002 quum
2149 1943 2262 1992 hinc
2293 1943 2476 2004 legatus
2491 1945 2612 1994 irem
2631 1947 2681 1996 in
2701 1949 3030 1999 Macedoniam
3043 1985 3058 2011 ,
3081 1955 3192 2014 post
3215 1965 3296 2002 me

1736 2032 2030 2095 reliquerim.
2065 2036 2194 2098 (147)
2216 2039 2290 2086 'ru
2309 2037 2522 2099 quidem,
2543 2041 2903 2105 Demosthenes,
2925 2043 3016 2093 ista
3033 2049 3200 2095 contra
3217 2059 3297 2096 me

1734 2131 2034 2178 commentus
2049 2141 2102 2178 es
2131 2143 2252 2192 :ego
2269 2145 2386 2180 vero
2405 2135 2460 2180 ut
2491 2131 2724 2184 educatus
2743 2136 2861 2197 sim,
2893 2150 3008 2188 vere
3037 2151 3292 2202 exponam.

1734 2219 1825 2270 llic
1844 2221 1982 2282 pater
2001 2234 2136 2272 meus
2153 2225 2226 2272 est
2244 2227 2547 2288 Atrometus,
2569 2225 2666 2276 t'ere
2691 2230 2806 2277 natu
2825 2230 3064 2279 maximus
3079 2232 3294 2282 omnium

1732 2313 1913 2362 civium
1935 2332 1950 2362 ε
1968 2327 2120 2364 annos
2135 2315 2264 2364 enim
2277 2315 2378 2377 jam
2395 2317 2518 2366 vixit
2535 2321 2764 2379 quattuor
2776 2324 2827 2369 et
2843 2322 3118 2384 nonaginta.
3153 2325 3294 2374 Acci-

1732 2405 1805 2455 dit
1820 2409 1984 2456 autem
2013 2411 2070 2456 ut
2085 2407 2385 2472 adolescens,
2404 2415 2518 2460 ante
2552 2425 2654 2462 rem
2675 2413 2958 2464 tamiliarem
2995 2415 3120 2466 bello
3148 2418 3296 2468 amis-

1732 2512 1861 2562 sam,
1882 2499 2092 2563 pugilem
2127 2504 2314 2566 ageret,
2352 2507 2460 2566 post
2494 2517 2523 2554 a
2550 2506 2742 2568 triginta
2770 2509 2983 2570 tyrannis
3012 2509 3220 2572 ejectus,
3245 2509 3295 2560 in

1732 2594 1843 2644 Asia
1878 2595 2122 2658 militaret,
2143 2599 2288 2658 atque
2319 2597 2368 2646 in
2389 2597 2567 2660 proeliis
2585 2598 2834 2650 victoriam
2857 2615 2969 2652 cum
3004 2603 3157 2652 laudis
3185 2605 3296 2654 insi·

1732 2688 1903 2750 gnibus
1932 2693 2324 2752 consequeretur.
2393 2694 2504 2754 Eius
2536 2707 2680 2756 porro
2709 2709 2857 2758 genus
2873 2701 2948 2746 est
2964 2711 3026 2746 ex
3057 2712 3112 2748 ea
3130 2701 3294 2760 curia,

1732 2795 1843 2844 qum
1856 2797 1962 2832 aras
1979 2797 2092 2832 cum
2115 2784 2422 2836 Eteobutadis
2439 2801 2720 2840 communes
2737 2791 2900 2853 habet,
2921 2792 3049 2840 unde
3067 2794 3294 2844 hlinervoe

1740 2877 1946 2928 urbanae
1995 2879 2262 2928 sacrificula
2309 2879 2548 2944 deligitur.
2614 2882 2687 2932 Ad
2727 2884 2858 2946 lunc,
2896 2891 2950 2934 ut
2982 2887 3127 2948 paulo
3163 2887 3296 2950 prius

1732 2971 1861 3033 dixi,
1880 2972 2042 3035 populi
2065 2973 2114 3021 in
2132 2974 2336 3036 patriam
2355 2975 2612 3024 reducendi
2633 2977 2826 3038 adjutor
2843 2979 2953 3029 ruit.
3019 2981 3147 3044 (148)
3171 2984 3296 3030 Pm-

1732 3069 1863 3116 terea
1890 3068 2096 3118 materni
2113 3069 2302 3130 cognati
2331 3069 2428 3118 mei
2455 3083 2626 3120 omnes
2657 3071 2850 3134 ingenui
2871 3075 3014 3136 sunt,
3037 3087 3150 3136 qum
3175 3075 3294 3124 mihi

1734 3172 1861 3210 nunc
1876 3159 1944 3210 ob
1963 3161 2132 3212 oculos
2163 3165 2402 3224 versatur,
2434 3164 2640 3214 sollicita
2667 3165 2727 3215 de
2744 3165 2902 3216 salute
2929 3179 3062 3228 mea,
3091 3168 3141 3216 et
3159 3167 3296 3230 inops

1732 3254 1936 3304 consilii.
2001 3255 2260 3306 Enimvero
2276 3293 2293 3318 ‚
2327 3257 2702 3320 Demosthenes,
2737 3261 2896 3310 mater
2925 3271 3034 3310 mea
3061 3273 3174 3310 cum
3205 3274 3294 3310 suo

1732 3349 1905 3398 marito
1949 3349 2238 3400 corinthum
2267 3351 2388 3400 abiit
2421 3353 2670 3402 exulatum
2684 3388 2699 3414 ,
2733 3356 2783 3403 et
2815 3353 3117 3417 publicorum
3147 3357 3292 3406 malo·

1734 3455 1841 3492 rum
1878 3443 2118 3506 particeps
2150 3445 2256 3495 mit.
2325 3449 2398 3495 Tu
2431 3449 2623 3508 autem,
2663 3449 2750 3509 qui
2789 3449 2839 3498 te
2873 3449 3030 3498 virum
3059 3449 3294 3511 profiteris

1728 3563 1793 3574 —
1812 3537 1954 3588 valde
1977 3539 2106 3587 enim
2133 3539 2302 3590 dubito
2335 3553 2398 3590 an
2423 3541 2499 3589 vir
2525 3541 2590 3590 sis
2611 3541 2923 3604 appellandus
2951 3543 3294 3606 -inscriptus

1730 3645 1781 3682 es
1808 3634 1865 3682 ut
1882 3633 2106 3682 ordinum
2123 3633 2355 3696 desertor,
2377 3637 2427 3685 et
2443 3637 2720 3684 accusatore
2735 3635 2992 3685 Nicodemo
3030 3637 3292 3699 Aphiduoeo

1730 3727 1932 3789 pecunia
1957 3727 2142 3789 placato
2163 3727 2378 3787 evasisti,
2414 3728 2553 3790 cujus
2589 3732 2753 3790 postea
2793 3730 3068 3779 Aristarcho
3099 3729 3291 3790 adiutor

1730 3819 1859 3868 suisti
1892 3819 2172 3880 occidendi,
2197 3823 2246 3870 et
2271 3834 2422 3883 quum
2443 3835 2613 3870 manus
2637 3823 2768 3872 coede
2795 3821 3067 3885 inquinatas
3090 3824 3292 3887 habeas,

1732 3913 1779 3960 in
1817 3912 1974 3961 sorum
1999 3911 2240 3975 irrumpis.
2311 3915 2442 3976 (149)
2470 3914 2774 3964 philochares
2797 3929 2940 3978 porro
2979 3917 3124 3965 trater
3155 3929 3294 3966 meus

1730 4007 1845 4054 natu
1868 3983 2136 4066 maximus,
2163 4007 2246 4069 qui
2277 4020 2376 4056 nou
2405 4006 2624 4068 degeneri
2643 4007 2802 4056 studio
2835 4009 3121 4072 occupatur,
3157 4011 3210 4058 ut
3237 4011 3292 4056 tu

1732 4098 2038 4161 conviciaris,
2073 4099 2155 4148 sed
2191 4099 2240 4148 in
2275 4099 2530 4161 gymnasiis
2563 4103 2799 4162 versatur,
2827 4102 2880 4148 et
2911 4113 3024 4148 cum
3057 4099 3294 4162 lphicrate

1730 4195 1982 4254 militavit,
2001 4196 2051 4243 et
2071 4195 2267 4243 tertium
2283 4195 2384 4256 jam
2402 4206 2584 4242 annum
2603 4194 2904 4244 continenter
2923 4197 2992 4243 est
3012 4207 3126 4242 cum
3143 4194 3294 4256 impe-

1734 4291 1831 4346 rio,
1865 4289 1999 4339 adest
2013 4325 2030 4350 ,
2053 4291 2278 4338 oraturus
2301 4301 2412 4349 vos,
2445 4288 2516 4336 uti
2539 4301 2618 4336 me
2639 4287 2948 4338 conservetis.
3013 4288 3292 4351 Aphobetus

1730 4387 1920 4446 autem,
1953 4384 2102 4432 trater
2133 4395 2270 4432 meus
2295 4385 2413 4432 natu
2449 4382 2706 4444 minimus,
2731 4382 3012 4444 legationem
3045 4395 3132 4443 pro
3157 4381 3292 4430 vobis

1729 4481 1857 4545 apud
1890 4493 2048 4544 regem
2091 4483 2340 4530 Persarum
2373 4479 2521 4539 obiit,
2553 4493 2640 4541 pro
2673 4478 2904 4540 dignitate
2933 4477 3165 4538 civitatis,
3203 4491 3288 4528 ve-

1728 4579 1948 4636 strosque
1969 4574 2148 4624 reditus
2165 4577 2294 4623 recte
2307 4574 2532 4636 justeque
2549 4574 2762 4633 curavit,
2783 4585 2938 4634 quum
2955 4585 3066 4621 eum
3089 4571 3291 4634 publicis

1730 4675 2040 4736 vectigalibus
2069 4673 2419 4736 praefecissem,
2449 4673 2500 4721 et
2529 4672 2764 4734 legitimos
2793 4671 2967 4720 liberos
2991 4670 3288 4732 procreavit,

1728 4783 1842 4830 non,
1862 4770 1918 4817 ut
1939 4770 2023 4828 tu,
2059 4779 2194 4816 suam
2233 4779 2436 4816 uxorem
2469 4764 2692 4814 cnosioni
2725 4765 2786 4812 ad
2823 4765 3044 4825 stuprum
3081 4762 3286 4826 obtulit,

1730 4873 1879 4932 atque
1927 4869 2111 4928 adstat,
2157 4867 2444 4927 contemptis
2476 4863 2702 4914 conviciis
2739 4863 2852 4912 tuis.
2917 4863 3110 4913 Falsum
3159 4863 3286 4914 enim

1728 4969 1958 5030 probrum
1991 4967 2114 5015 ultra
2136 4979 2274 5013 aures
2303 4977 2400 5013 non
2434 4965 2660 5025 penetrat.
2726 4962 2855 5022 (150)
2888 4965 3041 5010 Ausus
3065 4961 3208 5010 etiam
3231 4976 3284 5012 es

1728 5067 1777 5114 in
1795 5062 1962 5112 affines
1979 5073 2112 5109 meos
2136 5059 2294 5108 dicere
2305 5095 2320 5122 ,
2340 5057 2459 5106 adeo
2491 5055 2742 5117 impudens
2758 5068 2810 5103 es
2825 5091 2840 5116 ,
2863 5058 2911 5104 et
2931 5055 3106 5104 veteris
3134 5055 3283 5104 bene·

1730 5158 1823 5208 ficii
1848 5157 2101 5206 immemor
2130 5156 2278 5216 atque
2315 5153 2552 5214 ingratus,
2575 5150 2660 5212 qul
2689 5149 3052 5210 Philodemum,
3075 5149 3286 5198 Philonis

1728 5255 1911 5316 patrem
1935 5253 1984 5300 et
2005 5248 2266 5312 Epicratis,
2287 5261 2386 5298 non
2417 5247 2585 5309 diligas
2601 5247 2651 5296 ct
2681 5245 2875 5307 adores,
2900 5243 3040 5305 cujus
3065 5255 3210 5304 opera
3231 5240 3282 5292 in
