3825 5834
146 453 408 530 ‹w—mo

140 581 380 658 μαζόμενον
428 578 537 659 ὄρος
604 579 1043 658 ὖπερεὸάλλομεν,
1106 583 1327 638 ἐνταῦθα
1397 577 1631 642 Καλλίας

139 665 428 732 ὃΧαλκιδεύς
442 711 459 742 ,
484 665 539 724 δν
566 667 901 742 Δημοσθένης
928 667 1106 743 μισθὸν
1130 666 1309 725 λαὸὼν
1346 664 1629 741 ἰνεκωμία·

138 758 217 829 ζεν,
240 755 315 832 (³7)
341 757 461 833 ὁρῶν
488 753 545 810 τὸ
586 753 935 832 στρατόπεδον
961 753 1022 812 τὸ
1050 757 1141 823 τῆς
1168 753 1367 819 πόλεως
1394 751 1465 818 εἷς
1489 773 1631 816 τινας

136 839 377 920 δυσχωρίας
402 839 886 916 κατακεκλειμένον,
918 839 1030 899 ὅθεν
1072 841 1146 916 μὴ
1173 841 1417 911 νικήσασι
1454 838 1633 918 μάχην

136 929 207 985 οὖα
241 918 295 998 ἦν
320 925 637 1005 ἀναχώρησις
664 926 777 984 οὐδὲ
822 927 1059 1006 βοηθείας
1104 927 1247 993 ἐλπὶς
1293 924 1398 986 οὔτ’
1436 928 1495 983 ἐκ
1538 929 1633 1002 γῆς

84 1034 117 1070 ιο
135 1013 217 1072 οὔτ’
240 1017 290 1071 ἔκ
314 1013 585 1086 θαλάττης,
618 1014 919 1093 συναγείρας
949 1013 1001 1082 ἐξ
1038 1014 1247 1084 ἇπάσης
1284 1017 1376 1085 τῆς
1408 1011 1633 1078 Εὗὸοίας

136 1099 428 1176 στρατόπεδον
470 1098 561 1156 καῖ
602 1098 747 1178 παρὰ
787 1099 1057 1158 Φιλίππου
1086 1101 1305 1175 δύναμιν
1335 1122 1631 1178 προσμετα-

132 1185 447 1260 πεμψάμενος,
475 1183 508 1242 ὅ
528 1187 578 1241 τ’
606 1185 825 1266 ἀδελφὸς
854 1188 1009 1244 astos
1031 1185 1391 1266 Ταυροσθένης
1408 1233 1422 1256 ,
1458 1189 1487 1243 ὁ
1526 1183 1635 1242 νυνὶ

134 1271 291 1336 πάντας
329 1269 636 1347 δεξιούμενος
688 1272 780 1329 καὶ
825 1275 1144 1350 προσγελῶν,
1192 1271 1309 1339 τοὺς
1358 1271 1635 1338 Φωκικοὺς

132 1354 263 1421 ξένους
301 1355 633 1428 διαὸιὸάσας,
676 1349 832 1428 ἦλθον
878 1358 953 1438 ἐφ’
986 1365 1127 1435 ἡμᾶς
1154 1363 1223 1426 ὡς
1250 1358 1627 1437 ἀναιρήσοντες.

132 1449 199 1518 (ss)
228 1445 320 1502 Καὶ
344 1446 387 1500 εἰ
419 1443 493 1521 μὴ
516 1448 725 1522 πρῶτον
760 1444 856 1522 μὲν
888 1450 1013 1504 θεῶν
1042 1469 1117 1513 τις
1142 1446 1303 1505 ἔσωσε
1331 1447 1389 1505 τὸ
1416 1446 1634 1525 στρατό·

128 1531 269 1600 reios,
297 1529 445 1589 ἔπειθ’
478 1533 523 1588 οἱ
547 1535 863 1608 στρατιῶται
894 1535 941 1590 οἱ
978 1531 1215 1610 ὑμέτεροι
1247 1533 1336 1590 καὶ
1362 1535 1503 1600 πεζοὶ
1544 1532 1635 1590 καὶ

127 1618 271 1682 ἱππεῖς
290 1617 457 1696 ἄνδρες
480 1618 665 1694 α’γαθοὶ
685 1617 915 1697 ἐγένοντο
940 1619 1029 1677 καὶ
1048 1619 1191 1700 παρὰ
1208 1619 1294 1679 τὸν
1314 1619 1634 1700 ἱππόδρομον

74 1719 109 1757 15
130 1705 198 1760 τὸν
222 1705 267 1760 ἒν
302 1703 568 1778 Ταμύναις
606 1707 667 1762 ἐκ
709 1704 1047 1784 παρατάξεως
1091 1707 1238 1785 μάχῃ
1287 1706 1636 1785 κρατήσαντες

128 1793 306 1868 ἀφεῖσαν
330 1789 679 1859 ὑποσπόνδους
716 1792 833 1858 τοὺς
858 1792 1159 1868 πολεμίως,
1188 1793 1533 1852 ἐκινδύνευσεν
1572 1793 1633 1852 ἂν

129 1884 153 1944 ἡ
178 1876 303 1942 πόλις
327 1876 571 1956 αἴσχιστα
608 1883 811 1937 παθεῖν·
840 1881 899 1938 οὗ
927 1878 1027 1958 γὰρ
1052 1880 1113 1938 τὸ
1151 1881 1473 1960 δυστυχῆσαι
1499 1879 1636 1938 κατὰ

126 1961 316 2039 πόλεμον
340 1963 583 2040 μέγιστόν
610 1965 723 2023 ἐστι
744 1965 923 2038 κακόν,
949 1967 1064 2024 ἀλλ’
1086 1963 1211 2024 ὅταν
1238 1991 1313 2034 τις
1332 1967 1461 2046 πρὸς
1480 1972 1636 2024 ἀντα-

126 2047 337 2121 γωνιστὰς
366 2049 604 2117 ἀναξίους
634 2053 792 2108 αὑτοῦ
832 2051 1220 2110 διακινδυνεύων
1249 2052 1515 2132 ἀποτύχῃ,
1554 2055 1637 2111 δι-

125 2133 313 2190 πλασίαν
340 2133 467 2200 εἰκὸς
498 2126 638 2193 εἶναι
664 2135 759 2208 τὴν
787 2137 1075 2218 συμφοράν.
1157 2137 1295 2198 Ἀλλ’
1328 2138 1465 2216 ὅμως
1494 2144 1639 2216 ὑμεῖς

126 2225 303 2276 τοιαῦτα
344 2221 653 2289 πεπονθότες
703 2222 861 2281 πάλιν
917 2223 1217 2282 διελύσασθε
1260 2225 1385 2303 πρὸς
1431 2223 1632 2292 αὐτούς.

70 2320 107 2356 2⁰
131 2307 203 2379 ξεν)
224 2306 395 2385 Τυχὼν
421 2308 475 2367 δὲ
504 2313 638 2388 παρ’
664 2311 810 2384 ὑμῶν
838 2309 1146 2388 συγγνώμης
1178 2311 1412 2378 Καλλίας
1439 2313 1468 2369 ὃ
1494 2314 1637 2372 Χαλ-

128 2392 263 2458 κιδεὺς
288 2395 457 2474 μικρὸν
481 2395 743 2454 διαλιπὼν
765 2397 949 2476 χρόνον
973 2398 1131 2456 πάλιν
1150 2389 1245 2469 ἧκε
1269 2399 1544 2478 φερόμενος
1572 2401 1639 2464 εἰς

126 2477 201 2546 τὴν
240 2483 411 2541 ἑαυτοῦ
459 2483 643 2564 φύσιν,
686 2484 943 2543 Εὖόοῖκὸν
972 2485 1065 2560 μὲν
1102 2489 1178 2565 τῷ
1214 2487 1353 2564 λόγῳ
1381 2487 1638 2566 συνέδριον

128 2567 185 2629 εἷς
216 2567 437 2627 Χαλκίδα
482 2569 750 2647 συνάγων,
786 2570 1004 2651 ἰσχυρὰν
1050 2573 1103 2630 δὲ
1147 2571 1241 2642 τὴν
1294 2571 1521 2632 Εύὸοιαν
1562 2573 1639 2654 ἐφ’

128 2653 237 2726 ὑμᾶς
254 2653 375 2734 ἔργῳ
392 2658 833 2736 παρασκευάζων,
858 2659 1112 2738 ἐξαίρετον
1137 2659 1181 2718 δ’
1209 2664 1351 2740 αῧτῷ
1366 2660 1639 2740 τυραννίδα

128 2743 523 2818 περιποιούμενος.
620 2744 731 2804 Καὶ
770 2743 963 2816 ταύτης
1004 2745 1223 2814 ἐλπίζων
1254 2748 1639 2825 συναγωνιστὴν

128 2826 357 2886 Φίλιππον
392 2831 660 2912 λήψεσθαι
698 2834 927 2904 ἀπῆλθεν
954 2835 1025 2899 εἰς
1050 2835 1379 2893 Μακεδονίαν
1420 2836 1509 2892 καὶ
1534 2857 1642 2894 πε-

68 2925 105 2964 ἓε
128 2913 233 2988 ριῄει
256 2915 379 2991 μετὰ
404 2918 689 2976 Φιλίππου
706 2960 723 2987 ,
748 2917 839 2976 καὶ
866 2921 971 2976 τῶν
996 2919 1213 2998 ἑταίρων
1236 2913 1306 2988 εἷς
1328 2921 1640 2998 ὠνομάζετο.

128 2998 197 3074 [90)
220 3001 474 3073 Ἀδικήσας
501 3003 559 3062 δὲ
588 3005 865 3064 Φίλιππον
889 3008 1123 3066 κάκεῖθεν
1150 3007 1377 3087 ἀποδρὰς
1408 3008 1641 3066 ὖπέὸαλ-

120 3087 190 3142 λεν
210 3090 375 3147 ἑαυτὸν
402 3091 575 3170 φέρων
600 3090 879 3162 Θηὸαίοις.
958 3091 1359 3172 Ἓγκαταλιπὼν
1387 3093 1441 3153 δὲ
1467 3094 1643 3153 κάκεί-

125 3194 241 3244 νους,
260 3175 343 3232 καὶ
362 3179 569 3244 πλείους
592 3177 920 3257 τραπόμενος
946 3179 1139 3259 τροπὰς
1156 3187 1247 3240 τοῦ
1264 3182 1493 3261 Εὐρίπου
1516 3186 1643 3262 παρ’

121 3257 167 3319 ὃν
184 3259 321 3337 ᾤκει,
344 3267 413 3331 εἷς
434 3263 601 3340 μέσον
635 3265 817 3324 πίπτει
842 3270 935 3336 τῆς
959 3290 1015 3325 τε
1043 3267 1299 3338 Θηὸαίων
1328 3269 1517 3348 ἔχθρας
1554 3272 1644 3328 καὶ

122 3349 195 3414 τῆς
222 3349 499 3410 Φιλίππω.
586 3352 823 3431 Ἀπορῶν
860 3354 909 3410 δ’
935 3353 968 3412 ὅ
990 3377 1041 3412 τι
1067 3354 1325 3434 χρήσαιτο
1350 3361 1524 3436 αὑτῷ,
1555 3357 1645 3415 καὶ

119 3437 583 3514 παραγγελλομένης
624 3437 709 3495 ἐπ’
736 3439 891 3497 αὐτὸν
922 3439 1021 3513 ἤδη
1066 3442 1365 3522 στρατείας,
1393 3444 1515 3519 μίαν
1556 3445 1643 3501 ἐλ-

120 3519 223 3576 πίδα
266 3522 445 3594 λοιπὴν
502 3526 723 3584 κατεῖδε
776 3527 1033 3606 σωτηρίας
1076 3527 1281 3608 ἔνορκον
1298 3561 1307 3570 ·
1324 3530 1503 3588 λαὸεῑν
1555 3530 1643 3588 τὸν

62 3620 101 3658 20
123 3600 365 3676 Ἀθηναίων
408 3611 601 3686 δῆμον,
634 3611 915 3692 σύμμαχον
956 3615 1336 3691 ὀνομασθέντα,
1366 3618 1643 3695 βοηθήσειν

120 3689 247 3758 εἴτις
280 3698 359 3752 ἐπ’
390 3697 549 3756 αὑτὸν
579 3697 684 3756 ἴοι·
724 3699 755 3756 8
778 3701 1034 3780 πρόδηλον
1078 3694 1143 3772 ἦν
1187 3704 1447 3780 ἐσόμενον,
1488 3711 1533 3765 εἷ
1570 3707 1643 3780 μὴ

120 3779 239 3851 ἱμεῑς
261 3782 569 3844 κωλύσαιτε.
622 3788 715 3863 (οι)
740 3789 925 3846 Ταῦτα
949 3787 1005 3846 δὲ
1034 3791 1313 3862 διανοηθεὶς
1341 3793 1648 3852 ἀποστέλλει

118 3865 243 3944 δεῦρο
280 3870 519 3948 πρέσὸεις
565 3873 875 3944 Γλαυκέτην
914 3877 1011 3934 καὶ
1048 3878 1361 3954 Ἐμπέδωνα
1394 3881 1484 3940 καὶ
1526 3881 1644 3941 Διό·

118 3950 255 4031 δωρον
282 3957 365 4014 τὸν
402 3959 961 4038 δολιχοδρομήσαντα,
988 3965 1233 4044 φέροντας
1272 3971 1347 4046 τῷ
1376 3969 1469 4044 μὲν
1498 3969 1648 4048 δήμῳ

121 4039 302 4108 ἐλπίδας
338 4047 516 4118 κενάς,
546 4049 877 4121 Δημοσθένει
906 4051 951 4108 δ’
982 4052 1221 4131 ἀργύριον
1252 4055 1338 4112 καὶ
1382 4060 1487 4123 τοῖς
1532 4057 1649 4135 περὶ

120 4127 265 4188 αὖτόν.
342 4133 479 4212 Τρία
516 4134 567 4191 δ’
599 4127 669 4205 ἦν
702 4135 737 4191 ἃ
760 4135 875 4211 ἅμα
908 4137 1173 4214 ἐξωνεῗτο,
1200 4145 1407 4220 πρῶτον
1452 4141 1547 4219 μὶν
1575 4143 1649 4219 μὴ

62 4223 99 4260 ³⁵
120 4214 431 4312 διασφαλῆναι
456 4227 559 4290 τῆς
582 4221 717 4300 πρὸς
740 4226 875 4300 ὑμᾶς
900 4227 1235 4305 συμμαχίας·
1262 4229 1409 4286 οὐδὲν
1446 4231 1546 4309 γὰρ
1586 4223 1649 4302 ἦν

117 4319 165 4352 τ)
209 4303 373 4375 μέσον,
422 4310 471 4364 εἰ
530 4307 785 4383 μνησθεὶς
846 4314 949 4368 τῶν
1008 4313 1269 4392 προτέρων
1312 4318 1649 4392 ἀδικημάτων

116 4387 139 4440 ὖ
178 4411 293 4462 ημος
314 4393 389 4468 μὴ
420 4395 775 4474 προσδέξαιτο
802 4395 896 4466 τὴν
924 4401 1253 4479 συμμαχίαν,
1274 4404 1394 4460 ἀλλ’
1420 4409 1652 4484 ὑπῆρχεν

118 4473 235 4552 αὐτῷ
269 4475 303 4546 ἦ
346 4476 558 4557 φεύγειν
607 4483 669 4540 ἐκ
708 4483 971 4552 Χαλκίδος
1008 4484 1045 4556 ἢ
1083 4488 1321 4546 τεθνάναι
1360 4493 1651 4566 ἐγκαταλη-

120 4559 284 4633 φθέντι·
326 4568 653 4636 τηλικαῦται
682 4570 927 4644 δυνάμεις
954 4574 1035 4630 ἐπ’
1067 4575 1222 4633 αὐτὸν
1262 4579 1651 4658 ἐπεστράτευον,

117 4643 145 4710 ἥ
182 4670 229 4703 τε
263 4653 542 4712 Φιλίππου
592 4655 687 4713 καὶ
732 4660 765 4726 ἡ
812 4658 1087 4729 Θηὸαίων.
1169 4663 1419 4742 Δεύτερον
1447 4665 1489 4723 δ’
1524 4659 1651 4737 ἧκον

116 4733 153 4788 ά
176 4737 327 4808 μισθοὶ
353 4743 431 4820 τῷ
475 4743 749 4821 γράψαντι
790 4743 885 4814 τὴν
924 4749 1231 4827 συμμαχίαν
1278 4752 1407 4830 ὑπὲρ
1450 4759 1539 4811 τοῦ
1577 4753 1649 4830 μὴ

54 4835 95 4871 ιο
120 4823 403 4900 συνεδρεύειν
448 4828 703 4900 Ἀθήνησι
750 4833 1075 4908 Χαλκιδέας,
1104 4837 1275 4916 τρίτον
1320 4837 1375 4896 δὲ
1415 4839 1548 4898 ὥστε
1578 4843 1651 4918 μὴ

112 4909 255 4966 τελεῖν
278 4915 561 4984 συντάξεις.
655 4919 747 4993 (να)
782 4919 891 4978 Καὶ
924 4921 1118 4980 τούτων
1159 4929 1261 4983 τῶν
1302 4929 1653 5006 προαιρέσεων

110 4997 323 5068 οὐδεμιᾶς
351 5004 591 5082 ἀπέτυχε
630 5006 895 5081 Καλλίας,
927 5011 1045 5066 ἀλλ’
1074 5012 1103 5068 ὁ
1135 5013 1503 5092 μισοτύραννος
1546 5021 1653 5086 Δη-

114 5085 365 5157 μοσθένης,
390 5093 463 5156 ὡς
492 5089 657 5156 αὐτὸς
684 5103 1077 5172 προσποιεῖται,
1120 5096 1177 5156 ὅν
1212 5122 1339 5179 φησι
1373 5104 1654 5182 Κτησιφῶν

112 5167 169 5224 τὰ
192 5172 423 5246 βέλτιστα
446 5178 647 5254 λέγειν,
674 5179 899 5240 ἀπέδοτο
924 5182 1019 5259 μὲν
1048 5184 1163 5252 τοὺς
1190 5187 1401 5267 καιροὺς
1421 5189 1538 5257 τοὺς
1562 5196 1655 5262 τῆς

250 5287 507 5325 οιιετοιιτε.
532 5305 583 5312 -—
608 5291 654 5326 τ.
678 5293 727 5328 ιι.

1024 450 1397 511 AEscfflNis
1438 449 1561 508 OB.
1605 449 1681 507 IN
1728 446 2329 506 CTESlPHONTEM.

3162 455 3266 502 iia

1719 583 1988 644 Cotyn-eum
2020 595 2164 646 quem
2188 582 2364 630 vocant
2389 583 2602 630 montem
2629 579 2984 642 superavimus,
3003 581 3110 628 tum
3143 579 3268 628 illiro

1721 669 1893 720 Callias
1914 669 1994 719 ille
2021 668 2344 720 Chalcidensis
2357 705 2370 728 ,
2391 681 2534 730 quem
2569 668 2909 716 Demosthenes
2925 672 3119 729 accepta
3139 681 3268 715 mer·

1720 755 1837 806 cede
1848 757 2168 818 collaudabat,
2190 757 2288 816 (87)
2308 769 2461 818 quum
2475 755 2658 805 videret
2675 756 2883 804 civitatis
2897 760 3072 804 nostrie
3091 757 3270 805 exerci-

1721 846 1827 892 tum
1848 844 1899 892 in
1931 845 2168 905 angustias
2201 843 2430 906 qilasdam
2475 843 2780 904 conclusum,
2819 843 2946 892 unde
2985 842 3070 892 nisi
3105 843 3272 905 proelio

1722 929 1913 978 vicisset
1935 930 2098 980 nullus
2115 933 2216 979 erat
2235 929 2444 994 receptui
2463 931 2624 990 locus,
2657 931 2788 978 nulla
2811 930 3035 980 volterra
3057 931 3130 979 vet
3151 931 3268 980 mari

1720 1019 1883 1067 auxilii
1906 1031 2036 1080 spes,
2057 1017 2126 1080 ls,
2151 1018 2366 1080 inquam,
2399 1022 2566 1067 coarto
2583 1031 2643 1068 ex
2663 1019 2794 1067 omni
2828 1019 3006 1068 Eubo‘a
3031 1020 3270 1080 exercitu,

1723 1105 1964 1167 copiisque
1981 1119 2010 1154 a
2035 1105 2248 1168 Philippo
2265 1106 2532 1166 accersitis,
2557 1107 2606 1154 et
2627 1105 2768 1154 simin
2797 1119 2907 1154 cum
2935 1119 2994 1156 co
3009 1107 3152 1155 trater
3169 1107 3272 1168 ejus

1722 1193 2097 1250 Taurostheues‚
2121 1193 2202 1254 qui
2235 1205 2362 1240 nunc
2387 1192 2614 1242 omnibus
2642 1191 2862 1241 dextram
2893 1194 3090 1255 porrigit
3125 1197 3272 1256 atque

1724 1278 1924 1339 arridet,
1945 1278 2154 1339 trajectis
2178 1279 2496 1328 Phocenslbus
2515 1280 2839 1340 mercenariis,
2865 1280 2915 1328 in
2939 1293 3022 1328 vos
3037 1281 3270 1342 impetum

1726 1367 1940 1415 fecerunt
1959 1367 2189 1428 tanquam
2223 1365 2436 1414 funditus
2465 1365 2682 1415 deleturi.
2749 1367 2846 1428 (88)
2876 1367 3016 1425 Quod
3048 1368 3134 1416 nisi
3172 1370 3270 1429 pri·

1724 1465 1857 1501 mum
1888 1451 2088 1502 deorum
2115 1455 2288 1515 aliquis
2315 1455 2578 1502 exercitum
2609 1457 2870 1515 servasset,
2907 1453 3078 1503 deiude
3101 1454 3274 1502 milites

1723 1541 1886 1601 vestri,
1914 1539 2096 1601 pedites
2115 1544 2260 1602 atque
2289 1541 2471 1602 equites
2488 1576 2501 1599 ‚
2533 1554 2585 1589 se
2606 1541 2734 1588 viros
2765 1541 2912 1590 fortes
2933 1541 3268 1602 praebutssent,

1724 1628 1771 1675 et
1790 1625 1932 1686 juxta
1965 1627 2146 1675 circum
2177 1630 2446 1688 equestrem
2477 1626 2536 1676 ad
2571 1629 2810 1688 Tamynas
2827 1627 3012 1678 collatis
3033 1627 3175 1688 signis
3197 1629 3272 1674 ri·

1724 1712 1922 1772 cissent,
1955 1712 2173 1763 hostibus
2206 1713 2376 1762 deinde
2404 1715 2518 1763 data
2557 1713 2648 1762 ilde
2677 1713 2906 1772 dimissis,
2925 1714 3120 1762 omnino
3145 1714 3272 1776 peri-

1724 1798 1885 1846 culum
1910 1798 2002 1848 fuit
2039 1811 2100 1848 ne
2135 1799 2304 1848 civitas
2347 1803 2508 1849 nostra
2543 1801 2870 1862 gravissimum
2903 1799 3111 1850 dedecus
3139 1799 3276 1849 subi·

1726 1887 1815 1934 ret.
1850 1887 2016 1947 Neque
2031 1886 2158 1935 enim
2179 1887 2228 1934 in
2241 1886 2379 1936 bellis
2395 1887 2594 1936 adverso
2616 1889 2768 1936 Marte
2781 1899 2990 1950 pugnare
3007 1887 3274 1936 maximum

1724 1973 1795 2020 est
1818 1972 2000 2021 malum
2023 1992 2036 2022 :
2059 1972 2140 2022 sed
2162 1972 2244 2022 ubi
2270 1973 2379 2036 quis
2399 1986 2510 2022 cum
2535 1973 2818 2023 adversariis
2845 1987 2896 2023 se
2927 1973 3129 2036 indignis
3158 1987 3271 2022 con·

1724 2071 1908 2119 gressus
1929 2057 2119 2108 excidat
2137 2059 2364 2121 victoria,
2385 2059 2585 2109 dubium
2601 2073 2696 2110 non
2716 2063 2786 2110 est
2803 2059 3129 2124 conduplicari
3149 2062 3278 2110 cala·

1726 2145 1958 2194 mitatem.
2023 2147 2125 2196 Vos
2163 2147 2322 2196 tamen
2337 2183 2351 2208 ,
2387 2146 2562 2196 talibus
2593 2147 2778 2208 iniuriis
2821 2149 3057 2210 acceptis,
3097 2149 3274 2197 iterum

1726 2245 1809 2280 eos
1842 2233 1889 2281 in
1912 2233 2114 2295 gratiam
2141 2233 2398 2295 recepistis.
2467 2235 2570 2295 (89)
2597 2234 2774 2284 callias
2795 2247 2910 2283 vero
2927 2235 3274 2294 Chalcidensis,

1726 2332 1879 2380 quum
1900 2319 1989 2367 nbi
2016 2332 2047 2368 a
2069 2319 2205 2368 vobis
2220 2320 2413 2368 veniam
2437 2320 2752 2382 impetrasset,
2772 2321 2905 2370 brevi
2931 2324 3040 2384 post
3060 2325 3277 2384 tempore

1728 2405 1787 2454 ad
1814 2406 2055 2468 ingenium
2081 2405 2383 2468 remigi-nbat,
2411 2420 2564 2468 quum
2591 2407 2718 2456 enlm
2741 2407 3003 2458 Euboicum
3021 2409 3277 2458 oencilium

1730 2493 1879 2543 verbo
1898 2492 2172 2544 chalcidem
2199 2499 2510 2554 convocaret,
2535 2506 2588 2543 re
2613 2505 2726 2542 vera
2749 2493 2981 2544 Euboearn
3007 2497 3174 2545 eontra
3192 2509 3288 2544 vos-

1730 2579 2002 2642 muniebat,
2037 2581 2265 2642 insignem
2301 2581 2390 2630 sibi
2425 2581 2799 2631 dominationem
2839 2595 3138 2644 comparans.
3217 2585 3281 2632 Et

1728 2667 1833 2727 ejus
1852 2665 2126 2717 obtinendae
2142 2667 2408 2729 adjutorem
2425 2667 2514 2718 sibi
2537 2668 2756 2717 futurum
2781 2669 3050 2730 Philippum
3067 2681 3279 2732 sperans,

1730 2755 1847 2804 abiit
1866 2755 1913 2803 in
1933 2753 2256 2804 Macedoniam
2269 2790 2284 2816 ,
2303 2755 2352 2804 et
2371 2767 2482 2804 cum
2503 2755 2718 2818 Philippo
2731 2756 2905 2818 passim
2928 2757 3168 2819 protectus
3189 2759 3279 2816 est,

1730 2845 1780 2891 et
1804 2843 1851 2890 iu
1870 2841 2184 2892 familiaribus
2199 2843 2306 2904 eius
2333 2843 2688 2892 numerabatur.
2738 2843 2839 2904 (90)
2857 2847 3036 2893 Verum
3061 2844 3174 2894 lreso
3192 2856 3277 2906 per

1732 2928 1954 2989 iniuriam
1973 2929 2206 2992 Philippo,
2225 2929 2410 2992 aufugit
2437 2929 2548 2978 iude
2573 2933 2626 2980 et
2642 2929 2880 2980 Thebanis
2897 2931 3024 2980 ultro
3049 2943 3101 2980 se
3125 2931 3174 2980 in
3196 2944 3281 2993 po-

1734 3017 1955 3065 testatem
1979 3015 2190 3066 tradidit.
2228 3019 2342 3066 Mox
2363 3017 2465 3066 illis
2482 3029 2674 3080 quoque
2708 3016 2884 3066 relictis
2899 3051 2913 3076 ,
2935 3029 3087 3080 quum
3125 3018 3285 3079 plures

1732 3115 1877 3164 quiam
1905 3103 2110 3165 Euripus
2127 3102 2208 3152 ille
2223 3102 2364 3164 juxta
2379 3116 2524 3166 quem
2543 3103 2788 3154 habitabat
2810 3105 3076 3166 reciprocas
3099 3103 3285 3154 fecisset

1732 3190 2092 3251 conversiones,
2113 3190 2300 3240 medius
2325 3190 2488 3240 incidit
2511 3194 2560 3240 et
2591 3192 2639 3240 in
2659 3191 2996 3242 Thebanorum
3015 3195 3064 3240 et
3085 3191 3284 3254 Philippi

1736 3276 2026 3326 inimicitias.
2061 3279 2276 3327 incertus
2299 3278 2438 3339 igitur
2463 3291 2560 3340 quo
2587 3291 2638 3327 se
2659 3281 2891 3339 verteret,
2913 3291 3066 3340 quum
3081 3277 3180 3338 iam
3200 3279 3285 3327 mi·

1738 3363 1842 3411 lites
1864 3367 2032 3412 contra
2047 3377 2160 3413 eum
2179 3364 2514 3422 scriberentur,
2545 3365 2738 3413 unicam
2757 3363 2845 3413 sibi
2860 3377 2996 3426 spem
3023 3364 3190 3414 salutis
3205 3377 3288 3413 re·

1734 3449 1921 3510 liquam
1943 3463 2046 3499 esse
2063 3449 2212 3510 vidit,
2241 3450 2282 3498 si
2303 3450 2530 3512 populum
2562 3450 2921 3512 Atheniensem,
2949 3451 3064 3500 socii
3092 3452 3286 3500 nomine

1736 3537 2053 3598 appellatum,
2069 3535 2381 3596 jurejurando
2402 3537 2738 3596 obstrinxerit,
2761 3549 2872 3585 eum
2890 3549 3029 3598 opem
3052 3537 3141 3586 siti
3161 3537 3286 3586 latu-

1734 3637 1843 3672 rum
1856 3659 1871 3683 ,
1904 3624 1946 3673 si
1967 3624 2028 3672 ab
2053 3623 2214 3686 aliquo
2239 3621 2558 3683 invaderetur,
2589 3623 2720 3686 quod
2737 3625 2838 3672 sine
2859 3623 3008 3672 dubio
3025 3628 3129 3672 erat
3147 3625 3252 3673 l'utu
3267 3648 3283 3660 -

1736 3729 1871 3776 rum,
1904 3716 1998 3764 nisi
2031 3727 2118 3764 vos
2137 3715 2461 3778 prohiberetis.
2528 3716 2626 3776 (91)
2660 3718 2774 3764 lloec
2810 3715 2950 3777 igitur
2975 3729 3094 3764 cum
3127 3716 3288 3764 animo

1736 3821 1825 3855 suo
1864 3811 2090 3869 reputans
2111 3809 2258 3856 mittit
2287 3809 2384 3856 buc
2411 3805 2591 3870 legatos
2622 3809 2930 3870 Glaucetam,
2963 3809 3286 3872 Empe-donem

1736 3902 1785 3948 et
1812 3899 2074 3949 Diodorum
2095 3900 2231 3949 illum
2251 3909 2394 3949 cursu
2414 3899 2556 3962 longo
2575 3902 2830 3963 pollentem
2845 3939 2859 3962 ,
2879 3901 3174 3964 quiquidem
3200 3915 3286 3964 po-

1738 3993 1851 4054 pulo
1873 4005 1980 4053 spes
2009 3992 2197 4053 inanes,
2230 3993 2538 4042 Demostheni
2570 3998 2616 4042 et
2643 3994 2908 4055 gregalibus
2933 3996 3034 4056 ejus
3065 4009 3289 4044 nummos

1737 4082 2014 4132 asserebant.
2077 4084 2188 4133 Tria
2220 4087 2384 4135 autem
2417 4089 2552 4136 erant
2579 4101 2690 4149 quae
2713 4088 2852 4137 simul
2883 4087 3143 4138 redimebat
3166 4108 3177 4139 ε
3197 4090 3288 4152 pri·

1738 4189 1871 4224 mum
1886 4214 1900 4237 ,
1934 4179 2072 4226 utne
2101 4179 2339 4228 societatis
2362 4183 2532 4229 vestrm
2551 4193 2632 4242 spe
2649 4179 2888 4232 decideret
2917 4195 2928 4224 =
2958 4181 3075 4231 nihil
3099 4182 3226 4231 enim
3246 4184 3287 4231 ei

1738 4271 1839 4317 erat
1858 4269 2069 4318 medium
2083 4305 2096 4326 ,
2118 4271 2156 4319 si
2175 4272 2382 4334 populus
2394 4273 2692 4334 superiorum
2713 4271 2990 4334 injuriarum
3011 4287 3193 4323 memor
3211 4287 3289 4322 so-

1739 4361 1958 4410 cietatem
1974 4363 2076 4424 ejus
2096 4363 2413 4425 repudiasset,
2432 4365 2548 4427 quin
2573 4366 2659 4414 aut
2677 4365 2900 4416 Chalcide
2927 4366 3287 4429 profugiendum

1739 4459 1860 4504 esset
1885 4459 1968 4504 aut
1991 4456 2202 4518 undique
2233 4457 2494 4520 intercepto
2524 4457 2852 4519 moriendum,
2884 4462 2958 4508 tot
2983 4462 3032 4509 et
3059 4461 3208 4508 tantm
3240 4460 3288 4507 in

1740 4563 1849 4598 eum
1883 4563 1913 4598 a
1945 4550 2158 4612 Philippo
2192 4553 2240 4600 et
2272 4551 2510 4602 Thebanis
2527 4551 2807 4614 ingruebant
2839 4552 3004 4614 copim.
3071 4549 3290 4600 Secundo

1738 4645 1899 4692 autem
1915 4679 1931 4702 ,
1963 4642 2198 4704 stipendia
2215 4643 2258 4692 ei
2281 4643 2438 4692 delata
2455 4647 2569 4693 sunt
2585 4645 2666 4706 qui
2690 4645 2962 4694 societatem
2988 4643 3289 4700 decreverat,

1740 4748 1815 4802 ne,
1827 4735 2163 4786 Chalcidenses
2183 4737 2426 4786 communi
2444 4737 2646 4786 concilio
2665 4738 2858 4786 Athenis
2871 4739 3130 4785 convocato
3147 4737 3292 4786 inter·

1741 4842 1841 4878 esse
1874 4834 2156 4890 cogerentur
2189 4845 2202 4878 :
2239 4831 2382 4880 tertio
2413 4830 2645 4894 denique,
2685 4844 2746 4880 ne
2795 4830 2976 4879 tributa
3013 4830 3286 4890 penderent.

1741 4922 1839 4983 (92)
1866 4926 1923 4972 Et
1941 4923 2140 4972 Calliam
2164 4923 2356 4986 quidem
2375 4925 2553 4973 nullius
2569 4937 2735 4973 eorum
2749 4937 2859 4986 quae
2877 4923 2965 4972 sibi
2987 4929 3292 4986 proposuerat

1740 5029 1849 5078 spes
1878 5015 2067 5076 l'el'ellit,
2085 5010 2166 5066 sed
2201 5017 2280 5067 ille
2309 5018 2552 5079 tyrannis,
2578 5020 2632 5067 ut
2653 5020 2752 5079 ipse
2783 5017 2932 5079 lingit,
2955 5019 3167 5067 infensus
3197 5021 3292 5068 De-

1744 5110 2036 5170 mosthenes,
2085 5123 2226 5173 quem
2273 5111 2342 5160 ait
2373 5113 2628 5174 ctesiphon
2664 5113 2845 5172 optima
2880 5125 3064 5174 semper
3107 5112 3291 5170 dicere,

1740 5201 1926 5252 oblatas
1957 5203 2232 5265 reipublicae
2257 5205 2526 5255 occasiones
2549 5193 2790 5266 vendidit,
2822 5207 2868 5254 et
2895 5205 2943 5254 in
2967 5207 3191 5255 societate
3209 5205 3292 5253 ‹le-
