3825 5834
555 455 626 504 62
1550 441 1921 501 ΑΙΣΧΙΝΟΥ
1967 440 2018 502 Ο
2062 443 2267 503 ΚΑΤΑ
2311 443 2731 502 ΤΙΜΑΡΧΟΥ.

551 576 647 652 δρα
665 571 758 649 μὲν
777 571 867 630 καὶ
887 571 1074 650 ἄρρενα
1093 570 1152 628 τὸ
1171 573 1326 646 σῶμα
1343 617 1356 642 ,
1377 575 1642 647 γυναικεῖα
1664 571 1716 630 δὲ
1737 570 2095 652 ἇμαρτήματα

548 659 916 739 ἡμαρτηκότα,
951 657 1026 724 τίς
1061 652 1148 715 οὖν
1175 661 1320 734 ὑμῶν
1355 662 1574 736 γυναῖκα
1603 658 1778 717 λαὸὼν
1818 661 2096 717 ἀδικοῦσαν

549 746 933 827 τιμωρήσεται;
973 745 1008 816 ἢ
1037 745 1112 812 τίς
1138 748 1228 804 οὐκ
1253 738 1715 813 ἀπαίδευτοςεῖναι
1747 746 1876 814 δόξει
1905 752 1971 824 τῇ
2004 747 2097 822 μὲν

549 835 684 896 κατὰ
715 835 864 916 φύσιν
888 833 1258 914 ἁμαρτανούσῃ
1281 836 1633 913 χαλεπαίνων,
1654 839 1728 916 τῷ
1752 834 1805 894 δὲ
1827 835 1974 916 παρὰ
2003 835 2097 916 φύ-

495 948 518 984 5
547 948 626 983 σιν
663 923 843 982 ἑαυτὸν
885 921 1152 1001 ὓὸρίσαντι
1183 923 1464 1006 συμὸούλῳ
1498 926 1791 1003 χρώμενος
1829 923 1945 1000 (188)
1982 924 2096 983 τίνα

549 1015 596 1070 δ’
623 1012 758 1092 ἔχων
787 1011 1002 1076 ἕκαστος
1029 1014 1172 1086 ὑμῶν
1199 1011 1412 1088 γνώμην
1435 1013 1699 1070 ἐπάνεισιν
1727 1011 1902 1070 οἴκαδε
1926 1013 1985 1069 ἐκ
2004 1016 2097 1068 τοῦ

549 1099 913 1178 δικαστηρίου;
939 1098 1054 1158 οὔτε
1079 1099 1178 1178 γὰρ
1197 1104 1225 1158 ὁ
1243 1101 1535 1178 κρινόμενος
1560 1101 1782 1178 ἀφανής,
1809 1099 1943 1158 ἀλλὰ
1962 1098 2101 1178 γνώ-

549 1211 722 1267 ριμος,
745 1185 851 1245 οὗθ’
875 1191 903 1244 δ
925 1186 1078 1261 νόμος
1105 1190 1132 1244 δ
1155 1186 1272 1265 περὶ
1297 1193 1388 1257 τῆς
1414 1191 1518 1244 τῶν
1541 1187 1771 1267 ῥητόρων
1791 1186 2099 1264 δοκιμασίας

546 1278 771 1357 φαῦλος,
800 1273 936 1333 ἀλλὰ
960 1273 1260 1348 κάλλιστος,
1287 1273 1347 1333 τό
1381 1275 1425 1332 τ’
1450 1274 1655 1355 ἐρέσθαι
1675 1276 1780 1340 τοῖς
1819 1275 1973 1332 παισὶ
2009 1273 2098 1331 καὶ

545 1368 650 1429 τοῖς
687 1360 970 1442 μειρακίοις
1006 1360 1123 1427 τοὺς
1158 1363 1353 1420 ἑαυτῶν
1377 1363 1589 1428 οἰκείους
1612 1361 1752 1428 ὅπως
1785 1361 1844 1419 τὸ
1877 1369 2099 1440 πρᾶγμα

547 1447 781 1528 κέκριται
797 1447 1090 1528 πρόχειρον.
1178 1449 1299 1526 (187)
1321 1452 1371 1508 Τ
1375 1449 1391 1507 ί
1420 1439 1504 1508 οὖν
1534 1449 1596 1520 δὴ
1621 1448 1791 1516 λέξετε
1813 1451 1860 1506 οἱ
1882 1453 1974 1519 τῆς
1997 1448 2099 1530 ψή-

467 1563 522 1600 ao
551 1557 648 1614 φου
668 1534 778 1592 νυνὶ
803 1535 1059 1612 γεγονότες
1079 1534 1277 1615 κύριοι,
1299 1534 1422 1594 ὅταν
1441 1539 1488 1594 οἱ
1510 1536 1742 1616 ὑμέτεροι
1765 1536 1944 1602 παῖδες
1966 1540 2100 1612 ὑμᾶς

549 1623 766 1703 ἔρωνται
789 1624 832 1680 εἶ
852 1623 1227 1681 κατεδικάσατε
1247 1621 1281 1692 ἢ
1307 1623 1734 1704 ἀπεψηφίσασθε;
1755 1626 1853 1702 οὐχ
1872 1622 1983 1698 ἅμα
2008 1626 2058 1682 Τ
2062 1622 2099 1680 ι’-

549 1732 754 1789 μαρχον
780 1711 1040 1768 ἀπολῦσαι
1063 1711 1410 1789 ὁμολογήσετε
1435 1710 1524 1768 καὶ
1545 1709 1640 1780 τὴν
1663 1710 1836 1780 κοινὴν
1858 1709 2097 1768 παιδείαν

551 1795 899 1876 ἀνατρέψετε;
921 1797 973 1854 τί
995 1799 1040 1855 δ’
1059 1797 1238 1872 ὄφελος
1262 1796 1622 1874 παιδαγωγοὺς
1638 1795 1839 1877 τρέφειν
1859 1797 1892 1866 ἢ
1916 1797 2097 1854 παιδο·

548 1882 729 1962 τρίὸας
755 1883 847 1941 καὶ
873 1884 1210 1950 διδασκάλους
1237 1885 1344 1950 τοῖς
1365 1882 1543 1941 παισὶν
1574 1885 1869 1962 ἐφιστάναι,
1900 1883 2022 1942 ὅταν
2052 1886 2099 1941 οἳ

465 1967 472 1970 ’
547 1969 644 2040 τὴν
679 1973 782 2028 τῶν
811 1969 981 2045 νόμων
1007 1970 1454 2049 παρακαταθήκην
1485 1967 1685 2048 ἔχοντες
1718 1969 1844 2048 πρὸς
1881 1969 1975 2036 τὰς
2011 1971 2098 2026 αῖ-

549 2057 742 2136 σχύνας
761 2055 1274 2133 κατακάμπτωνται;

629 2163 723 2203 188.
768 2142 1042 2220 Θαυμάζω
1061 2145 1106 2201 δ’
1127 2147 1291 2220 ὑμῶν,
1311 2133 1355 2202 ὦ
1378 2143 1653 2216 Ἀθηναῖοι,
1672 2143 1897 2216 κάκεῖνο,
1918 2145 1963 2202 εἰ
1985 2142 2101 2211 τοὺς

467 2251 520 2289 as
548 2229 642 2308 μὲν
667 2229 1044 2311 πορνοὸοσκοὺς
1083 2240 1312 2307 μισεῖτε,
1351 2230 1469 2298 τοὺς
1503 2234 1547 2290 δ’
1578 2231 1785 2298 ἑκόντας
1815 2255 2097 2312 πεπορνευ-

547 2317 727 2393 μένους
763 2318 1014 2400 ἀφήσετε·
1051 2320 1140 2378 καὶ
1184 2323 1283 2396 (ὡς
1319 2319 1512 2395 ἔοικεν)
1553 2322 1580 2376 δ
1607 2319 1756 2387 αὐτὸς
1787 2311 1931 2386 οἶτος
1968 2319 2098 2399 ἀνὴρ

547 2404 830 2485 ἱερωσύνην
874 2406 966 2484 μὲν
999 2407 1198 2474 οὖδενὸς
1235 2411 1361 2465 θεῶν
1403 2405 1755 2486 κληρώσεται,
1793 2409 1863 2473 ὣς
1897 2409 1992 2466 οὐκ
2026 2406 2097 2466 ὧν

549 2494 608 2550 ἐκ
650 2496 754 2551 τῶν
799 2493 972 2570 νόμων
1017 2494 1240 2573 καθαρὸς
1279 2493 1338 2552 τὸ
1375 2499 1558 2571 σῶμα,
1593 2494 1782 2574 γράψει
1831 2493 1874 2551 δ’
1910 2497 1963 2553 ἐν
1994 2499 2098 2562 τοῖς

545 2579 874 2658 ψηφίσμασιν
899 2581 1055 2659 εὖχὰς
1077 2581 1206 2661 ὑπὲρ
1226 2586 1318 2652 τῆς
1338 2581 1536 2647 πόλεως
1551 2588 1664 2646 ταῖς
1689 2583 1916 2657 Σεμναῑς
1940 2585 2096 2649 θεαῖς.

549 2657 684 2725 Εἶτα
717 2665 770 2724 τί
809 2667 1139 2744 θαυμάζομεν
1187 2667 1281 2738 τὴν
1325 2667 1498 2738 κοινὴν
1539 2665 1816 2745 ἀπραξίαν,
1853 2665 2098 2726 τοιούτων

548 2752 778 2832 ῥητόρων
816 2754 902 2812 ἐπὶ
929 2753 1022 2820 τὰς
1047 2759 1136 2813 τοῦ
1185 2754 1352 2829 δήμου
1395 2753 1604 2832 γνώμας
1643 2755 2098 2835 ἔπιγραφομένων;

546 2839 635 2896 καὶ
655 2839 743 2898 τὸν
773 2843 1006 2921 αἰσχρῶς
1031 2841 1165 2899 οἴκοι
1188 2839 1478 2920 βεὸιωκότα
1502 2839 1598 2908 ἔξω
1626 2845 1719 2912 τῆς
1741 2838 1941 2908 πόλεως
1972 2866 2099 2922 πρε-

467 2943 521 2984 to
545 2925 766 2999 σὸευτὴν
791 2927 1090 3008 πέμψομεν,
1115 2930 1204 2986 καὶ
1229 2929 1397 3009 τούτῳ
1421 2929 1540 3009 περὶ
1563 2931 1664 2986 τῶν
1694 2927 1952 3006 μεγίστων
1983 2931 2095 2988 δια-

542 3015 916 3092 πιστεύσομεν;
940 3015 992 3074 τί
1017 3017 1062 3074 δ’
1087 3019 1180 3075 οὔκ
1204 3015 1267 3074 ἂν
1296 3017 1540 3074 ἀποδοῖτο
1568 3019 1595 3073 ὁ
1617 3015 1712 3085 τὴν
1739 3019 1829 3074 τοῦ
1857 3015 2099 3094 σώματος

543 3100 695 3182 ὕὸριν
715 3100 1026 3182 πεπρακώς;
1049 3103 1164 3161 τίνα
1185 3102 1229 3160 δ’
1253 3102 1314 3162 ἂν
1340 3095 1484 3169 οὗτος
1501 3101 1756 3174 ἐλεήσειεν
1775 3106 1803 3160 ὁ
1831 3103 1983 3162 αὑτὸν
2006 3107 2099 3163 οὐκ

543 3187 788 3261 ἐλεήσας

623 3296 720 3336 {ss-
765 3274 882 3336 Τίνι
911 3276 956 3334 δ’
984 3277 1130 3352 ὑμῶν
1161 3279 1256 3336 οὐκ
1287 3276 1568 3354 εὔγνωστός
1597 3279 1735 3336 ἐστιν
1759 3283 1794 3349 ἡ
1817 3278 2098 3357 Τιμάρχου

549 3363 824 3443 βδελυρίας
845 3361 1056 3440 Ὥσπερ
1076 3361 1178 3444 γὰρ
1199 3363 1314 3430 τοὺς
1327 3365 1759 3443 γυμναζομένους,
1776 3364 1873 3423 κᾶν
1895 3365 1968 3442 μὴ
1993 3389 2098 3424 πα-

547 3453 716 3529 ρῶμεν
749 3453 802 3510 ἐν
839 3451 945 3517 τοῖς
976 3451 1305 3527 γυμνασίοις,
1344 3455 1414 3517 εἰς
1436 3450 1530 3518 τὰς
1551 3451 1744 3519 εὐεξίας
1767 3455 1935 3510 αὐτῶν
1970 3455 2098 3512 ἀπο-

545 3537 821 3606 ὅλέποντες
837 3537 1181 3618 γινώσκομεν,
1208 3539 1345 3598 οὕτω
1374 3538 1491 3607 τοὺς
1511 3538 1977 3620 πεπορνευμένους,
2000 3541 2097 3598 κᾶν

363 3701 366 3704 ⁴
458 3638 527 3687 27
547 3625 622 3702 μὴ
653 3629 903 3705 παρῶμεν
941 3628 1111 3685 αὐτῶν
1147 3635 1252 3692 τοῖς
1287 3626 1480 3706 ἔργοις,
1511 3627 1572 3684 ἐκ
1593 3631 1686 3697 τῆς
1721 3626 1982 3693 ἀναιδείας
2008 3628 2101 3686 καὶ

545 3717 636 3770 τοῦ
656 3711 874 3792 θράσους
891 3712 1094 3772 καὶτῶν
1113 3713 1538 3788 ἐπιτηδευμάτων
1551 3714 1890 3790 γινώσκομεν.
1915 3712 1984 3773 ‘O
2000 3713 2099 3793 γὰρ

546 3799 664 3879 περὶ
704 3803 806 3858 τῶν
846 3799 1104 3876 μεγίστων
1139 3800 1256 3868 τοὺς
1291 3799 1474 3876 νόμους
1509 3801 1599 3859 καὶ
1634 3799 1726 3871 τὴν
1764 3801 2099 3881 σωφροσύνην

549 3885 802 3964 ὑπεριδὼν
839 3885 949 3964 ἔχει
976 3885 1092 3944 τινὰ
1123 3885 1224 3955 ἕξιν
1245 3891 1336 3957 τ-’ῆς
1358 3891 1528 3968 ψυχῆς
1545 3933 1563 3964 .,
1601 3886 1636 3958 ἢ
1663 3887 1903 3959 διάδηλος
1924 3891 1984 3947 ἐκ
2010 3893 2101 3959 τῆς

551 3970 808 4048 ἀκοσμίας
837 3978 926 4031 τοῦ
944 3972 1137 4054 τρόπου
1159 3974 1374 4051 γίνεται.

629 4079 724 4119 190.
770 4059 1058 4126 Πλείστους
1077 4061 1120 4118 δ’
1141 4059 1204 4118 ἂν
1227 4059 1412 4138 εὕροιτ’
1437 4064 1496 4118 ἐκ
1513 4063 1616 4118 τῶν
1638 4060 1881 4119 τοιούτων
1903 4060 2102 4140 ἀνθρώ-

546 4168 661 4202 πων
679 4144 852 4213 πόλεις
869 4145 1274 4228 ἀνατετροφότας
1294 4145 1384 4204 καὶ
1399 4146 1512 4212 ταῖς
1531 4145 1796 4224 μεγίσταις
1815 4152 2102 4228 συμφοραῖς

483 4249 508 4285 5
550 4230 732 4298 αὐτοὺς
761 4233 1236 4312 περιπεπτωκότας.
1320 4233 1413 4301 Μὴ
1432 4233 1533 4313 γὰρ
1553 4232 1734 4308 οἴεσθε,
1751 4225 1795 4293 ὦ
1821 4235 2098 4308 Ἀθηναῖοι,

547 4317 642 4385 τὰς
662 4321 766 4377 τῶν
784 4318 1122 4396 ἀδικημάτων
1145 4319 1310 4400 ἀρχὰς
1331 4319 1434 4379 ἀπὸ
1457 4324 1604 4394 θεῶν,
1633 4322 1753 4380 ἀλλ’
1773 4325 1871 4400 οὐχ
1892 4325 1979 4381 ὑπ’
2011 4325 2098 4379 οἷν-

547 4405 767 4484 θρώπων
790 4406 1060 4484 ἀσελγείας
1076 4405 1332 4483 γίνεσθαι,
1357 4407 1489 4484 μηδὲ
1516 4408 1634 4474 τοὺς
1655 4409 1979 4481 τ’,σεὸηκότας
2002 4433 2101 4468 κα-

548 4493 714 4574 θάπερ
737 4495 788 4552 ἐν
813 4502 925 4561 ταῖς
944 4494 1252 4576 τραγῳδίαις
1293 4495 1488 4562 Ποινὰς
1509 4494 1736 4554 ἐλαύνειν
1756 4496 1845 4554 καὶ
1866 4497 2101 4564 κολάζειν

549 4581 697 4657 δᾳσὶν
721 4581 1009 4657 ἡμμέναις·
1036 4583 1152 4661 (191)
1191 4581 1307 4641 ἀλλ’
1345 4587 1398 4640 αἱ
1435 4588 1705 4662 προπετεῖς
1733 4590 1822 4642 τοῦ
1860 4583 2101 4660 σώματος

548 4668 730 4742 ἡδοναὶ
752 4669 842 4727 καὶ
863 4671 924 4727 τὸ
947 4669 1108 4746 μηδὲν
1133 4669 1310 4729 ἱκανὸν
1329 4675 1592 4746 ἡγεῖσθαι,
1618 4677 1781 4729 ταῦτα
1815 4673 2008 4750 πληροῖ
2034 4671 2101 4730 τὰ

547 4756 834 4834 λῃστήρια,
874 4760 1023 4816 ταῦτ’
1065 4761 1134 4824 εἰς
1187 4757 1271 4815 τὸν
1319 4759 1744 4837 ἐπακτροκέλητα
1795 4758 2067 4834 ἐμὸιὸάζει
2084 4809 2101 4836 ,

551 4843 715 4901 ταῦτά
736 4847 872 4902 ἐστιν
893 4845 1096 4924 ἑκάστῳ
1117 4845 1304 4918 Ποινή,
1323 4851 1490 4902 ταῦτα
1509 4844 1925 4926 παρακελεύεται
1944 4846 2103 4926 σφάτ-

473 4947 523 4984 to
555 4953 655 4988 τειν
681 4930 796 4997 τοὺς
826 4933 1064 5007 πολίτας,
1088 4934 1359 5011 ὑπηρετεῖν
1386 4941 1492 5000 τοῖς
1513 4933 1806 5013 τυράννοις,
1838 4957 2102 5009 συγκατα-

549 5016 688 5076 Αύειν
706 5019 792 5076 τὸν
805 5020 984 5094 δῆμον.
1066 5021 1256 5102 Οὖγὰρ
1275 5021 1368 5092 τὴν
1388 5020 1640 5100 αἰσχύνην
1659 5021 1762 5080 οὐδ’
1783 5021 1816 5078 ἃ
1834 5023 2103 5081 πείσονται

549 5105 854 5180 λογίζονται,
875 5109 990 5166 ἀλλ’
1011 5111 1088 5188 ἐφ’
1108 5101 1184 5176 οἷς
1203 5107 1623 5186 κατορθώσαντες
1643 5109 2099 5188 εὐφρανθήσονται,

549 5191 743 5260 τούτοις
779 5193 1110 5266 κεκήληνται.
1193 5195 1468 5276 Ἐξαιρεῒτ’
1495 5185 1604 5273 οὖν,
1636 5185 1678 5254 ὦ
1703 5197 1976 5272 Ἀθηναῖοι,
2010 5198 2100 5266 τὰς

3462 445 3741 521 (ττι-πει)

2188 579 2439 628 muliebria
2460 580 2505 628 in
2520 593 2571 630 se
2589 581 2761 641 probra
2780 580 2989 628 admisit.
3054 582 3170 637 Quis
3182 593 3294 640 ergo
3310 582 3522 629 vestrum
3542 595 3745 630 uxorem

2186 667 2233 714 in
2253 668 2427 715 scelere
2445 667 2784 728 deprehensam
2821 667 3110 716 ulciscetur?
3129 671 3213 715 aut
3231 666 3337 728 quis
3356 680 3452 716 nou
3480 668 3615 716 rudis
3648 670 3747 718 exi-

2186 755 2474 816 stimabitur,
2495 757 2533 803 si
2560 759 2602 804 ei
2621 762 2925 818 succenseat,
2944 771 3055 820 quae
3080 757 3343 806 secundum
3369 760 3593 807 naturam
3625 759 3747 808 deli-

2190 841 2351 902 querit
2376 861 2388 891 :
2412 855 2563 904 quum
2584 844 2686 904 ejus
2716 844 2925 893 consiliis
2956 845 3219 906 auscultet,
3252 845 3335 907 qui
3354 847 3564 907 scelere,
3589 860 3620 894 a
3652 861 3749 907 quo

2187 932 2359 977 natura
2376 931 2630 992 abhorret,
2668 945 2717 980 se
2741 933 3108 981 contaminarit?
3142 935 3251 990 Quo
3271 947 3413 995 porro
3448 935 3616 982 animo
3638 935 3751 995 quis

2187 1020 2401 1066 voetrum
2432 1032 2460 1066 c
2486 1019 2710 1080 praetorio
2738 1019 2939 1068 domum
2966 1021 3265 1070 revertetur?
3297 1023 3465 1082 Neque
3481 1023 3615 1070 enim
3638 1035 3750 1070 reus

2188 1102 2421 1152 obscurus
2430 1105 2519 1164 est,
2534 1105 2617 1153 sed
2630 1105 2903 1156 notissimus
2916 1126 2927 1155 :
2940 1121 3095 1169 neque
3108 1107 3188 1156 lex
3202 1107 3261 1156 dc
3272 1111 3467 1156 oratoru
3474 1121 3519 1156 m
3532 1108 3751 1170 explora·

2188 1190 2319 1238 tione
2338 1191 2461 1239 mala
2479 1228 2493 1252 ,
2512 1192 2593 1240 sed
2608 1192 2929 1254 pulcherrima
2947 1212 2959 1242 :
2977 1194 3076 1254 iam
3097 1194 3229 1255 pueri
3247 1194 3392 1244 etiam
3406 1197 3457 1244 et
3474 1195 3748 1243 adolescen-

2188 1278 2277 1327 tuli
2296 1279 2455 1327 statim
2486 1281 2773 1330 necessarios
2788 1295 2899 1330 suos
2930 1281 3101 1343 cupide
3134 1283 3422 1344 interrogare
3440 1283 3623 1344 solent,
3648 1297 3751 1344 quo

2188 1369 2329 1426 pacto
2351 1379 2491 1415 causa
2522 1367 2584 1416 sit
2620 1367 2895 1429 dijudicata.
2966 1369 3095 1431 (187)
3127 1369 3255 1426 Quid
3287 1383 3399 1432 ergo
3430 1369 3634 1430 dicetis,
3660 1372 3745 1433 qui

2190 1465 2320 1500 nunc
2336 1465 2448 1502 cum
2469 1457 2703 1514 potestate
2727 1455 2931 1504 serendae
2955 1457 3205 1522 sententiar
3223 1459 3337 1506 estis
3354 1494 3369 1519 ,
3394 1457 3479 1506 ubi
3502 1471 3593 1507 vos
3610 1459 3749 1507 liberi

2190 1540 2333 1588 vestri
2360 1542 2596 1602 rogarint,
2618 1544 2782 1591 utrum
2802 1556 2914 1592 eum
2949 1532 3405 1606 condemnaveritis,
3426 1559 3493 1594 an
3515 1559 3635 1594 vero
3658 1547 3747 1594 ab·

2190 1627 2458 1676 solveritis?
2492 1641 2651 1678 nonne
2682 1629 2849 1679 eadem
2868 1643 3012 1692 opera
3046 1645 3130 1680 vos
3150 1631 3459 1680 Timarchum
3487 1633 3750 1682 absolvisse

2190 1713 2453 1763 fatebimini
2476 1753 2490 1776 ,
2516 1718 2566 1764 et
2594 1716 2831 1778 publicam
2852 1716 3147 1780 disciplinam
3178 1720 3435 1768 evertetis?
3460 1723 3585 1778 Quae
3606 1735 3749 1782 porro

2192 1801 2371 1850 utilitas
2384 1803 2475 1850 erit
2490 1802 2645 1852 alendi
2664 1803 2955 1866 paedagogos,
2972 1807 3057 1854 aut
3073 1805 3187 1854 artis
3199 1805 3506 1867 gymnasticae
3522 1807 3748 1856 aliarum-

2192 1900 2287 1949 que
2310 1902 2470 1938 rernm
2501 1890 2749 1952 magistros
2778 1891 3067 1951 praeliciendi
3103 1893 3287 1955 pueris,
3321 1893 3402 1942 ubi
3434 1893 3498 1953 ii,
3536 1908 3749 1956 quorum

2194 1974 2301 2024 [idei
2329 1975 2454 2037 leges
2482 1977 2746 2026 commissae
2763 1981 2873 2027 sunt
2890 2015 2904 2039 ,
2935 1977 2986 2027 in
3014 1979 3296 2042 probrorum
3318 1981 3605 2030 crimInibus
3632 1996 3752 2031 con-

2192 2062 2388 2112 nivent?

2262 2161 2365 2208 188.
2400 2157 2525 2208 lllud
2543 2159 2687 2208 etiam
2708 2160 2755 2208 in
2774 2159 2908 2210 vobis
2931 2161 3097 2222 miror,
3122 2161 3431 2212 Athenienses
3447 2199 3462 2223 ,
3484 2161 3525 2211 si
3552 2163 3752 2213 lenones

2188 2263 2380 2324 odistis,
2400 2276 2481 2312 eos
2503 2266 2663 2312 autem
2684 2265 2765 2328 qui
2784 2265 3061 2328 pudicitiam
3098 2267 3225 2316 ultro
3248 2268 3633 2329 prostituerunt,
3666 2270 3749 2318 ab·

2459 2366 2608 2428 Igitur
2634 2366 2759 2416 idem
2782 2367 2873 2416 iste
2891 2367 2967 2416 vir
2988 2369 3168 2417 nullius
3194 2368 3271 2418 dci
3294 2370 3615 2420 sacerdotium
3638 2385 3745 2420 sor-

2190 2471 2351 2529 tietur,
2376 2469 2535 2530 utqui
2557 2481 2652 2519 non
2686 2481 2807 2532 puro
2836 2481 3035 2532 corpore
3056 2470 3148 2532 sit,
3180 2471 3589 2532 quemadmodum
3620 2474 3753 2534 leges

2184 2567 2356 2628 jubent
2378 2586 2389 2616 :
2415 2567 2464 2616 in
2482 2567 2686 2617 decretis
2704 2569 2865 2618 autem
2878 2603 2893 2629 ,
2913 2569 3029 2616 vota
3046 2579 3133 2630 pro
3152 2569 3393 2630 republica
3416 2570 3557 2620 faciet
3570 2575 3753 2622 sanctis

2188 2367 2395 2418 solvetis.

2187 2671 2385 2722 deabus,
2451 2673 2577 2730 Quid
2598 2687 2708 2736 ergo
2726 2675 2956 2723 miramur
2982 2675 3170 2742 publice
3190 2677 3307 2726 nihil
3328 2678 3419 2727 rite
3442 2679 3570 2741 regi,
3594 2693 3750 2744 quum

2188 2773 2455 2823 istiusmodi
2469 2777 2713 2825 oratorum
2731 2775 2925 2826 nomina
2948 2776 3203 2838 plebiscitis
3222 2777 3571 2838 inscribantur3
3592 2793 3749 2842 quum

2184 2887 2301 2924 eum
2318 2875 2405 2938 qui
2424 2875 2555 2924 domi
2575 2876 2781 2938 turpiter
2802 2875 2953 2938 vixit,
2974 2875 3186 2938 legatum
3206 2879 3343 2926 extra
3370 2878 3541 2928 urbe·
3574 2882 3751 2931 mitta-

2186 2987 2323 3036 mus,
2346 2975 2485 3038 eique
2507 2974 2569 3026 de
2590 2976 2731 3026 rebus
2756 2976 2979 3026 maximis
3004 2975 3147 3027 tidem
3178 2978 3471 3030 habeamus?
3496 2983 3625 3042 Quid
3658 2998 3750 3034 au·

2184 3077 2285 3126 tem
2304 3089 2402 3126 non
2422 3076 2648 3126 venderet
2668 3077 2709 3126 is
2724 3113 2739 3137 ,
2758 3077 2843 3138 qui
2862 3078 3075 3140 corporis
3096 3077 3301 3130 dedecus
3312 3083 3515 3143 pectinis
3528 3084 3753 3136 addixit?

2184 3181 2325 3243 cujus
2344 3180 2423 3230 ille
2440 3180 2757 3241 miserebitur,
2778 3181 2859 3243 qui
2878 3181 2949 3230 sui
2970 3182 3119 3244 ipsius
3137 3183 3359 3232 misertus
3376 3197 3473 3232 non
3496 3187 3601 3234 est?

2253 3291 2359 3336 189.
2396 3287 2485 3336 cui
2514 3299 2657 3349 porro
2674 3289 2888 3336 voetrum
2910 3301 3003 3336 non
3026 3289 3143 3337 satis
3166 3290 3279 3336 uota
3302 3291 3373 3338 est
3396 3289 3637 3339 Timarchi
3660 3293 3753 3340 im·

2186 3383 2427 3444 probitas?
2448 3383 2514 3432 Ut
2534 3383 2659 3430 enim
2678 3382 2882 3444 pugiles,
2901 3385 3091 3432 tametsi
3112 3384 3160 3432 in
3190 3385 3443 3446 gymnasiis
3464 3399 3563 3434 non
3580 3387 3752 3438 adtue-

2188 3481 2338 3532 rimus
2352 3519 2367 3544 ,
2409 3483 2711 3552 considerato
2751 3483 2917 3532 habitu
2958 3497 3213 3546 corporum
3246 3485 3580 3546 cognoscimus
3618 3505 3633 3536 ι
3680 3491 3753 3537 sic

2192 3579 2453 3642 profligate
2491 3580 2700 3630 libidinis
2733 3581 2951 3632 homines
2965 3617 2981 3641 ‚
3016 3582 3207 3632 tametsi
3243 3582 3539 3633 facinoribus
3578 3598 3753 3634 ein-um

2188 3689 2285 3725 non
2306 3679 2685 3740 interfuerimus,
2712 3693 2777 3728 ex
2804 3679 3101 3742 impudentia
3126 3683 3274 3744 atque
3290 3681 3493 3732 audacia
3514 3685 3566 3732 et
3589 3687 3755 3746 quoti-

2189 3772 2343 3822 diana‘.
2362 3774 2476 3824 vitm
2490 3775 2838 3825 consuetudine
2858 3778 3175 3838 agnoscimus.
3240 3779 3337 3838 Qui
3364 3780 3492 3829 enim
3522 3783 3757 3831 maximis

2190 3874 2239 3922 in
2259 3874 2400 3923 rebus
2429 3874 2555 3936 leges
2584 3877 2634 3924 et
2656 3875 2937 3926 modestiam
2972 3877 3219 3940 despexit,
3248 3879 3467 3928 habitum
3502 3882 3755 3943 quendam

2190 3973 2349 4023 animo
2368 3987 2457 4024 suo
2475 3975 2741 4037 impressit,
2762 3977 2845 4039 qui
2866 3991 2928 4027 ex
2946 3977 3245 4028 immodestia
3266 3991 3454 4026 morum
3473 3979 3653 4029 elucet.

2257 4078 2357 4124 190.
2394 4075 2649 4124 invenietis
2668 4077 2813 4125 etiam
2831 4077 3061 4139 plurimos
3079 4090 3141 4126 ex
3163 4077 3253 4126 isto
3272 4078 3521 4126 hominum
3540 4093 3722 4140 genere
3738 4119 3753 4142 ,

2190 4165 2340 4226 quiet
2358 4163 2501 4213 urbes
2530 4165 2815 4226 everterint,
2836 4168 2885 4214 et
2907 4166 2955 4214 in
2974 4167 3207 4215 maximas
3236 4166 3323 4227 ipsi
3340 4167 3641 4217 calamitates
3676 4171 3753 4219 in-

2186 4255 2406 4306 ciderint.
2493 4258 2659 4320 Neque
2688 4257 2816 4307 enim
2856 4256 3058 4317 putetis,
3102 4255 3437 4316 Athenienses,
3477 4256 3757 4307 facinorum

2190 4348 2325 4398 initia
2346 4363 2377 4398 a
2398 4349 2515 4411 diis,
2542 4363 2638 4398 non
2670 4350 2733 4398 ab
2764 4349 3013 4398 hominum
3050 4349 3313 4410 petulantia
3340 4348 3606 4410 proticisci,
3662 4355 3759 4400 aut

2192 4446 2361 4508 impios
2394 4447 2627 4508 homines,
2662 4449 2718 4495 ut
2756 4449 2805 4496 in
2844 4446 3085 4510 tragoetliis
3116 4459 3147 4494 a
3178 4445 3333 4494 Furiis
3361 4445 3526 4508 agitari
3564 4446 3759 4498 facibus

2190 4539 2468 4588 ardentibus
2506 4542 2556 4589 et
2586 4539 2744 4602 puniri
2780 4557 2792 4588 :
2830 4540 2962 4600 (191)
3000 4537 3083 4587 sed
3112 4539 3376 4587 temeraria
3406 4541 3621 4600 eorporis
3660 4553 3755 4588 vo·—

2190 4638 2421 4701 luptalcs‚
2446 4641 2495 4687 et
2514 4638 2809 4700 inexplebilis
2828 4637 3104 4700 cupiditatis
3129 4636 3257 4695 sitis,
3277 4638 3381 4685 turc
3410 4636 3611 4686 demum
3630 4645 3755 4689 sunt

2189 4743 2299 4794 quoe
2316 4731 2585 4793 compleant
2598 4731 2878 4792 proedonum
2898 4729 3222 4792 receptacula:
3240 4731 3409 4779 hoecin
3428 4743 3757 4794 myoparones

2190 4825 2414 4887 piraticos
2448 4825 2699 4886 impellunt
2736 4843 2749 4872 ι
2783 4823 2888 4873 lime
2924 4835 3315 4886 unumquemque
3337 4823 3555 4872 cmciant
3594 4843 3609 4874 ι
3644 4825 3757 4874 baec

2192 4917 2423 4967 inducunt
2441 4918 2503 4966 ad
2520 4918 2646 4967 cives
2663 4916 2965 4978 occidendos,
2984 4916 3044 4965 acl
3064 4917 3293 4978 tyrannos
3308 4915 3669 4976 custodiendos,
3690 4919 3755 4968 ad

2194 5015 2537 5076 rempublicam
2550 5012 2927 5076 opprimendam.
2944 5016 3109 5074 Neque
3122 5013 3249 5061 enim
3260 5013 3346 5060 aut
3360 5011 3505 5073 ipsius
3516 5011 3753 5075 dedecuS,

2189 5112 2274 5158 aut
2291 5110 2633 5173 suppliciorum
2664 5109 2967 5159 atrocitatem
2988 5107 3321 5169 considerant,
3340 5107 3420 5157 sed
3449 5121 3534 5170 spe
3556 5123 3755 5160 succes·

2190 5220 2331 5257 suum
2350 5207 2531 5257 deliniti
2552 5208 2698 5256 ruunt
2712 5205 2759 5256 in
2781 5207 2979 5257 facinus.
2998 5205 3273 5257 Exscindite
3288 5203 3447 5266 igitur.
3464 5205 3751 5266 exscindite,
