3825 5834
1432 445 1932 507 FRAGMENTA.

126 582 317 638 narcho
360 588 559 635 contra
608 579 975 653 polyeuctum
1027 578 1261 651 scriptas
1314 596 1431 633 esse
1472 578 1639 633 facile

128 667 519 723 existimaveris.
606 670 687 721 Ac
740 665 1227 721 Westermannum
1262 666 1403 723 Bist.
1449 666 1642 739 eloqu.

126 774 195 827 gr.
218 776 271 829 p.
302 756 367 810 31
384 774 407 809 1
436 772 521 827 sq.
554 752 662 827 (cl.
682 774 743 827 p.
773 750 927 830 316)
950 764 1007 809 et
1024 752 1425 808 Boehneckium
1445 755 1645 825 Quaest.

128 854 311 899 orator.
348 861 408 915 p.
431 840 545 907 643
569 840 823 897 videmus
840 842 952 895 hoc
972 842 1242 898 statuisse.
1283 840 1395 896 Sed
1418 859 1547 895 cum
1568 860 1647 897 eae

130 948 315 999 causae,
342 945 484 1001 quas
504 930 809 1000 Dionysius
834 946 955 983 non
984 930 1483 999 commemoravit,
1508 928 1646 987 κατὰ

128 1016 187 1073 Π.
213 1012 537 1091 δωροδοκίας,
566 1010 704 1071 κατὰ
746 1016 823 1073 Π.
856 1012 1143 1089 ἀπόφασις,
1163 1015 1407 1089 publica
1435 1016 1647 1073 fuerint

126 1122 317 1159 necesse
337 1106 441 1177 sit,
474 1104 648 1158 index
678 1104 1043 1179 publicarum
1069 1123 1205 1161 vero
1232 1108 1559 1161 orationum
1588 1120 1645 1165 et

125 1193 463 1263 genuina-um
493 1201 551 1245 et
578 1193 1001 1266 suppositarum
1026 1191 1241 1265 integer
1260 1204 1510 1248 servatus
1528 1213 1645 1251 esse

126 1277 379 1347 videatur,
420 1278 565 1332 nihil
613 1288 850 1334 restaret
869 1321 887 1352 ‚
914 1279 1024 1334 nisi
1064 1290 1129 1333 ut
1166 1281 1503 1353 Dionysium
1546 1283 1645 1337 has

127 1368 379 1421 orationes
412 1384 517 1440 per
564 1367 961 1441 negligentiam
1011 1367 1259 1422 omisisse
1287 1369 1641 1424 existimare-

126 1474 243 1509 mus.
321 1455 491 1526 Quod
532 1473 733 1527 parum
771 1463 852 1509 est
888 1453 1215 1513 verisimile.
1298 1457 1483 1527 Quare
1520 1474 1641 1511 eam

128 1544 443 1609 orationem,
474 1560 645 1615 quam
695 1543 1074 1615 Harpocratio
1115 1538 1255 1599 κατὰ
1296 1543 1369 1600 Π.
1408 1542 1643 1620 δωροδο-

125 1627 220 1691 κίας
240 1632 565 1703 inscriptam
593 1629 763 1685 fuisse
784 1629 965 1703 dixit,
988 1648 1107 1684 non
1134 1628 1367 1687 differre
1396 1643 1539 1704 puto
1566 1633 1641 1687 ab

126 1715 373 1771 delatione
411 1718 709 1789 Polyeucti
754 1733 823 1771 ex
878 1727 1076 1771 senatu
1117 1716 1297 1788 ejecti.
1385 1719 1523 1776 Nam
1571 1719 1642 1775 de

125 1801 261 1859 donis
284 1822 313 1859 a
334 1804 651 1877 Polyeucto
670 1805 923 1877 acceptis
948 1806 1011 1859 in
1026 1804 1133 1859 hac
1158 1804 1417 1862 oratione
1440 1809 1641 1862 Dinar-

124 1890 263 1943 chum
289 1884 607 1965 exposuisse
640 1890 711 1948 fr.
746 1890 780 1947 8
805 1891 1123 1950 luculenter
1144 1891 1333 1952 docet.
1419 1894 1507 1951 Ab
1534 1895 1641 1950 hac

125 1976 352 2033 oratione
380 1995 453 2033 ue
481 1996 607 2033 eam
632 1977 867 2052 quidem
902 1979 1184 2035 diversam
1213 1978 1379 2035 fuisse
1404 1992 1641 2053 putave-

122 2064 241 2138 rim,
270 2083 429 2139 quam
458 2065 844 2139 Harpocratio
873 2062 1009 2123 κατὰ
1030 2065 1109 2125 Π.
1136 2064 1400 2143 ἀπόφασιν
1429 2067 1641 2124 dictam

122 2169 217 2205 esse
256 2170 364 2206 uuo
400 2152 535 2207 loco
586 2152 822 2208 tradidit
862 2154 931 2209 fr.
974 2172 1033 2228 9.
1116 2153 1454 2228 Quanquam
1490 2157 1639 2211 enim

122 2240 345 2311 exempla
368 2258 519 2295 nunc
538 2240 775 2313 quidem
801 2260 923 2296 non
938 2252 1271 2317 suppetunt,
1294 2253 1483 2297 tamen
1506 2245 1637 2301 ἄπο-

124 2323 291 2399 φαίνειν
330 2338 385 2383 et
424 2324 694 2405 ἀπόφασιν
724 2329 1003 2384 vocabula
1036 2347 1071 2384 a
1109 2332 1489 2404 grammaticis
1538 2334 1638 2386 ali-

124 2412 323 2483 quando
354 2425 635 2489 usurpata
662 2433 812 2490 esse,
854 2418 957 2471 ubi
990 2414 1306 2473 ἐνδεικνύναι
1342 2427 1399 2472 et
1432 2415 1639 2484 ἔνδειξις

120 2503 325 2573 propria
346 2512 508 2557 erant
525 2544 543 2571 ,
575 2520 696 2557 non
724 2514 805 2558 est
833 2503 991 2576 quod
1015 2504 1144 2576 jure
1173 2504 1417 2561 mireris.
1502 2506 1642 2562 Aliis

121 2586 318 2643 sortasse
334 2590 507 2663 magis
532 2588 784 2663 placebit
810 2587 1072 2667 ἀπόφασιν
1098 2611 1239 2663 esse,
1254 2611 1377 2665 quae
1398 2594 1639 2666 proprio

120 2676 369 2731 vocabulo
393 2676 551 2755 φάσις
571 2676 800 2749 dicitur,
828 2689 894 2733 ut
918 2680 1303 2735 testimonium
1328 2678 1476 2735 illud
1500 2683 1640 2736 Har·

120 2768 431 2834 poci-ationis
451 2766 529 2823 ad
548 2768 863 2823 orationem
879 2769 952 2822 de
966 2770 1208 2823 metallis
1228 2774 1428 2825 samiis
1439 2767 1637 2823 referri

120 2854 285 2922 possit.
366 2854 499 2911 Nou
559 2854 749 2909 minus
804 2873 1013 2931 anceps
1056 2854 1340 2927 judicium
1394 2867 1509 2929 est,
1560 2855 1636 2910 ad

121 2955 263 3008 quam
294 2944 616 2997 orationem
644 2944 1002 3016 pertineant,
1029 2962 1153 3017 quae
1196 2964 1373 3001 causae
1404 2943 1639 2999 nomine

118 3041 215 3079 non
251 3027 439 3085 addito
486 3030 826 3103 simpliciter
860 3049 934 3086 ex
978 3034 1239 3088 oratione
1281 3033 1471 3105 aliqua
1502 3031 1637 3087 κατὰ

120 3110 413 3173 Πολυεύκτου
441 3116 749 3191 desumpta
773 3136 886 3173 esse
910 3118 1270 3179 dicuntur....
1356 3120 1472 3175 Etsi
1498 3136 1635 3175 vero

120 3203 367 3259 orationes
384 3206 633 3279 primam
662 3214 719 3261 et
746 3206 1051 3262 secundam
1079 3219 1278 3264 contra
1298 3225 1477 3263 unum
1495 3224 1636 3263 eun·

118 3286 324 3364 demque
366 3294 661 3349 hominem
708 3296 943 3368 scriptas
992 3314 1109 3351 esse
1159 3294 1473 3371 fragmenta
1514 3296 1637 3369 ipsa

116 3374 339 3433 videntur
364 3381 776 3455 comprobare,
816 3392 1003 3436 tamen
1042 3401 1230 3456 neque
1274 3383 1385 3438 hoc
1417 3391 1637 3438 certum

116 3472 197 3531 αἱ,
218 3484 389 3540 neque
412 3470 545 3541 quis
572 3468 668 3525 ille
698 3469 1039 3543 Polyeuctus
1068 3470 1259 3529 fuerit.
1328 3470 1471 3525 Nam
1494 3487 1637 3543 prae-

118 3560 185 3603 ter
208 3554 507 3625 Sphettium
564 3555 760 3627 illum,
790 3560 1187 3614 Demosthenis
1228 3559 1473 3615 amicum
1515 3554 1633 3615 cla·

117 3638 391 3712 tissimum,
432 3656 557 3700 tum
602 3646 925 3719 complures
968 3648 1231 3703 homines
1270 3646 1639 3721 cognomines

116 3726 311 3784 Athenis
333 3732 533 3788 vixisse
560 3750 733 3806 supra
760 3733 1021 3793 vidimus.
1060 3757 1087 3782 ι·
1120 3735 1415 3791 Smenos.

290 3894 325 3941 Ι.
356 3888 610 3943 CONTRA
640 3893 1067 3945 POLYEUCTUM
1099 3895 1423 3946 PROBATIO.

862 4020 905 4063 ¹.

164 4101 501 4169 Ἕκαιτροκέλης
516 4143 532 4168 ,
568 4121 799 4171 myoparo
836 4109 1089 4173 piraticus,
1115 4110 1243 4174 apud
1278 4112 1553 4162 AEscliinem
1583 4112 1635 4161 in

116 4174 213 4249 esst.
248 4182 403 4227 contra
426 4180 741 4229 Timarchum
774 4180 833 4243 (S
864 4181 999 4244 191).
1026 4184 1116 4231 Est
1150 4194 1265 4232 vero
1284 4184 1469 4244 species
1495 4183 1633 4232 navi-

114 4241 191 4301 gni,
229 4250 515 4298 structuram
556 4248 741 4300 habena
770 4252 1095 4311 compositam
1124 4264 1187 4301 ex
1212 4253 1451 4314 epactride
1476 4255 1525 4301 et
1550 4265 1630 4303 ce·

116 4308 211 4359 ¹⁰oe.
236 4317 295 4363 ut
324 4318 591 4377 plurimum
620 4324 727 4371 erat
757 4320 1028 4384 piraticum,
1052 4325 1109 4371 ut
1144 4322 1418 4372 Dinarchus
1440 4336 1633 4387 quoque

116 4384 279 4434 testatur
298 4386 341 4435 in
365 4389 647 4450 probatione
671 4392 841 4441 contra
866 4390 1199 4454 polyeuctum.

840 4489 869 4533 2

163 4558 531 4629 Ἁρχιιρεσιάζειν,
567 4568 625 4619 ad
650 4570 983 4633 magistratum
1020 4573 1246 4636 aspirare.
1276 4572 1547 4624 Dinarchus
1580 4575 1631 4623 iu

116 4633 210 4678 ont.
229 4638 378 4686 contu
406 4640 743 4701 polyeuctum.

822 4732 871 4777 3.

162 4806 397 4885 tiit-arelius
421 4812 471 4860 in
501 4824 579 4861 or.
605 4818 773 4863 contra
797 4816 1115 4878 polyeuctum
1140 4831 1153 4865 ε
1187 4836 1213 4861 «ι
1243 4818 1347 4867 Viri
1373 4822 1423 4869 et
1446 4828 1629 4870 merce·

76 4902 89 4921 ·
118 4884 209 4923 mm
226 4880 365 4941 etqui
386 4882 625 4933 vilissima
644 4896 855 4947 quaeque
874 4886 1079 4937 crimina
1102 4888 1425 4941 commiserit„
1449 4910 1476 4933 υ

830 4975 879 5023 4.

140 5124 146 5131 η
170 5059 249 5108 Nec
262 5065 475 5123 pauciora
499 5067 647 5117 etiam
666 5070 1023 5121 Demosthenici
1041 5072 1351 5137 characteris,
1375 5087 1519 5136 quem
1549 5089 1629 5137 po·

120 5124 319 5181 luti-um
342 5136 608 5187 Dinarchus
634 5138 834 5189 scitatus
851 5144 926 5191 est
942 5178 958 5203 ,
978 5142 1257 5193 imitationis
1278 5145 1497 5207 exempla
1515 5160 1628 5209 pro-

3176 459 3294 513 ⁴33

2497 599 2543 636 1.

1818 668 2203 741 Harpocratio
2261 688 2273 722 :
2320 664 2904 744 Ἐπακτροκέλης·
2941 666 3199 745 Αἰσχίνης
3242 670 3296 727 ἐν

1736 754 1811 831 τῷ
1840 752 1978 811 κατὰ
2018 753 2319 832 Τιμάρχου.
2408 740 2562 819 Εἶδος
2607 754 2656 809 δ’
2697 752 2808 811 luri
2836 752 3023 813 πλοίου
3053 754 3293 816 σύνθετον

1736 840 1857 951 ἔχον
1899 839 1995 910 τὴν
2032 839 2362 911 κατασκευὴν
2411 838 2473 898 ἔκ
2499 863 2558 899 τε
2587 840 2897 921 ἐπακτρίδος
2939 841 3030 900 καὶ
3061 844 3295 915 κέλητος.

1762 930 1847 987 Ην
1878 925 1935 987 δὲ
1955 930 2026 995 ὣς
2049 927 2244 987 ἐπίπαν
2268 927 2550 1008 λῃστρικόν
2570 970 2587 1000 ,
2617 932 2690 995 ὣς
2718 928 2810 986 καὶ
2833 928 3120 1009 Δείναρχος
3150 934 3203 990 ἐν
3227 938 3294 1013 τῇ

1736 1016 1872 1075 κατὰ
1902 1015 2236 1076 Πολυεύκτου
2265 1015 2566 1095 δοκιμασίᾳ.

2489 1125 2546 1164 2.

1812 1189 1974 1247 ldem
2005 1209 2018 1244 ι
2049 1186 2146 1267 ’Δρ
2163 1192 2484 1269 χαιρεσιά
2501 1194 2636 1259 ζειν
2656 1190 2718 1251 τὸ
2743 1191 2914 1259 ἀξιοῦν
2937 1195 3120 1254 ἑαυτὸν
3141 1198 3292 1277 αἱρε-

1735 1278 1885 1346 θῆναι
1915 1274 2146 1355 ἄρχοντα
2181 1278 2468 1360 Δείναρχος
2495 1282 2549 1337 ἐν
2565 1283 2642 1361 τῷ
2670 1280 2808 1340 κατὰ
2838 1280 3191 1344 Πολυεύκτου.

1812 1455 2131 1511 Priscianus
2165 1454 2390 1525 xvlu,
2431 1456 2505 1513 23
2535 1475 2596 1531 p.
2651 1456 2764 1531 189
2801 1456 2904 1519 Kr.
2957 1476 2974 1511 ε
3003 1454 3292 1536 Ἐγκύκλια

1736 1544 1920 1599 Groece'
1941 1556 1998 1598 et
2015 1546 2088 1599 de
2099 1546 2486 1619 probabilibus
2503 1558 2560 1600 et
2575 1547 2870 1603 vilissimis
2893 1546 3058 1603 rebus
3076 1551 3290 1605 dicunt.

1732 1630 2015 1710 Δείναρχος
2043 1632 2096 1690 ἐν
2130 1636 2208 1712 τῷ
2245 1629 2382 1691 κατὰ
2413 1630 2748 1693 Πολυεύκτου
2766 1655 2782 1669 ·
2821 1660 2850 1686 ι
2888 1632 3163 1716 ἀνθρώπου
3200 1636 3292 1695 καὶ

1734 1725 2002 1795 μισθωτοῦ
2041 1720 2134 1778 καὶ
2171 1721 2347 1778 πάντα
2375 1718 2442 1777 τὰ
2474 1718 2728 1799 ἐγκύκλια
2771 1721 3072 1799 ἀδικήματα
3097 1722 3296 1795 ἠδικη-

1732 1804 1899 1873 κότος.
1929 1834 1954 1857 ιι

1810 1976 2118 2049 Dionysius
2165 1987 2208 2032 t.
2257 1978 2330 2045 V,
2371 1994 2427 2050 p.
2467 1975 2586 2045 640
2619 1978 2670 2033 R
2711 1996 2724 2032 :
2772 1976 2853 2035 Οὐ
2883 1974 2988 2053 μὴν
3034 1974 3172 2035 ἀλλὰ
3199 1978 3292 2035 καὶ

1730 2065 1821 2119 τοῦ
1847 2064 2235 2134 Δημοσθενικοῦ
2256 2064 2618 2141 χαρακτῆρος,
2639 2060 2696 2120 ὃν
2717 2061 2950 2139 μάλιστα
2966 2063 3286 2141 ἐμιμήσατο,

1732 2146 1865 2203 πολὺ
1906 2147 2076 2207 πλείω
2121 2147 2244 2229 (sc.
2295 2148 2738 2227 παραδείγματα)
2771 2150 2966 2207 δύναιτ’
3019 2150 3081 2209 ἄν
3111 2172 3192 2217 τις
3221 2153 3294 2211 εί·-

1732 2235 1849 2293 πεῖν
1868 2280 1883 2307 ,
1904 2238 1976 2301 ὣς
2002 2233 2094 2294 καὶ
2119 2236 2174 2293 ἐν
2201 2236 2278 2316 τῷ
2313 2232 2452 2293 κατὰ
2497 2235 2857 2295 Πολυεύκτου·
2891 2236 3294 2317 προοιμιάζεται

1732 2319 1837 2402 γὰρ
1864 2321 2056 2398 ὁμοίως
2076 2321 2256 2403 ἐκείνῳ
2274 2321 2368 2381 καὶ
2387 2323 2456 2380 δι’
2484 2322 2605 2382 ὅλου
2626 2328 2716 2383 τοῦ
2737 2322 2894 2403 λόγου
2922 2324 3292 2407 παραπλήσιος

1734 2408 2049 2488 μεμένηκεν.
2432 2434 2439 2443 ·

1728 2549 1802 2611 ll.
1852 2550 2051 2609 ΚΑΤΑ
2093 2548 2616 2609 ΠΟΔΥΕΥΚΤΟΥ
2653 2549 3280 2611 ΕΚΦΥΛΛΟΦΟΡΗ-

2136 2636 2450 2698 ΘΕΝΤΟΣ
2491 2635 2873 2698 ΕΝΔΕΙΞΙΣ.

2484 2758 2540 2817 5.

1815 2849 2195 2921 Harpocratio
2237 2867 2250 2902 τ
2287 2844 2530 2925 Δώρων
2559 2846 2761 2925 γραφή·
2807 2845 2964 2905 ὁπότε
3012 2868 3090 2913 τις
3117 2846 3292 2907 αἰτίαν

1729 2932 1840 3012 ἔχοι
1881 2936 1987 2991 τῶν
2035 2931 2444 3008 πολιτευομένων
2475 2932 2618 3010 δῶρα
2662 2933 2842 2992 λαὸεἶν
2862 2978 2880 3009 ,
2927 2932 2988 2991 τὸ
3044 2932 3290 3013 ἔγκλημα

1727 3023 1787 3081 τὸ
1818 3020 1944 3080 κατ’
1971 3024 2126 3081 αὗτοῦ
2149 3022 2307 3100 διχῶς
2333 3018 2540 3097 ixi-{rto
2556 3066 2574 3095 ‚
2601 3021 2888 3100 δωροδοκία
2915 3045 2974 3100 τε
2996 3022 3087 3081 καὶ
3111 3021 3290 3103 δώρων

1727 3108 1932 3189 γραφή.
2015 3108 2300 3189 Δείναρχος
2349 3098 2436 3167 οὗν
2491 3108 2646 3187 λόγον
2697 3106 2792 3187 μίν
2844 3133 2961 3169 τινα
3021 3110 3290 3195 ἐπέγραψε

1732 3193 1871 3255 κατὰ
1900 3195 2234 3258 Πολυεύκτου
2267 3196 2616 3277 δωροδοκίας,
2641 3200 2694 3257 ἔν
2736 3196 2791 3257 δὲ
2817 3200 2896 3276 τῷ
2921 3196 3060 3257 κατὰ
3085 3199 3293 3260 Πυθίου

1734 3282 1899 3355 ξενίας
1938 3283 2196 3351 πολλάκις
2224 3285 2471 3363 ὀνομάζει
2497 3284 2595 3357 τὴν
2635 3286 2739 3343 τῶν
2771 3284 2951 3365 δώρων
2981 3287 3212 3368 γραφήν.

1809 3464 1971 3520 Idem
2004 3480 2021 3515 ε
2057 3459 2741 3541 Ἐκφυλλοφορῆσαι.
2781 3463 2850 3521 Et
2882 3460 3047 3521 ἐδόκει
3081 3486 3160 3531 τις
3183 3466 3288 3523 ὧν

1734 3550 2024 3629 βουλευτῶν
2063 3548 2261 3607 ἀδικεῖν
2288 3592 2306 3623 ,
2343 3546 2673 3627 διεψηφίζετο
2712 3552 2746 3619 ἡ
2779 3548 2941 3628 βουλὴ
2974 3546 3095 3628 περὶ
3132 3553 3290 3613 αὐτοῦ

1730 3638 1777 3696 εἰ
1815 3636 1922 3718 χρὴ
1953 3634 2109 3695 αὐτὸν
2141 3633 2332 3713 μηκέτι
2365 3634 2628 3715 βουλεύειν
2650 3657 2664 3671 ·
2695 3634 2814 3696 ἀντὶ
2851 3635 2906 3695 δὲ
2944 3636 3132 3719 ψήφων
3161 3638 3294 3720 φύλ-

1728 3728 1837 3793 λοις
1864 3727 2125 3805 ἐχρῶντο,
2149 3722 2214 3781 δι’
2241 3714 2316 3783 ὦν
2359 3722 2576 3789 ἕκαστος
2599 3722 2983 3799 ἔπεσημαίνετο
3004 3724 3110 3797 τὴν.
3130 3730 3294 3787 αὑτοῦ

1720 3888 1933 3947 Eadem,
1960 3900 2056 3949 qua
2079 3886 2184 3947 ille,
2217 3886 2402 3936 ratione
2422 3887 2690 3951 exorditur,
2717 3890 2768 3939 et
2789 3890 2838 3939 iu
2861 3890 3290 3943 univer-scotatio-

1720 3960 1795 4007 nis
1819 3958 2048 4008 contextu
2071 3955 2326 4020 persimilis
2349 3958 2450 4011 ost,

1762 4062 1821 4111 n.
1860 4062 2119 4113 CONTRA
2155 4060 2590 4111 pommucwu
2622 4064 2662 4115 Ε
2693 4062 2932 4115 ΕΕΝΔΤΗ
2963 4066 3256 4119 Ε-ῙΕΟἸἬΜ

2283 4130 2729 4182 DENUNTIATIO.

1784 4304 1962 4368 Δώρων
1984 4302 2152 4365 γραφή.
2177 4302 2228 4351 Si
2245 4302 2355 4364 quis
2373 4315 2430 4352 ex
2455 4304 2517 4353 iis
2544 4304 2628 4366 qui
2659 4305 2708 4353 in
2729 4304 3146 4359 administratione
3169 4310 3295 4373 reip.

1720 4377 2044 4431 versarentur,
2081 4378 2336 4435 captorum
2369 4386 2624 4425 munuum
2643 4375 2952 4427 insimulatus
2987 4385 3142 4441 essct,
3162 4383 3292 4430 actio

1720 4448 1889 4493 contra
1912 4456 2026 4494 cum
2065 4442 2408 4493 instituebatur
2429 4458 2544 4507 quai
2569 4445 2750 4507 duplici
2791 4446 2986 4497 nomine
3022 4449 3292 4511 appellaba·

1720 4517 1818 4574 tur,
1848 4514 1949 4563 sive
1975 4512 2242 4577 δωροδοκία
2277 4513 2391 4564 sive
2413 4516 2576 4579 δώρων
2611 4516 2782 4579 γραφή.
2814 4518 2984 4578 ltaque
3017 4520 3294 4571 Dinarchus

1721 4582 2234 4646 quaridaminscripsit
2255 4584 2522 4635 orationem
2549 4590 2716 4635 contra
2749 4585 3063 4647 polyeuctum
3083 4590 3292 4652 δωροδο,

1718 4656 1841 4712 κίας.
1868 4654 1963 4704 Sed
1989 4655 2040 4703 in
2062 4666 2120 4703 ca
2141 4666 2253 4716 quas
2287 4662 2360 4703 cst
2381 4660 2550 4705 contra
2573 4656 2806 4719 pytheam
2833 4655 2896 4705 dc
2925 4660 3300 4725 peregrinitate,

1719 4725 1924 4776 subinde
1943 4728 2084 4774 vocat
2099 4725 2304 4783 τὴντῶν
2329 4726 2492 4791 δώρων
2509 4728 2712 4791 γραφήν..

1779 4864 2212 4929 Ἕκφυλλοφορῆσαι
2231 4903 2246 4927 ,
2273 4868 2446 4917 senatu
2468 4868 2545 4917 vel
2569 4866 2736 4916 ordine
2757 4878 2969 4917 movere.
2997 4867 3047 4917 sl
3076 4869 3187 4931 quis
3214 4882 3288 4919 se·

1718 4936 1942 4984 natorum
1971 4940 2135 4985 contra
2160 4936 2240 4998 ius
2269 4937 2434 5000 fasque
2455 4950 2598 4999 agera
2613 4936 2875 4999 videretur,
2893 4942 3088 4988 senatus
3109 4940 3286 5003 disqui-

1716 5006 1879 5067 rebat,
1914 5019 1978 5055 an
2003 5007 2209 5056 concilio
2245 5008 2518 5057 monendus
2547 5010 2703 5069 esset,
2733 5020 2898 5058 necne.
2961 5010 3056 5058 pro
3082 5009 3286 5061 calculis

1717 5078 1877 5126 autem
1910 5078 2038 5127 toliis
2053 5078 2280 5127 arborum
2297 5078 2578 5138 utebantur,
2601 5078 2776 5140 quibus
2791 5092 2931 5133 suam
2946 5080 3152 5147 quisquo
3171 5094 3285 5131 sen·

1716 5148 1916 5198 tentiam
1942 5148 2241 5210 significavit.
2274 5149 2544 5200 Dinarchus
2562 5150 2610 5199 in
2626 5150 2750 5199 orat.
2780 5154 2947 5201 contra
2970 5151 3282 5216 polyeuctum

122 5196 257 5249 duwe
282 5204 383 5265 quis
408 5210 582 5270 queat,
608 5214 662 5259 ut
688 5208 737 5260 in
776 5212 991 5264 oratione
1022 5213 1254 5265 adversus
1288 5216 1621 5279 polyeuctum.
1720 5232 1757 5271 a
1775 5222 1944 5271 senatu
1973 5218 2196 5282 eiectum.
