3825 5834
492 477 600 526 ¹⁵2

485 593 695 650 ἐκείνων
714 590 851 662 ἴσας,
870 588 961 656 τὰς
985 589 1219 666 μέντοιγε
1245 586 1371 668 πρὸς
1385 587 1501 654 τοὺς
1520 586 1779 663 πολέμους
1799 585 2040 667 ἀφορμὰς

484 683 583 758 οὐχ
600 678 781 756 ὁμοίας
806 678 1033 758 ἔχουσιν.
1122 675 1271 736 Ἐπεὶ
1296 675 1527 734 δότωσαν
1556 674 1652 751 μὲν
1674 679 1804 753 ἡμῖν
1828 696 2026 753 τριακο-

484 766 599 833 σίας
616 765 839 846 τριήρεις
862 767 910 822 οἱ
938 763 1003 822 τὰ
1031 769 1123 836 τῆς
1158 763 1415 830 Ἑλλάδος
1441 761 1559 830 ἄξια
1584 762 1865 842 γράφοντες
1886 761 2034 838 ἡμῖν,

484 855 715 913 δότωσαν
752 851 807 911 δὲ
829 850 1111 933 τρισμύρια
1154 851 1387 910 τάλαντα
1426 849 1673 928 ἀργυρίου
1700 847 1791 907 καὶ
1820 846 2037 930 χρυσίου

426 954 449 990 5
484 941 714 1022 ἀπέφθου
758 941 1019 1020 δισχίλια,
1064 938 1298 998 δότωσαν
1333 935 1387 995 δὲ
1427 938 1623 1018 ἀνδρῶν
1674 939 1727 995 ἐν
1772 935 1879 1013 ἥὸῃ
1908 934 2036 994 νέων

482 1035 701 1088 τοσοῦτο
724 1030 947 1099 πλῆθος,
988 1027 1089 1098 ἤδη
1135 1025 1579 1104 γεγυμνασμένων
1626 1029 1679 1084 ἔν
1718 1022 1918 1089 ὅπλοις·
1948 1022 2038 1080 καὶ

484 1115 675 1191 μηκέτι
710 1114 1231 1192 συμὸουλευέτωσαν.
1326 1115 1391 1190 (a)
1424 1112 1589 1172 Αὐτοὶ
1626 1111 1729 1192 γὰρ
1764 1109 2039 1187 εἰδήσομεν

484 1204 517 1261 ἃ
546 1203 651 1282 χρὴ
672 1203 941 1282 πράττειν,
974 1201 1254 1278 δυνάμενοι
1283 1197 1349 1257 τὰ
1376 1199 1595 1268 δόξαντα
1614 1199 1877 1278 πράττειν,
1902 1193 2036 1271 μηδὲ

484 1293 887 1372 ῥαψῳδείτωσαν
908 1290 1081 1367 μάτην
1101 1291 1427 1354 ἐπαινοῦντες
1445 1289 1597 1362 ἡμῶν
1618 1283 1733 1352 τοὺς
1760 1283 2040 1364 προγόνους

409 1399 457 1436 ιο
486 1404 540 1438 τε
563 1379 651 1436 καὶ
679 1378 774 1450 τὴν
790 1377 993 1459 χώραν,
1017 1375 1095 1435 ὅτι
1120 1374 1355 1455 ἐγένοντο
1375 1379 1426 1434 ἐν
1452 1377 1582 1454 αὐτῇ
1602 1373 1691 1433 καὶ
1707 1371 1837 1451 ὑπὲρ
1858 1374 2037 1445 αὐτῆς,

483 1465 799 1542 εἰσεγένοντο
826 1467 881 1523 ἕν
908 1467 1041 1542 αὐτῇ
1064 1466 1112 1522 οἱ
1138 1461 1260 1522 θεοί.
1350 1462 1505 1522 Ἐπεὶ
1526 1462 1750 1520 πύθεσθε
1780 1462 1968 1530 αὐτῶν,
1987 1459 2040 1516 τί

484 1557 534 1612 ἐν
579 1557 645 1632 τῇ
680 1550 803 1631 περὶ
840 1549 1165 1631 Χαιρώνειαν
1207 1550 1355 1628 μάχῃ
1397 1549 1489 1620 τὴν
1528 1549 1681 1609 πόλιν
1722 1545 1895 1619 ὤνησε
1935 1548 2038 1604 τῶν

483 1639 787 1713 Ἀθηναίων,
806 1635 885 1696 ὅτι
906 1635 1063 1718 Ἄρης
1083 1639 1211 1719 πρὸς
1238 1639 1545 1698 Ποσειδῶνα
1570 1635 1699 1714 ὑπὲρ
1724 1633 2038 1714 Ἁλιρροθίου

485 1731 537 1786 ἐν
570 1729 750 1808 Ἀρείῳ
774 1728 931 1806 πάγῳ
956 1726 1165 1807 ἐκρίθη;
1197 1729 1258 1805 (ο)
1281 1726 1400 1784 ἀλλ’
1438 1727 1488 1783 εἰ
1526 1727 1653 1807 πρὸς
1682 1723 2038 1801 Ἀντίπατρον,

408 1833 453 1870 ts
482 1816 515 1888 ἢ
547 1814 685 1882 ὅστις
710 1815 867 1880 ἄλλος
896 1813 1217 1874 Μακεδόνων
1246 1810 1507 1891 βασιλεύς,
1537 1811 1705 1871 ἱκανοί
1723 1815 1881 1887 ἐσμεν
1899 1812 2038 1886 ἄγω·-

480 1905 749 1973 νίσασθαι,
780 1908 931 1961 τοῦτο
952 1901 1057 1982 χρὴ
1078 1905 1313 1962 σκοπεῖν.
1347 1901 1464 1961 Κᾶν
1484 1900 1652 1958 ἱκανοὶ
1670 1889 1835 1976 ὦμεν,
1867 1899 2038 1974 ἀγαθῇ

482 1991 618 2069 τύχῃ
650 1990 999 2056 ἀναλαὸόντες
1043 1991 1107 2047 τὰ
1150 1987 1289 2048 ὅπλα
1319 1986 1505 2054 εὐθέως
1542 1989 1897 2066 ἐλευθερῶμεν
1925 1980 2038 2048 τοὺς

480 2080 774 2149 Ἕλληνας·
804 2081 851 2136 εἷ
876 2077 931 2136 δὲ
956 2076 1139 2136 τούτου
1170 2077 1265 2154 μὲν
1300 2074 1711 2156 ὀλιγωρήσομεν,
1748 2071 2036 2132 κολακευό-

483 2191 626 2244 μενοι
660 2167 717 2226 δὲ
744 2164 1079 2242 ἡσθησόμεθα
1096 2210 1115 2240 ,
1137 2168 1247 2230 πῶς
1272 2165 1331 2222 οὗ
1360 2161 1495 2238 μετὰ
1533 2169 1619 2220 τοῦ
1645 2162 1810 2220 δοκεῖν
1840 2163 2038 2226 ἑαυτοῖς

403 2281 457 2320 20
483 2257 639 2317 αἴτιοι
670 2257 935 2334 γεγονέναι
968 2259 1070 2314 τῶν
1096 2258 1393 2334 συμφορῶν,
1416 2252 1444 2311 ὃ
1468 2252 1622 2330 μόνον
1647 2251 1763 2312 οὐδὲ
1788 2273 2037 2328 παραμυ-

482 2345 595 2404 θίαν
614 2343 723 2424 ἔχει
738 2351 843 2410 τοῖς
857 2347 1029 2410 κακῶς
1046 2341 1375 2420 πράττουσιν,
1389 2339 1721 2420 ἀτυχήσομεν
1740 2360 1757 2413 ;
1778 2339 1869 2419 (ιο)
1880 2334 2040 2399 Ἔστι

484 2431 537 2491 δὲ
567 2432 657 2490 καὶ
685 2431 883 2497 πόλεως
908 2430 998 2488 καὶ
1023 2428 1202 2507 ἀνδρὸς
1227 2419 1283 2486 εὖ
1301 2432 1601 2509 φρονοῦντος
1625 2426 1769 2506 ἔργον
1798 2423 1927 2505 πρὸς
1948 2423 2041 2490 τὰς

482 2518 748 2599 παρούσας
776 2516 1013 2597 ἀφορμὰς
1043 2513 1174 2596 ὑπὲρ
1198 2518 1300 2573 τῶν
1322 2515 1596 2594 παρόντων
1627 2512 2038 2592 βουλεύσασθαι·

486 2606 615 2666 τὸδὲ
634 2605 725 2675 τὴν
746 2603 839 2682 μὲν
860 2605 1059 2680 τόλμαν
1084 2605 1156 2668 εἷς
1176 2600 1242 2658 τὰ
1268 2601 1559 2681 πράγματα
1578 2647 1595 2678 ,
1619 2593 1694 2666 οἷς
1712 2603 2039 2678 ἐπιχειρεῖτε,

405 2717 458 2756 25
488 2697 547 2753 ἐκ
572 2696 664 2764 τῆς
687 2691 907 2772 πρόσθεν
934 2687 1111 2769 ἰσχύος
1139 2688 1302 2768 ἔχειν,
1334 2689 1429 2760 τὴν
1458 2689 1513 2746 δὲ
1540 2687 1692 2767 ἰσχὺν
1715 2688 1883 2745 πάλαι
1924 2685 2039 2744 ποτ’

485 2778 763 2860 ἐσχηκέναι
796 2777 1055 2856 μεγάλην,
1078 2775 1235 2854 ὅμοιά
1257 2800 1314 2855 γε
1344 2775 1584 2856 φαίνεται
1605 2773 1783 2855 ὥσπερ
1812 2772 1873 2832 ἂν
1893 2773 1944 2832 εἴ
1966 2797 2041 2839 τις

486 2867 813 2943 Ὀλυμπίασι
837 2865 1089 2931 πολλάκις
1110 2863 1356 2935 νικήσας,
1377 2862 1591 2942 ’ὕστερον
1620 2863 1783 2941 γέρων
1810 2861 1881 2920 ὢν
1908 2865 2043 2919 ἀπο-

486 2956 736 3037 γράφοιτο
765 2953 841 3012 ἔτι
865 2953 956 3010 καὶ
983 2952 1295 3032 προκαλοῖτο
1321 2950 1443 3018 τοὺς
1470 2951 1780 3017 ἀντιπάλους
1796 2995 1814 3027 ,
1844 2952 2040 3027 ἀναμι-

490 3043 846 3120 μνῃσκόμενος
873 3033 935 3111 ἧς
959 3039 1209 3118 ἔσχηκεν,
1232 3040 1289 3097 οὔ
1317 3043 1410 3110 τῆς
1433 3036 1730 3119 παρούσης,
1755 3037 2040 3114 δυνάμεως.

410 3150 461 3187 ου
494 3135 585 3209 (ιι)
612 3127 779 3198 Ἄξιον
805 3127 859 3186 δὲ
889 3127 979 3186 καὶ
1010 3127 1043 3184 ἃ
1072 3125 1239 3202 λέγειν
1266 3125 1452 3193 αὐτοὺς
1477 3126 1805 3202 πυνθάνομαι
1826 3125 2042 3201 λογίσα-

490 3224 609 3276 σθαι
631 3220 743 3292 μεθ’
768 3219 933 3294 ὑμῶν,
952 3219 1021 3280 ὡς
1043 3212 1199 3271 καινὰ
1217 3213 1305 3271 καὶ
1328 3213 1625 3288 θαυμαστὸν
1642 3212 1761 3272 ὅσον
1782 3215 1852 3278 εἰς
1867 3212 1901 3268 ἃ
1923 3210 2042 3290 βού-

489 3308 667 3364 λονται
712 3307 777 3382 τῇ
827 3300 1013 3382 πράξει
1053 3299 1331 3359 συλλαὸεῖν
1385 3300 1671 3378 δυνάμενα.
1766 3300 2047 3360 ψάσκουσι

492 3393 594 3472 γὰρ
616 3393 720 3450 δεῖν
747 3395 883 3467 ὑμᾶς
908 3390 1165 3466 ὁμονοεῖν,
1196 3387 1378 3469 ὥσπερ
1402 3393 1537 3465 ὑμᾶς
1557 3390 1647 3448 οὐκ
1670 3385 2045 3462 ἐπισταμένους

491 3482 571 3538 ὅτι
588 3485 737 3540 τοῦτο
763 3477 857 3555 μὲν
884 3477 1030 3557 πάσῃ
1055 3475 1233 3550 πόλει,
1260 3477 1351 3535 καὶ
1374 3479 1621 3554 πολεμεῖν
1654 3478 1742 3535 καὶ
1770 3474 2043 3554 εἰρηνεύειν

416 3595 467 3632 :is
498 3565 815 3648 βουλομένῃ,
873 3563 1150 3646 κράτιστόν
1193 3567 1351 3624 ἐστιν.
1448 3568 1538 3643 (12)
1576 3568 1672 3624 Δεῖ
1706 3563 1761 3621 δὲ
1800 3565 1857 3620 οὐ
1894 3568 2046 3620 τοῦτο

493 3665 728 3728 σκοπεῖν,
773 3657 818 3713 εἰ
860 3653 1169 3732 ὃμονοητέον
1214 3656 1531 3731 πολεμοῦσιν
1548 3676 1563 3690 ·
1606 3651 1915 3730 ὁμονοητέον
1945 3649 2046 3729 γὰρ

492 3745 583 3802 καὶ
605 3745 895 3819 πολεμοῦσι
915 3741 1006 3802 καὶ
1041 3741 1115 3819 μὴ
1143 3742 1333 3810 παντὸς
1358 3740 1535 3800 ἕνεκα·
1566 3740 1681 3799 ἀλλ’
1711 3741 1757 3798 εἰ
1788 3738 2046 3818 βουλομέ-

494 3855 594 3900 νοις
614 3831 861 3906 πολεμεῖν
891 3831 981 3888 καὶ
1007 3834 1269 3906 ὁμονοεῖν,
1294 3834 1365 3896 ὥς
1390 3831 1543 3907 ἴσμεν
1570 3829 1822 3900 ἅπαντες,
1852 3826 2044 3907 αὐτάρ·

493 3942 590 3990 κης
624 3918 763 3978 ἐστὶν
797 3923 831 3989 ἡ
860 3917 1092 3995 δύναμις.
1176 3917 1323 3984 “Eme
1362 3920 1408 3976 δ’
1446 3917 1508 3976 ἂν
1547 3917 1681 3996 μήτε
1712 3915 2048 3996 συστρατείας

430 4035 481 4069 ιιι
494 4009 841 4084 πολεμοῦντες
867 4005 1093 4084 ἔχωμεν,
1116 4005 1248 4084 μήτε
1276 4007 1566 4085 χρημάτων
1592 4005 1779 4087 πόρους
1802 4003 2050 4064 δεικνύω-

498 4115 597 4166 σιν,
640 4091 776 4152 ἀλλὰ
817 4091 912 4161 τὴν
953 4092 1168 4164 Ἀθηνᾶν
1221 4092 1403 4171 ἔγγυον
1448 4095 1627 4152 διδῶσι
1662 4098 1753 4151 τοῦ
1782 4091 2014 4168 πολέμου
2032 4136 2047 4161 ,

498 4179 661 4253 μηδὲν
689 4177 945 4260 διαφέρειν
971 4180 1154 4248 αὐτοὺς
1180 4181 1368 4240 αὐτίκα
1394 4181 1707 4258 νομίζωμεν.
1796 4183 1881 4260 (ιτς)
1910 4179 2048 4238 Ἀλλ’

496 4271 689 4327 ἐκεῖνον
723 4265 842 4343 μέν,
870 4263 1049 4346 ὥσπερ
1077 4259 1139 4338 ἦν
1181 4267 1317 4335 ἄξιος
1356 4265 1641 4348 παραπλὴξ
1684 4265 1779 4336 τὴν
1820 4266 2050 4324 διάνοιαν

496 4351 587 4428 ὤν,
610 4352 933 4412 κατελύσατε
954 4353 1163 4420 εἰκότως
1176 4377 1189 4392 ·
1218 4354 1416 4422 τούτοις
1434 4353 1489 4412 δὲ
1510 4352 1869 4432 ἅποχρησάτω
1889 4351 2050 4428 μηδὲν

428 4461 479 4499 ιο
498 4443 681 4500 παθεῖν
724 4439 883 4500 κακὸν
922 4442 1243 4522 παραδόξους
1274 4442 1457 4520 λόγους
1492 4443 1749 4516 μελετῶσι
1790 4440 1879 4498 καὶ
1919 4439 2052 4515 μηδὲ

495 4529 737 4610 λείψανον
766 4531 917 4587 ἐῶσιν
946 4533 1068 4605 ὑμῖν
1090 4553 1141 4587 τι
1158 4533 1259 4588 τῶν
1280 4530 1629 4608 πραγμάτων,
1658 4527 1793 4586 ἀλλὰ
1814 4527 1905 4584 καὶ
1932 4526 2050 4584 τού·

500 4641 603 4676 των
626 4623 869 4698 φθονοῦσι
908 4619 1151 4694 πράττειν
1182 4617 1217 4674 ἃ
1244 4618 1323 4674 δεῖ
1364 4615 1722 4694 βουλομένοις,
1765 4613 1861 4680 ἕως
1889 4613 1954 4672 ἂν
1995 4615 2054 4672 τὸ

499 4705 754 4778 Βηὸαίων
794 4703 1204 4762 πολιτεύσωνται
1232 4701 1553 4778 πολίτευμα,
1590 4699 1883 4776 μηλόὸοτον
1908 4703 2054 4776 ὑμῶν

499 4790 738 4867 γενέσθαι
755 4789 849 4860 τὴν
872 4789 1053 4868 χώραν
1076 4788 1167 4847 καὶ
1187 4793 1591 4868 κατασκαφῆναι
1611 4786 1707 4858 τὴν
1725 4787 1876 4845 πόλιν
1896 4791 2055 4864 ἀναγ-

439 4876 775 4944 οοκάσαντες.
860 4878 943 4935 Οὐ
984 4874 1119 4955 γάρ,
1168 4875 1214 4932 εἰ
1254 4878 1426 4940 κακῶς
1465 4873 1576 4951 ἔχει
1614 4873 1683 4930 τὰ
1731 4874 2018 4953 πράγματα
2039 4917 2054 4944 ,

510 4965 592 5024 διὰ
617 4969 767 5025 τοῦτο
794 4962 977 5042 μῃδέν,
1004 4961 1143 5028 ὅπως
1168 4960 1241 5038 μὴ
1266 4962 1439 5043 χεῖρον
1470 4960 1569 5028 ἔξει
1586 5007 1601 5038 ,
1625 4959 1973 5040 φροντιστέον.

1614 449 2504 534 [ΑιΣΧιΝοΥηιιιΣτοΛΑι.

3357 451 3660 530 (ωε-Μ)

2126 592 2273 642 rende
2307 592 2436 642 bella
2467 589 2736 640 facultates.
2773 594 2896 640 Nam
2925 590 3010 653 qui
3031 589 3222 639 Graecia
3257 589 3402 651 dim
3439 591 3663 653 scribunt,

2125 687 2274 736 danto
2297 685 2434 734 vobis
2455 686 2692 735 trecentas
2715 686 2961 736 triremes:
2983 685 3134 734 danto
3155 685 3348 748 triginta
3372 687 3516 736 miliia
3541 688 3666 738 islen-

2125 782 2230 828 tnm
2250 779 2451 841 argenti,
2471 780 2522 828 et
2554 779 2660 828 auri
2683 779 2788 841 puri
2825 779 2930 841 puti
2961 779 3054 828 tria
3079 779 3228 828 millia
3253 799 3264 829 z
3287 779 3440 830 danto
3469 783 3664 830 virorum

2124 876 2270 923 estate
2283 876 2334 923 et
2349 874 2521 922 robore
2539 872 2814 922 florentium
2839 875 3022 922 tentam
3051 873 3414 924 multitudinem
3428 911 3443 936 ,
3463 877 3512 925 in
3533 877 3666 925 armis

2123 966 2222 1027 iam
2247 967 2616 1016 exercitatorum
2640 985 2652 1016 z
2677 967 2727 1016 et
2751 964 2956 1016 suadere
2975 965 3230 1016 doeinunto
3247 997 3310 1008 -
3329 968 3400 1030 (8)
3433 969 3524 1030 ipsi
3555 971 3668 1017 enim

2123 1059 2328 1110 seierum
2339 1059 2456 1122 quid
2469 1061 2532 1110 sit
2547 1059 2802 1123 agendum,
2813 1061 2896 1110 ubi
2911 1073 2966 1110 ea
2979 1074 3093 1124 quse
3107 1061 3310 1124 probata
3326 1062 3465 1112 nobis
3485 1064 3665 1124 fuerint,

2123 1155 2319 1218 exsequi
2342 1154 2662 1217 poterimus-
2675 1190 2690 1215 ,
2711 1167 2868 1218 neque
2890 1167 3042 1217 nugas
3063 1158 3260 1218 agunto,
3287 1157 3466 1206 frustra
3488 1158 3667 1207 laudan-

2123 1247 2196 1298 dis
2225 1247 2482 1310 majoribus
2504 1249 2702 1308 nostris,
2726 1251 2774 1298 et
2809 1250 3024 1312 regione,
3055 1249 3186 1311 quod
3209 1251 3274 1298 dii
3299 1252 3348 1300 in
3379 1265 3437 1301 en
3464 1253 3558 1301 nati
3583 1253 3668 1302 sue·

2127 1343 2222 1390 rint
2239 1343 2288 1392 et
2311 1356 2396 1405 pro
2413 1355 2470 1392 ea
2488 1343 2734 1400 steterint,
2756 1342 2827 1404 (et
2833 1341 3040 1404 judicia
3067 1345 3124 1392 in
3143 1356 3204 1392 ea
3231 1343 3542 1407 subierint).
3585 1349 3669 1394 Ro-

2124 1437 2231 1496 gele
2262 1447 2370 1495 eos,
2395 1434 2512 1497 quid
2545 1435 2594 1484 in
2633 1434 2940 1485 cliaeronensi
2981 1447 3140 1498 pugna
3177 1435 3286 1485 urbi
3329 1437 3672 1496 Atheniensium

2127 1530 2386 1592 profuerit,
2425 1529 2554 1591 quod
2609 1530 2735 1578 Mars
2777 1540 2914 1577 suem
2969 1541 3164 1578 causam
3213 1543 3326 1580 cum
3373 1533 3586 1594 Neptuno
3632 1535 3672 1580 in

2126 1629 2370 1686 Areopago
2399 1622 2709 1684 disceptarit?
2737 1623 2804 1686 (9)
2845 1623 3100 1675 Enimvero
3136 1624 3252 1674 illud
3289 1625 3673 1676 considerandum

2125 1719 2222 1776 est,
2257 1730 2319 1768 an
2337 1716 2397 1766 ad
2417 1716 2583 1778 proelio
2610 1715 2953 1766 decertandum
2986 1730 3098 1766 eum
3123 1718 3380 1779 Antipatro
3401 1722 3489 1783 put
3519 1721 3674 1781 queris

2126 1805 2220 1855 alio
2255 1804 2571 1855 Macedonum
2604 1817 2731 1866 rege,
2761 1802 2916 1865 justas
2955 1806 3081 1856 vires
3105 1805 3390 1856 babeamus.
3473 1807 3608 1864 Quod
3639 1807 3673 1854 si

2125 1893 2244 1954 erit,
2276 1892 2368 1942 diis
2401 1891 2804 1954 approbantibus,
2827 1893 3034 1954 sumptis
3063 1893 3236 1954 armis,
3264 1896 3463 1945 Graecos
3484 1894 3534 1943 in
3553 1895 3676 1943 liher-

2126 1983 2276 2030 talem
2308 1992 2592 2029 asseramus.
2657 1978 2740 2029 Sin
2767 1978 2860 2028 hoc
2881 1979 3078 2042 quidem
3112 1979 3496 2043 neglexerimus,
3531 1994 3673 2030 assen-

2129 2068 2388 2117 tationibus
2439 2069 2602 2116 eutem
2645 2066 2826 2116 inducti
2841 2103 2857 2128 ,
2907 2069 3118 2130 superati
3159 2068 3398 2120 fuerimus
3412 2106 3428 2130 ,
3467 2071 3550 2131 qul
3587 2069 3674 2118 lieri

2127 2155 2302 2218 poterit
2341 2158 2396 2204 ut
2445 2155 2494 2204 in
2535 2155 2857 2206 caianitetem
2893 2169 2992 2204 non
3031 2155 3332 2218 incidamus3
3373 2159 3674 2220 praeterquam

2127 2244 2260 2307 quod
2309 2245 2499 2294 nosmet
2537 2244 2626 2306 ipsi
2671 2245 2722 2294 in
2769 2246 2894 2294 mele
2949 2245 3209 2306 coniecisse
3253 2245 3543 2308 videbimur,
3581 2259 3676 2308 quae

2127 2334 2230 2384 sola
2253 2346 2328 2382 res
2351 2333 2400 2382 in
2423 2333 2624 2383 miseriis
2645 2334 2828 2384 nullam
2857 2334 3234 2384 consolationem
3259 2335 3446 2386 habet?
3479 2339 3574 2397 (lo)
3607 2337 3675 2384 Est

2127 2423 2288 2470 autem
2323 2425 2376 2470 et
2409 2419 2684 2482 reipublicae
2715 2423 2764 2470 et
2797 2421 2886 2471 viri
2925 2422 3152 2486 sepientis
3189 2422 3442 2483 officium,
3469 2423 3528 2473 de
3565 2426 3675 2472 statu

2127 2522 2288 2558 rerum
2323 2521 2412 2572 pro
2451 2507 2635 2558 ratione
2665 2508 2842 2558 horum
2882 2511 3155 2572 temporum
3186 2510 3456 2562 deliberare
3493 2532 3506 2560 ι
3545 2511 3674 2560 auda·

2127 2597 2250 2644 ciam
2273 2609 2408 2656 vero,
2439 2596 2501 2645 ad
2539 2609 2615 2646 res
2635 2609 2758 2658 quas
2787 2596 3020 2658 gerendas
3052 2597 3300 2660 suscipias,
3331 2611 3398 2648 ex
3437 2599 3580 2651 veteri
3607 2611 3676 2660 po·

2131 2684 2279 2734 tentia
2301 2685 2550 2746 concipere
2565 2719 2584 2746 ,
2605 2697 2700 2746 qiua
2720 2685 2836 2734 olim
2861 2697 3033 2746 magna
3061 2686 3292 2748 praeditus
3319 2687 3472 2738 fueris
3485 2725 3500 2747 ,
3519 2687 3562 2738 id
3581 2701 3674 2748 per-

2131 2771 2241 2821 inde
2275 2785 2378 2822 esse
2407 2771 2615 2834 videtur,
2652 2785 2711 2822 ae
2734 2771 2776 2822 si
2807 2773 2917 2835 quis
2951 2785 3082 2836 saepe
3105 2775 3344 2836 Olympioe
3373 2775 3546 2836 victor,
3585 2777 3676 2836 post

2129 2858 2213 2912 ubi
2229 2860 2562 2920 consenuerit,
2581 2859 2742 2908 adhue
2767 2873 2944 2909 nomen
2957 2873 3101 2909 suum
3131 2860 3439 2924 profiteatur,
3457 2865 3507 2912 et
3523 2863 3676 2912 adver·

2129 2947 2280 2998 serios
2295 2949 2492 3008 evocet,
2517 2960 2702 2998 memor
2748 2947 2958 3010 roboris,
2991 2961 3090 2998 non
3111 2948 3244 3010 quod
3275 2948 3380 3010 iam
3416 2950 3580 3010 habet,
3609 2949 3678 2996 sed

2129 3035 2261 3098 quod
2299 3035 2416 3084 olim
2453 3035 2640 3086 babuit.
2705 3035 2808 3097 (ti)
2845 3037 2969 3085 Sunt
3005 3035 3149 3084 etiam
3187 3036 3499 3089 consideratu
3526 3037 3678 3098 digna,

2131 3136 2242 3186 quae
2267 3123 2332 3172 ab
2356 3123 2426 3172 eis
2442 3123 2536 3173 diei
2557 3123 2728 3184 audio,
2747 3123 2885 3186 qussi
2908 3136 3036 3171 nova
3061 3125 3112 3172 et
3129 3137 3242 3186 quie
3267 3124 3448 3175 mirum
3467 3127 3680 3186 quantum

2131 3210 2192 3260 ad
2213 3224 2316 3261 rem
2339 3210 2453 3273 ipsis
2481 3211 2770 3274 propositam
2801 3211 2976 3261 afferre
3003 3211 3182 3272 possint
3209 3211 3565 3274 adiumentum.
3607 3211 3677 3263 ui·

2133 3300 2310 3348 mirum
2355 3299 2530 3348 debere
2565 3313 2654 3348 vos
2691 3299 2914 3348 dictitant
2954 3312 3060 3348 esse
3109 3299 3405 3360 concordoe,
3442 3300 3572 3363 quasi
3611 3311 3682 3345 vos

2135 3387 2386 3450 ignoretiS,
2417 3385 2466 3435 id
2507 3386 2702 3448 quidem
2747 3386 2904 3435 cuivis
2957 3385 3066 3434 urbi
3115 3386 3218 3436 sive
3263 3385 3450 3436 bellum
3495 3385 3680 3450 gerenti,

2132 3472 2236 3521 sive
2264 3484 2428 3534 paoem
2459 3471 2646 3534 agenti,
2673 3483 2776 3522 esse
2809 3473 3046 3534 optimum
3074 3491 3087 3522 ε
3118 3473 3219 3534 (12)
3251 3472 3374 3522 illud
3409 3477 3568 3526 autem
3605 3485 3680 3520 no-

2134 3559 2206 3610 bis
2227 3558 2541 3622 spectandum
2578 3572 2707 3620 esse,
2735 3571 2832 3608 non
2864 3571 2928 3608 an
2965 3559 3149 3609 beilum
3183 3562 3480 3622 suscepturis
3503 3573 3680 3610 eoncor-

2133 3647 2211 3696 dia
2233 3646 2296 3697 sit
2315 3646 2700 3696 ineunda—nam
2733 3648 2998 3698 concordes
3021 3661 3124 3698 esse
3147 3661 3234 3698 nos
3247 3685 3262 3710 ,
3289 3648 3396 3699 sive
3419 3649 3592 3701 bellum
3613 3661 3682 3709 ge-

2135 3733 2318 3794 rentes,
2333 3733 2434 3782 sive
2453 3730 2770 3796 quiescentes,
2803 3733 3031 3783 omnibus
3051 3734 3114 3784 de
3139 3736 3296 3785 causis
3317 3739 3590 3800 oportet-‚
3609 3734 3678 3783 sed

2135 3834 2196 3870 an
2211 3821 2364 3882 justas
2381 3820 2510 3870 vires
2527 3819 2814 3880 habeamus,
2837 3821 2878 3870 si
2901 3823 2953 3870 et
2979 3821 3159 3872 bellum
3184 3837 3352 3886 gerere
3369 3828 3420 3874 et
3443 3823 3686 3874 concordes

2138 3920 2240 3958 esse
2255 3907 2546 3956 voluerimus
2557 3941 2574 3968 ,
2593 3909 2650 3956 ut
2667 3909 2847 3957 scimus
2864 3921 3052 3959 omnes.
3067 3911 3237 3968 Quoad
3251 3913 3418 3962 autem
3439 3925 3534 3962 non
3551 3913 3682 3960 osten-

2135 3995 2321 4056 derint,
2359 4008 2450 4044 nec
2485 4009 2607 4058 quos
2629 3997 2812 4046 bellum
2831 3999 3013 4058 gesturi
3035 3999 3276 4049 exereitus
3293 4000 3508 4050 babituri
3527 4000 3682 4056 simus,

2135 4095 2226 4132 nec
2247 4096 2396 4145 quem
2414 4084 2627 4145 pecuniae
2645 4084 2832 4146 copiam
2847 4121 2864 4147 ,
2896 4086 2982 4136 sed
2999 4087 3262 4136 Minervam
3278 4087 3395 4138 belii
3421 4087 3586 4136 vadem
3613 4098 3684 4133 no·

2139 4172 2210 4220 bis
2231 4170 2466 4232 dederint,
2499 4170 2662 4220 stetim
2682 4184 2764 4222 eos
2785 4171 2902 4222 nihil
2927 4173 2994 4222 ab
3013 4177 3216 4224 insanis
3235 4174 3434 4224 differre
3463 4174 3686 4224 existima-

2137 4259 2306 4308 bimus.
2349 4259 2448 4320 (13)
2475 4257 2700 4308 Acilium
2739 4259 2932 4320 quidem
2951 4297 2966 4322 ‚
3001 4264 3056 4310 ut
3069 4262 3366 4321 merebatur,
3387 4263 3534 4310 homo
3559 4259 3682 4308 ninii·

2139 4358 2248 4394 rum
2297 4345 2472 4394 mentis
2505 4358 2667 4396 errore
2689 4345 2917 4406 allectus,
2937 4347 3046 4409 jure
3078 4348 3397 4411 repudiastis:
3445 4349 3523 4398 isti
3540 4351 3684 4396 alitem

2139 4432 2352 4481 contenti
2376 4444 2481 4480 esse
2503 4431 2697 4494 debent,
2717 4434 2759 4483 si
2777 4434 2894 4483 nihil
2915 4435 3026 4484 mali
3045 4435 3306 4498 patiantur,
3325 4436 3448 4486 dum
3472 4434 3687 4485 aminnias

2141 4518 2414 4580 excogitant
2436 4519 2705 4579 orationes»,
2731 4523 2857 4570 etue
2881 4522 3106 4584 reliquias
3125 4523 3321 4584 quidem
3341 4525 3469 4572 ullas
3479 4524 3610 4574 vobis
3621 4534 3670 4567 su

2141 4618 2326 4670 ρει-ωδε
2339 4606 2522 4668 sinunt,
2547 4607 2632 4656 sed
2661 4607 2748 4657 bas
2781 4608 2930 4658 etiam
2953 4609 3010 4660 iis
3023 4609 3258 4670 invident,
3281 4611 3369 4672 qui
3395 4611 3524 4673 [iungi
3547 4609 3689 4659 officio

2141 4695 2369 4758 cupiunt3
2411 4693 2566 4744 donec
2601 4694 2940 4745 Thebanorum
2967 4697 3188 4760 exemplo
3223 4697 3472 4760 republica
3501 4694 3688 4748 admini-

2143 4783 2308 4841 strata,
2321 4781 2560 4842 regionem
2581 4787 2795 4830 nostram
2817 4782 2868 4830 in
2890 4783 3056 4832 ovium
3071 4795 3248 4846 pascua
3263 4783 3504 4844 converti,
3535 4782 3686 4830 urbem

2144 4869 2290 4919 everti
2325 4869 2580 4931 coegerint.
2625 4872 2722 4920 Nec
2765 4870 2892 4919 enim
2933 4884 2992 4920 eo
3017 4869 3150 4932 quod
3174 4883 3247 4920 res
3281 4871 3406 4921 niele
3425 4884 3479 4922 se
3510 4871 3689 4926 baboni,

2147 4957 2608 5022 providendumnon
2631 4960 2732 5019 est,
2761 4972 2822 5008 ne
2847 4958 3107 5008 deteriores
3123 4958 3268 5007 etiam
3289 4959 3425 5009 liant.
