3825 5834
527 615 638 654 νου.
673 591 899 652 Ἔπειτα
930 591 1193 670 ἐπερωτᾶν
1223 612 1322 666 με,
1350 593 1419 656 ὡς
1448 588 1549 666 ἐγὼ
1575 590 1932 667 πυνθάνομαι,
1955 587 2080 665 μέλ·

527 682 639 751 λει,
682 679 759 744 τίς
790 678 852 736 ἂν
882 676 963 749 εἴη
991 682 1214 744 τοιοῦτος
1246 677 1418 758 ἰατρὸς
1446 677 1585 744 ὅστις
1605 681 1680 758 τῷ
1718 683 1948 736 νοσοῦντι
1981 699 2081 752 με-

528 766 655 834 ταξὺ
693 765 788 842 μὲν
822 768 1116 824 ἀσθενοῦντι
1141 767 1305 840 μηδὲν
1328 764 1703 843 συμβουλεύοι,
1732 767 2080 834 τελευτήσαν-

462 881 489 919 a
528 877 615 920 ,τος
644 853 699 912 δὲ
732 854 889 912 αὐτοῦ
924 851 1083 910 ἐλθὼν
1119 855 1190 918 εἷς
1216 852 1282 910 τὰ
1305 853 1461 910 ἔνατα
1490 853 1665 920 διεξίοι
1696 851 1822 932 πρὸς
1858 854 1977 919 τοὺς
2003 854 2076 910 οἰ·

529 941 692 1006 κείους
724 939 757 997 ἃ
786 938 1126 1008 ἐπιτηδεύσας
1158 939 1301 1014 ὑγιὴς
1330 939 1393 998 ἂν
1424 940 1643 1018 ἐγένετο.
1734 945 1847 1016 (22⁸)
1872 938 2076 1000 Σαυτὸν

529 1029 574 1088 δ’
603 1031 697 1087 οὐκ
722 1031 1041 1108 ἀντερωτᾷς,
1066 1027 1141 1094 τίς
1166 1027 1231 1086 διν
1252 1027 1333 1099 εἴη
1360 1029 1668 1106 δημαγωγὸς
1692 1034 1920 1095 τοιοῦτος
1942 1029 2080 1093 ὅστις

531 1113 619 1173 τὸν
648 1115 743 1190 μὲν
778 1117 944 1190 δῆμον
972 1120 1235 1173 θωπεῦσαι
1276 1115 1513 1186 δύναιτο,
1551 1115 1667 1182 τοὺς
1695 1113 1749 1172 δὲ
1786 1113 1994 1193 καιροὺς
2023 1118 2076 1174 ἐν

532 1191 605 1268 οἶς
646 1195 709 1270 ἦν
746 1202 999 1271 σώζεσθαι
1026 1199 1119 1272 τὴν
1164 1201 1313 1261 πόλιν
1346 1202 1614 1274 ἀποδοῖτο,
1644 1200 1761 1267 τοὺς
1798 1201 1842 1259 δ’
1870 1191 1928 1258 εὖ
1955 1223 2076 1278 φρο-

528 1296 741 1356 νοῦντας
760 1289 951 1348 κωλύοι
971 1289 1267 1348 διαὸάλλων
1282 1287 1675 1365 συμβουλεύειν,
1702 1287 1930 1368 ἀποδρὰς
1950 1288 1992 1346 δ’
2021 1288 2079 1346 ἐκ

527 1381 629 1434 τῶν
672 1376 917 1434 κινδύνων
947 1375 1037 1435 καὶ
1072 1378 1168 1448 τὴν
1204 1375 1356 1435 πόλιν
1384 1376 1682 1447 ἀνηκέστοις
1717 1384 1897 1442 κακοῖς
1933 1397 2077 1453 περι·

530 1463 707 1522 Gaiam
739 1462 870 1531 ἀξιοῖ
901 1468 1280 1543 στεφανοῦσθαι
1304 1463 1383 1521 ἐπ’
1410 1466 1568 1543 ἀρετῇ
1586 1507 1603 1534 ,
1633 1462 1825 1538 ἀγαθὸν
1854 1461 1950 1539 μὲν
1979 1485 2080 1518 πε-

454 1571 503 1610 ιο
531 1551 758 1623 ποιηκὼς
782 1549 962 1626 μηδέν,
988 1551 1199 1608 πάντων
1228 1550 1283 1609 δὲ
1306 1552 1407 1608 τῶν
1433 1553 1607 1609 κακῶν
1632 1549 1792 1616 αἴτιος
1818 1549 2040 1627 γεγονώς
2056 1592 2075 1626 ,

529 1636 809 1718 ἐπερωτῴη
838 1636 892 1695 δὲ
928 1636 1045 1702 τοὺς
1082 1637 1557 1717 συκοφαντηθέντας
1593 1638 1652 1696 ἐκ
1688 1641 1782 1708 τῆς
1818 1636 2079 1702 πολιτείας

530 1729 613 1786 ἐπ’
642 1725 846 1784 ἐκείνων
878 1729 980 1782 τῶν
1008 1728 1201 1804 καιρῶν
1230 1723 1303 1782 ὅτ’
1330 1729 1450 1795 ἐνῆν
1478 1726 1759 1796 σώζεσθαι,
1790 1722 1875 1781 διὰ
1908 1723 1962 1782 τί
1987 1725 2078 1781 αὗ-

530 1813 617 1870 τὸν
640 1814 732 1870 οὐκ
756 1811 1019 1869 ἐκώλυσαν
1046 1809 1442 1889 ἐξαμαρτάνειν·
1468 1810 1585 1889 (227)
1614 1810 1998 1890 ἀποκρύπτοιτο
2025 1807 2079 1868 δὲ

530 1899 588 1956 τὸ
608 1899 817 1956 πάντων
842 1900 1151 1971 τελευταῖον,
1180 1897 1262 1956 ὅτι
1283 1902 1373 1967 τῆς
1401 1898 1575 1976 μάχης
1598 1897 1961 1972 ἐπιγενομένης
1987 1897 2080 1956 οὐκ

530 1986 880 2065 ἐσχολάζομεν
913 1985 1033 2062 περὶ
1071 1983 1165 2055 τὴν
1204 1984 1299 2054 σὴν
1332 1975 1462 2042 εἶναι
1500 1985 1774 2064 τιμωρίαν,
1806 1986 1921 2042 ἀλλ’
1951 1981 2079 2063 ὑπὲρ

529 2077 621 2144 τῆς
643 2071 899 2152 σωτηρίας
921 2077 1009 2142 τῆς
1044 2071 1241 2137 πόλεως
1270 2070 1674 2151 ἐπρεσὸεύομεν·
1702 2069 1879 2140 ἐπειδὴ
1904 2068 1960 2127 δὲ
1987 2072 2080 2128 οὐκ

532 2159 739 2238 ἀπέχρη
772 2182 850 2217 σοι
888 2159 1037 2230 δίκην
1062 2157 1137 2229 μὴ
1168 2157 1476 2229 δεδωκέναι,
1510 2157 1645 2216 ἀλλὰ
1674 2157 1763 2216 καὶ
1786 2157 1980 2237 δωρεὰς
2000 2159 2078 2214 αἰ·

454 2267 505 2304 15
532 2249 633 2314 τεῒς
671 2247 1061 2324 καταγέλαστον
1102 2248 1155 2304 ἐν
1184 2250 1287 2312 τοῖς
1318 2243 1550 2317 Ἕλλησι
1576 2245 1672 2318 τὴν
1698 2246 1847 2304 πόλιν
1892 2248 2080 2322 ποιῶν,

529 2338 735 2395 ἐνταῦθ’
766 2334 977 2405 ἐνέστην
1002 2334 1091 2392 καὶ
1115 2333 1210 2404 τὴν
1237 2332 1441 2414 γραφὴν
1466 2334 1756 2410 ἀπήνεγκα.

610 2444 707 2483 aaa.
742 2422 849 2482 Καὶ
888 2422 951 2492 νὴ
987 2420 1105 2488 τοὺς
1146 2420 1285 2487 θεοὺς
1330 2422 1447 2488 τοὺς
1477 2421 1829 2498 Ὀλυμπίους,
1864 2412 1938 2480 ὧν
1980 2419 2082 2494 ἐγὼ

530 2509 855 2584 ,πυνθάνομαι
886 2507 1221 2583 Δημοσθένην
1250 2508 1435 2580 λέξειν,
1458 2511 1537 2588 ἐφ’
1570 2499 1614 2588 ᾧ
1652 2508 1763 2566 νυνὶ
1790 2507 1970 2585 με’λλω
1997 2506 2082 2564 λέ-

532 2621 638 2673 γειν
664 2599 943 2674 ἀγανακτῶ
969 2595 1219 2671 μάλιστα.
1276 2595 1539 2676 Ἀφομοιοῖ
1560 2595 1660 2674 γάρ
1690 2619 1788 2670 μου
1816 2593 1910 2664 τὴν
1932 2597 2083 2672 φύσιν

533 2685 645 2747 ταῖς
672 2685 935 2762 Σειρῆσιν,
962 2685 1033 2748 ὡς
1056 2680 1211 2740 ἔοικε’
1244 2681 1335 2739 καὶ
1356 2681 1457 2759 γὰρ
1476 2684 1565 2738 ὑπ’
1591 2681 1799 2739 ἐκείνοιν
1824 2683 1883 2738 οὗ
1904 2681 2080 2752 κηλεῖ-

535 2768 654 2828 σθαί
682 2791 811 2850 φησι
840 2767 958 2835 τοὺς
988 2769 1346 2845 ἀκροωμένους
1380 2767 1495 2825 ἀλλ’
1526 2767 1878 2840 ἀπόλλυσθαι,
1906 2767 2084 2845 διόπερ

530 2859 641 2915 οὐδ’
669 2857 959 2931 εὐδοκιμεῖν
998 2853 1093 2926 τὴν
1129 2859 1233 2912 τῶν
1263 2854 1527 2934 Σειρήνων
1566 2855 1848 2931 μουσικήν·
1890 2855 1980 2913 καὶ
2017 2855 2082 2926 δὴ

453 2962 508 3000 20
532 2943 621 3001 καὶ
646 2943 739 3014 τὴν
762 2946 865 3000 τῶν
890 2942 1055 3020 λόγων
1080 2941 1353 3022 ἐμπειρίαν
1383 2943 1473 3002 καὶ
1506 2944 1601 3014 τὴν
1628 2943 1777 3022 φύσιν
1808 2966 1907 3020 μου
1935 2965 2082 3020 γεγε·

533 3035 719 3103 νῆσθαι
747 3031 835 3088 ἐπὶ
876 3029 1049 3110 βλάὸῃ
1074 3035 1176 3089 τῶν
1220 3029 1529 3092 ἀκουόντων.
1586 3030 1771 3090 Καίτοι
1798 3029 1885 3089 τὸν
1932 3029 2084 3108 λόγον

538 3125 717 3178 τοῦτον
743 3117 877 3183 ὅλως
915 3117 1007 3192 μὲν
1046 3118 1211 3196 ἔγωγε
1240 3118 1405 3177 οὐδενὶ
1446 3119 1661 3199 πρέπειν
1702 3124 1930 3196 ἡγοῦμαι
1967 3117 2086 3197 περὶ

535 3209 665 3281 ἐμοῦ
704 3203 872 3282 λέγειν
892 3230 905 3243 ·
945 3211 1039 3278 τῆς
1071 3207 1173 3287 γὰρ
1202 3205 1371 3273 αἰτίας
1402 3207 1617 3286 αἰσχρὸν
1654 3207 1740 3265 τὸν
1778 3206 2084 3283 αἰτιώμενόν

532 3296 645 3351 ἐστι
670 3295 729 3352 τὸ
754 3293 899 3374 ἔργον
928 3293 1003 3370 μὴ
1037 3293 1173 3372 ἔχειν
1210 3295 1459 3360 ἐπιδεῖξαι
1478 3317 1491 3332 ·
1532 3297 1657 3373 (2⁴20)
1683 3297 1727 3352 εἷ
1757 3295 1802 3352 δ’
1824 3286 1889 3366 ἦν
1925 3297 2086 3371 ἀναγ-

536 3389 680 3438 καῖον
711 3385 959 3462 ῥηθῆναι,
1008 3383 1066 3440 οὗ
1093 3381 1452 3456 Δημοσθένους
1482 3373 1547 3452 ἦν
1583 3385 1612 3439 ὁ
1641 3381 1820 3457 λόγος,
1852 3381 1967 3439 ἀλλ’
1995 3384 2086 3438 ἀν-

536 3467 649 3546 δρὸς
676 3475 965 3546 στρατηγοῦ
995 3469 1200 3547 μεγάλα
1234 3467 1325 3544 μὲν
1351 3473 1415 3546 τῇ
1444 3469 1593 3526 πόλει
1616 3466 2084 3546 κατειργασμένου,

533 3554 699 3630 λέγειν
726 3554 781 3612 δὲ
826 3555 1077 3614 ἀδυνάτου
1106 3555 1196 3612 καὶ
1228 3555 1322 3626 τὴν
1363 3559 1463 3612 τῶν
1510 3554 1779 3612 ἀντιδίκων
1824 3553 1909 3612 διὰ
1937 3559 2086 3614 τοῦτο

452 3669 505 3706 25
534 3635 848 3714 ἐζηλωκότος
896 3642 1066 3724 φύσιν,
1098 3641 1180 3710 ὅτι
1221 3642 1449 3700 σύνοιδεν
1483 3645 1653 3722 ἑαυτῷ
1687 3642 1781 3716 μὲν
1822 3641 1965 3700 οὐδὲν
2011 3635 2084 3702 ὧν

534 3730 914 3810 διαπέπρακται
942 3731 1211 3810 δυναμένῳ
1236 3729 1448 3810 φράσαι,
1474 3729 1562 3788 τὸν
1590 3729 1642 3787 δὲ
1670 3729 1960 3808 κατήγορον
1989 3735 2086 3812 δρᾷ

535 3817 814 3893 δυνάμενον
846 3818 935 3875 καὶ
959 3817 1023 3874 τὰ
1054 3818 1127 3892 μὴ
1154 3817 1500 3896 πεπραγμένα
1530 3817 1613 3898 ὑφ’
1638 3820 1793 3874 αὑτοῦ
1818 3818 2083 3896 παριστά-

534 3927 618 3962 ναι
640 3907 743 3971 τοῖς
770 3904 1041 3962 ἀκούουσιν
1060 3907 1129 3969 ὡς
1158 3901 1427 3984 διῴκηκεν.
1456 3901 1631 3964 “orm
1658 3905 1701 3961 δ’
1734 3904 1786 3973 ἐξ
1814 3907 2084 3981 ὀνομάτων

534 3991 864 4069 συγκείμενος
889 3991 1155 4070 ἅνθρωπος
1172 4037 1187 4062 ,
1212 3991 1301 4048 καὶ
1322 3990 1515 4050 τούτων
1540 3994 1737 4070 πικρῶν
1766 3991 1855 4049 καὶ
1879 3993 2086 4072 περιέρ-

532 4101 661 4154 γων,
684 4078 863 4137 ἔπειτα
889 4079 973 4137 ἐπὶ
997 4079 1089 4149 τὴν
1115 4077 1385 4147 ἁπλότητα
1413 4078 1501 4137 καὶ
1521 4078 1585 4136 τὰ
1608 4077 1732 4156 ἔργα
1756 4077 2081 4158 καταφεύγῃ,

534 4166 609 4232 τίς
638 4166 700 4223 ἂν
734 4166 1046 4244 ἀνάσχοιτο;
1080 4157 1139 4224 οὗ
1176 4167 1269 4233 τὴν
1305 4169 1539 4242 γλῶτταν
1572 4165 1749 4245 ὥσπερ
1776 4168 1877 4222 τῶν
1914 4169 2084 4224 αὐλῶν

535 4251 621 4312 ἐάν
649 4276 726 4321 τις
753 4253 919 4333 ἀφέλῃ
936 4300 953 4328 ,
974 4254 1033 4311 τὸ
1053 4253 1234 4312 λοιπὸν
1258 4251 1402 4312 οὐδέν
1428 4257 1583 4312 ἐστιν.

454 4365 509 4403 ao
614 4363 712 4400 230.
740 4342 1013 4418 Θαυμάζω
1038 4342 1080 4400 δ’
1110 4341 1273 4420 ἔγωγε
1293 4345 1459 4418 ὓμῶν,
1481 4331 1525 4399 ὦ
1545 4341 1821 4412 Ἀθηναῖοι,
1836 4339 1927 4398 καὶ
1947 4342 2086 4410 ζητῶ

533 4428 659 4508 πρὸς
692 4429 739 4486 τί
768 4429 831 4487 ἂν
858 4429 1240 4494 ἀποὸλέποντες
1280 4427 1700 4507 ἀποψηφίσαισθε
1728 4425 1821 4496 τὴν
1858 4427 2082 4507 γραφήν.

536 4517 765 4596 Πότερον
808 4520 875 4582 ὥς
904 4517 961 4576 τὸ
993 4516 1240 4598 ψήφισμά
1281 4519 1419 4572 ἐστιν
1456 4513 1701 4590 ἔννομον,
1724 4515 1839 4572 ἀλλ’
1870 4515 2082 4591 οὐδεμία

532 4606 743 4664 πώποτε
778 4603 963 4682 γνώμη
1005 4603 1419 4684 παρανομωτέρα
1460 4602 1751 4680 γεγένηται.
1833 4601 1972 4660 Ἀλλ’
2015 4607 2084 4670 ὥς

532 4696 561 4748 ὁ
582 4693 642 4751 τὸ
666 4693 912 4772 ψήφισμα
938 4691 1140 4772 γράψας
1160 4694 1249 4750 οὐκ
1271 4689 1555 4760 ἐπιτήδειός
1578 4691 1687 4748 ἐστι
1710 4690 1853 4760 δίκην
1874 4691 2082 4769 δοῦναις

533 4783 627 4837 οὐκ
650 4779 732 4858 ἄρ’
752 4779 851 4838 εἰσὶ
870 4784 995 4859 παρ’
1025 4784 1145 4856 ὑμῖν
1167 4781 1374 4837 εὖθῦναι
1400 4775 1511 4854 βίου
1530 4821 1547 4851 ,
1570 4779 1615 4834 εἷ
1637 4781 1813 4836 τοῦτον
1835 4776 2080 4857 ἀφήσετε.

534 4865 739 4926 Ἐκεῖνο
773 4866 817 4924 δ’
846 4869 903 4924 οὗ
943 4865 1195 4944 λυπηρόν,
1232 4866 1276 4922 εἷ
1316 4863 1563 4943 πρότερον
1595 4862 1688 4939 μὲν
1726 4863 2084 4936 ἐνεπίμπλατο

440 4945 445 4951 ’
534 4959 567 5026 ἡ
592 4953 855 5034 ὀρχήστρα
885 4957 1092 5032 χρυσῶν
1118 4949 1385 5030 στεφάνων
1412 4941 1486 5016 οἷς
1509 4955 1536 5008 ὁ
1558 4952 1721 5027 δῆμος
1744 4953 2084 5032 ἐστεφανοῦτο

450 5057 505 5096 ³5
532 5041 633 5099 ὕπὸ
656 5045 759 5099 τῶν
800 5039 1096 5116 Ἑλλήνων,
1124 5038 1211 5097 διὰ
1250 5038 1311 5096 τὸ
1346 5037 1557 5106 ξενικοῖς
1590 5039 1857 5119 στεφάνοις
1887 5039 2082 5114 ταύτην

536 5124 878 5187 ἀποδεδόσθαι
904 5125 1241 5205 τὴνὴμέραν,
1268 5130 1329 5185 ἐκ
1353 5125 1408 5184 δὲ
1434 5130 1535 5185 τῶν
1558 5126 1918 5203 Δημοσθένους
1933 5130 2082 5187 πολι-

534 5214 806 5285 τευμάτων
844 5219 991 5291 ὑμεῖς
1019 5212 1113 5291 μὲν
1144 5213 1495 5292 ἀστεφάνωτοι
1542 5212 1633 5274 καὶ
1672 5214 1956 5296 ἀκήρυκτοι
1995 5216 2081 5292 γί-

1521 468 1885 528 ΑΙΣΧΙΝΟΥ
1925 471 1976 528 0
2015 467 2216 527 ΚΑΤΑ
2267 469 2832 534 ΚΤΗΣΙΦΩΝΤΟΣ.

3391 475 3678 553 (συ-ω)

2169 598 2220 647 in
2237 599 2432 650 civitate
2466 602 2610 652 rebus
2647 604 2787 653 novis
2815 603 3076 654 studerem.
3117 605 3184 655 At
3211 604 3366 666 enim,
3391 609 3446 656 nt
3465 608 3608 670 audio,
3629 624 3678 658 ex

2169 690 2248 727 me
2267 692 2409 740 porro
2425 681 2718 744 qnaesiturus
2729 685 2820 742 est,
2843 684 3001 746 qualis
3018 685 3099 734 ille
3119 684 3328 734 medicus
3349 685 3582 736 habendus
3612 687 3678 748 sit,

2169 759 2253 816 qui
2276 769 2404 818 εει-ο
2427 759 2608 808 interea
2627 758 2747 809 dum
2765 763 2966 822 aegrotet
2983 760 3102 810 nihil
3127 761 3210 810 det
3235 762 3440 822 consilii,
3463 767 3678 825 postquam

2174 844 2286 881 vero
2313 834 2506 895 obierit,
2546 835 2607 884 ad
2640 837 2830 886 inferias
2870 838 3101 888 accedens
3135 839 3314 887 mortui
3355 841 3608 888 necessariis
3635 853 3682 888 ea

2172 913 2535 972 commemoret,
2597 926 2705 973 quoe
2757 913 2796 962 si
2853 927 2982 976 aeger
3029 915 3328 965 observasset
3369 917 3675 965 convaluisset.

2173 985 2309 1046 (226)
2341 987 2410 1036 'l'e
2449 987 2604 1048 ipsum
2627 1001 2742 1038 vero
2765 1001 2861 1038 non
2883 993 3054 1040 contra
3077 1005 3240 1054 rogas,
3276 992 3432 1054 qualis
3459 993 3533 1042 ille
3549 995 3682 1054 reipu-

2171 1061 2310 1111 blicae
2347 1062 2706 1114 administrator
2749 1068 2829 1124 sit,
2873 1067 2958 1128 qui
2999 1069 3228 1130 populum
3261 1067 3496 1118 blanditiis
3513 1069 3683 1120 delinire

2171 1139 2318 1199 sciat;
2343 1142 2580 1202 tempora,
2599 1141 2775 1203 quibus
2791 1145 2963 1193 civitas
2993 1145 3264 1194 conservari
3300 1149 3506 1208 poterat,
3543 1147 3680 1196 vendi-

2169 1215 2324 1278 derit;
2351 1217 2480 1268 cives
2507 1218 2598 1268 rite
2619 1220 2878 1270 sentientes
2917 1223 3254 1272 calumniando
3285 1237 3348 1274 ne
3363 1225 3549 1274 tonsilia
3576 1239 3684 1274 com·

2169 1293 2422 1344 municent
2433 1294 2687 1355 deterreat;
2699 1299 2800 1358 qui,
2812 1309 2963 1360 quum
2975 1298 3196 1360 periculis
3206 1301 3368 1350 timide
3376 1301 3688 1352 aesubtraxeiit

2167 1381 2364 1432 remque
2384 1370 2624 1432 publicam
2641 1372 2988 1424 insanabilibus
3007 1376 3236 1426 aerumnis
3255 1377 3518 1439 implicarit,
3541 1392 3586 1428 se
3605 1381 3684 1428 vir·

2166 1448 2284 1495 tutis
2319 1459 2432 1510 ergo
2456 1461 2632 1496 corona
2675 1447 2952 1498 donandum
2989 1463 3093 1500 esse
3127 1453 3412 1514 contendat,
3434 1467 3574 1515 quum
3589 1456 3686 1504 nihil

2167 1536 2378 1584 unquam
2401 1523 2512 1572 boni
2548 1525 2738 1586 fecerit,
2776 1527 2995 1576 omnium
3037 1541 3153 1577 vero
3187 1530 3514 1580 calamitatum
3541 1537 3684 1582 auctor

2169 1613 2292 1648 unus
2306 1601 2537 1650 exstiterit
2550 1617 2564 1660 ;
2579 1602 2662 1663 qui
2677 1615 2806 1650 nunc
2821 1616 2902 1652 eos
2917 1604 3180 1666 interroget
3197 1608 3281 1667 qui
3298 1607 3394 1655 iltis
3411 1609 3686 1670 temporibus,

2167 1677 2341 1738 quibus
2373 1677 2541 1726 civitas
2569 1679 2748 1727 servari
2775 1683 2989 1742 poterat,
3015 1694 3045 1730 a
3081 1683 3324 1744 republica
3351 1684 3686 1736 administranda

2167 1754 2416 1802 calumniis
2433 1753 2616 1816 depulsi
2640 1757 2754 1804 sunt
2766 1792 2781 1816 ,
2801 1769 2888 1806 cur
2917 1757 3007 1806 sibi
3038 1759 3294 1819 quominus
3311 1759 3594 1823 delinqueret
3609 1776 3686 1812 noa

2166 1829 2468 1880 obstiterint?
2531 1835 2662 1895 (227)
2683 1835 2768 1898 qui
2785 1835 2994 1896 denique
3011 1839 3167 1885 celare
3185 1837 3378 1888 studeat
3390 1875 3406 1899 ,
3427 1852 3572 1900 quum
3584 1853 3684 1902 pruz-

2165 1914 2286 1964 lium
2305 1921 2677 1978 supervenisset,
2699 1917 2853 1966 otium
2875 1919 3017 1968 nobis
3033 1933 3126 1968 non
3143 1919 3286 1970 fuisse
3299 1920 3366 1970 de
3377 1925 3464 1970 tuo
3487 1922 3690 1984 supplicio

2167 2001 2438 2062 cogitandi,
2465 1999 2548 2048 sed
2583 1999 2644 2050 de
2670 2001 2824 2052 salute
2853 2000 3062 2050 civitatis
3103 2002 3267 2064 legatis
3287 2003 3387 2052 buc
3425 2003 3532 2052 illuc
3563 2003 3690 2050 missis

2169 2082 2316 2144 egisse
2340 2095 2543 2132 :verum
2571 2083 2816 2132 enimvero
2835 2083 3029 2145 quando
3051 2083 3138 2132 tibi
3171 2097 3269 2131 non
3293 2085 3411 2132 satis
3440 2087 3538 2134 erat
3553 2098 3690 2146 poeuas

2169 2178 2266 2216 non
2287 2164 2500 2225 dedisse,
2529 2165 2621 2214 nisi
2643 2165 2787 2214 etiam
2822 2169 2872 2214 et
2903 2165 3102 2228 praemia
3136 2178 3358 2228 posceres
3389 2167 3690 2226 civitatemque

2169 2252 2381 2297 nostram
2400 2247 2580 2296 Graecis
2605 2247 2832 2296 omnibus
2843 2247 3152 2297 deridendam
3169 2249 3428 2312 objiceres,
3456 2253 3557 2300 tum
3579 2249 3688 2299 deni·

2171 2348 2265 2396 que
2284 2334 2370 2384 tibi
2401 2333 2595 2384 obviam
2617 2333 2684 2382 ivi
2705 2335 2935 2397 litemque
2959 2335 3159 2385 intendi.

2233 2427 2341 2470 228.
2385 2423 2641 2481 Ceterum,
2681 2434 2766 2483 per
2795 2421 2914 2470 deos
2951 2421 3274 2483 intnrortalee,
3303 2436 3474 2474 eorum
3505 2425 3688 2472 omnium

2173 2521 2284 2570 quae
2319 2508 2565 2558 dicturum
2587 2522 2690 2558 csse
2729 2509 3100 2558 Demosthenem
3137 2509 3282 2560 audio
3303 2548 3318 2572 ‚
3343 2511 3442 2560 hoc
3467 2511 3588 2574 quod
3609 2512 3690 2572 jam

2173 2595 2308 2646 vobis
2347 2595 2505 2646 dicam
2527 2596 2851 2658 indignissime
2885 2597 3008 2646 sero.
3033 2598 3282 2660 ingenium
3311 2611 3476 2649 meum
3510 2612 3608 2648 cum
3628 2598 3683 2646 si-

2173 2683 2363 2734 renibus
2391 2687 2663 2746 comparat,
2709 2685 2749 2733 si
2785 2683 2877 2734 diis
2893 2684 3063 2746 placet.
3127 2685 3200 2734 Ab
3233 2685 3324 2735 iilis
3347 2686 3478 2738 enim
3497 2700 3583 2736 non
3609 2689 3689 2734 tam
3776 2705 3777 2756 γ

2172 2770 2546 2832 permulcentur,
2566 2771 2740 2834 inquit,
2768 2771 3037 2832 auditores,
3075 2785 3220 2834 quam
3239 2772 3300 2821 ad
3333 2775 3578 2836 perniciem
3603 2772 3682 2821 adi·
3776 2757 3777 2774 ¹

2173 2859 2380 2920 guntur;
2403 2858 2628 2919 quocirca
2645 2859 2771 2908 maie
2791 2858 2928 2908 audit
2941 2859 3161 2908 Sirenum
3185 2859 3454 2910 inarmonia.
3477 2865 3542 2911 lta
3563 2873 3690 2910 meam

2171 2944 2222 2993 in
2265 2944 2468 2994 dicendo
2503 2945 2750 3008 peritiam,
2795 2959 2960 2996 meum
2993 2947 3264 3010 ingenium,
3309 2948 3370 2998 iis
3401 2948 3483 3011 qui
3523 2947 3692 2998 audiunt

2171 3044 2358 3094 semper
2379 3045 2480 3082 esse
2495 3033 2766 3082 exitiosum.
2791 3033 2938 3096 Atqui
2962 3047 3112 3096 quum
3147 3035 3270 3084 banc
3285 3035 3348 3085 de
3367 3050 3446 3088 me
3463 3035 3692 3086 orationem

2173 3120 2415 3170 neminem
2437 3120 2636 3170 omnino
2653 3120 2821 3170 decere
2835 3125 3028 3184 putem;
3051 3124 3194 3186 turpe
3207 3124 3334 3172 enim
3353 3124 3602 3173 accusatori
3617 3123 3689 3180 est,

2173 3206 2212 3255 si
2247 3206 2605 3257 criminationes
2625 3221 2738 3258 suaa
2772 3222 2825 3258 re
2855 3211 3067 3272 nequeat
3103 3211 3420 3272 comprobare
3440 3231 3454 3260 ε
3472 3213 3588 3273 (229)
3603 3215 3688 3258 tum
3776 3271 3777 3276 Ἰ

2177 3293 2218 3344 si
2245 3293 2324 3342 cui
2343 3294 2463 3344 illud
2484 3295 2741 3345 dicendum
2765 3297 2956 3358 fuisset,
2991 3309 3090 3346 non
3115 3310 3173 3348 ea
3207 3299 3537 3348 Demosthenis
3565 3296 3693 3346 oratio
3776 3301 3777 3304 ’

2175 3384 2304 3444 erat,
2331 3380 2414 3430 sed
2451 3382 2752 3444 imperatoris
2793 3383 2993 3444 alicujus
3017 3385 3102 3448 qui
3148 3397 3224 3434 res
3249 3385 3448 3447 quidem
3473 3385 3693 3448 praeciaras

2175 3483 2262 3532 pro
2285 3470 2528 3532 republica
2549 3469 2760 3531 gesserit,
2797 3469 2986 3520 dicendi
3009 3471 3174 3520 autem
3205 3472 3434 3523 facultate
3463 3473 3692 3530 deseratur,

2173 3556 2354 3620 quique
2373 3557 2482 3607 ideo
2511 3557 2782 3608 adver-sario
2813 3557 3056 3620 ingenium
3079 3571 3224 3608 suum
3250 3560 3456 3610 miratus
3473 3557 3692 3616 invideret,

2175 3658 2326 3706 quum
2347 3645 2576 3708 intelligat
2597 3658 2650 3694 se
2669 3645 2788 3694 nibil
2805 3658 2973 3695 eorum
2997 3659 3107 3707 quoe
3117 3647 3382 3708 patraverit
3409 3648 3609 3697 oratione
3623 3658 3692 3693 ex-

2173 3733 2348 3795 plicare
2396 3746 2548 3796 pense,
2589 3735 2918 3784 accusatorem
2953 3736 3122 3784 contra
3147 3734 3309 3784 videat
3341 3735 3487 3784 etiam
3521 3747 3574 3783 ea
3605 3743 3694 3794 quar

2175 3833 2421 3882 nunqnam
2439 3822 2632 3882 gesserit
2649 3820 2846 3884 perinde
2865 3821 3166 3871 auditoribus
3183 3823 3233 3870 in
3255 3825 3508 3885 conspectu
3528 3831 3694 3884 ponere,

2174 3908 2310 3968 quasi
2345 3921 2375 3956 a
2398 3920 2450 3958 se
2484 3921 2649 3958 revera
2683 3911 2840 3958 aesent
2862 3909 3087 3970 perfecta.
3109 3911 3248 3958 Nunc
3283 3923 3400 3960 vero
3413 3922 3556 3972 quum
3575 3908 3695 3956 homo

2175 3997 2304 4045 totus
2329 4008 2392 4044 ex
2416 3995 2664 4046 vocabulis
2683 3995 2944 4054 conflatus,
2965 3997 3116 4060 iisque
3143 3997 3319 4046 amaria
3345 3999 3398 4047 et
3421 3997 3613 4046 inaniter
3631 4007 3697 4043 ex·

2177 4082 2390 4144 quisitis,
2430 4083 2626 4132 tandem
2648 4083 2710 4134 ad
2747 4083 2978 4133 orationis
2997 4083 3350 4148 simplicitatem
3375 4087 3426 4135 et
3464 4086 3579 4134 facta
3597 4093 3693 4130 con·
3776 4147 3777 4160 γ

2176 4171 2312 4232 fugit,
2333 4171 2442 4232 quis
2459 4184 2600 4229 {equo
2617 4170 2779 4220 animo
2797 4171 2948 4220 serat?
2967 4172 3044 4220 cui
3063 4173 3104 4222 si
3121 4171 3231 4234 quis
3245 4171 3479 4234 linguam,
3499 4173 3552 4221 ut
3566 4169 3695 4226 tibiis,

2171 4257 2459 4320 dempserit,
2481 4257 2715 4320 reliquum
2743 4258 2860 4306 nibil
2884 4257 2991 4307 erit.

2239 4351 2348 4396 2³0.
2391 4350 2491 4407 Ego
2513 4345 2736 4408 equidem
2777 4359 2866 4394 voe
2901 4345 3127 4406 demiror,
3163 4345 3489 4407 Athenienses,
3525 4346 3570 4394 et
3597 4343 3698 4392 scire

2175 4435 2336 4493 velim,
2371 4433 2546 4496 quibus
2563 4433 2760 4482 demum
2783 4433 2928 4482 rebus
2963 4433 3166 4496 permoti
3188 4432 3429 4483 actionem
3457 4435 3574 4482 banc
3604 4441 3696 4478 seu·

2173 4519 2334 4570 tentiis
2347 4520 2518 4570 vestris
2531 4520 2880 4582 improbaretis.
2902 4526 2973 4569 An
2995 4521 3124 4583 quod
3147 4521 3322 4571 scitum
3339 4522 3598 4584 legitimum
3609 4517 3697 4566 est?
3776 4503 3777 4508 ’

2177 4611 2240 4658 At
2257 4609 2390 4659 nulia
2410 4621 2624 4671 unquam
2655 4608 2890 4658 sententia
2907 4609 3090 4670 legibus
3107 4609 3258 4670 magis
3277 4608 3479 4658 adversa
3507 4608 3608 4657 suit.
3631 4609 3696 4655 An
3776 4589 3777 4596 ¹

2171 4693 2302 4756 quod
2322 4695 2362 4744 is
2373 4695 2456 4756 qui
2473 4694 2647 4744 scitum
2665 4694 2775 4743 fecit
2789 4707 2883 4743 non
2898 4693 3068 4754 dismas
3081 4693 3426 4756 estsupplicio?
3441 4697 3558 4756 Ergo
3571 4689 3697 4738 nullae
3776 4669 3777 4694 ¹

2177 4785 2292 4834 sunt
2312 4781 2440 4843 apud
2473 4795 2560 4831 vos
2581 4781 2822 4830 rationum
2845 4779 2958 4830 vitm
2977 4777 3332 4830 refu-endarum
3353 4780 3498 4842 leges,
3531 4781 3568 4828 si
3590 4777 3699 4826 hunc

2171 4871 2486 4924 absolveritis.
2553 4869 2679 4919 illud
2695 4882 2812 4918 vero
2839 4880 2998 4918 nonne
3019 4867 3422 4930 inguniscendum
3434 4903 3452 4930 ,
3471 4867 3508 4916 si
3527 4863 3698 4929 quidem
3776 4861 3777 4868 ’

2172 4960 2286 5010 clim
2309 4958 2466 5009 aureis
2489 4957 2708 5018 coronis,
2745 4957 2922 5018 quibua
2953 4956 3159 5019 populus
3179 4969 3208 5004 a
3229 4955 3410 5004 Graecis
3431 4953 3696 5008 donabatur,

2172 5048 2346 5098 referta
2363 5047 2466 5096 erat
2479 5045 2724 5096 orchestra
2741 5081 2757 5106 ,
2775 5058 2834 5096 eo
2851 5044 2980 5106 quod
3004 5043 3104 5094 dies
3118 5043 3198 5092 hic
3215 5041 3525 5105 bowitaiibus
3535 5037 3700 5088 coronis
3776 5017 3777 5110 ¹

2172 5135 2460 5186 constitutus
2501 5135 2607 5184 erat
2631 5152 2644 5182 :
2687 5145 2818 5182 nunc
2839 5145 2901 5182 ex
2927 5131 3258 5182 Demosthenis
3298 5131 3346 5179 in
3381 5143 3480 5192 rep.
3517 5123 3698 5178 admini-

2173 5223 2364 5273 stranda
2387 5221 2616 5272 institutis
2635 5233 2722 5271 vos
2739 5234 2894 5283 neque
2911 5220 3100 5270 coronis
3113 5231 3270 5280 neque
3289 5217 3538 5281 praeroniis
3555 5209 3696 5262 donati
3776 5205 3777 5216 ¹
