3825 5834
1488 462 1996 525 FRAGMENTA.

3253 470 3360 525 251

122 619 332 674 μενοι...
354 592 617 677 Ἔγραψε
648 581 707 655 δὲ
734 596 823 656 καὶ
848 596 1040 677 τέχνας
1064 594 1339 677 ῥητορικὰς
1358 596 1448 654 καὶ
1474 596 1709 675 δημηγο-
1754 596 1770 633 '
1802 610 1865 655 ut
1884 600 2135 674 primum
2159 600 2449 656 orationes
2471 640 2490 673 ,
2513 618 2638 673 quae
2659 610 2790 655 sunt
2816 596 2944 677 πρὸς
2968 597 3232 679 Αἰσχίνην
3247 604 3378 681 βλά-

122 688 240 763 ρίας
256 730 277 757 ,
312 684 557 763 ἐγκώμιά
604 708 667 745 τε
704 685 799 745 καὶ
826 683 1129 765 ἐπιταφίους
1142 728 1160 758 ,
1197 683 1289 744 καὶ
1332 684 1611 753 ἐπιστολὰς
1638 684 1707 760 ζ’,

124 774 255 849 μίαν
284 774 383 852 μιν
408 772 820 854 πραγματικήν,
853 772 949 841 τὰς
989 771 1046 833 δὲ
1080 770 1271 840 λοιπὰς
1303 771 1587 853 ἔρωτικάς,
1633 762 1709 832 ὗν

123 865 181 921 αἱ
218 864 379 923 πέντε
411 860 547 941 πρὸς
574 861 851 941 μειράκια.

202 954 519 1029 Dionysius
534 962 583 1014 t.
610 955 685 1023 V,
708 970 768 1028 Ρ.
801 952 941 1027 453,
970 971 1035 1008 ιι
1070 967 1087 1011 ι
1110 947 1405 1017 lusio-rou<
1432 948 1488 1009 δὲ
1507 948 1713 1031 γράψας

124 1039 320 1118 λόγους
357 1042 433 1106 εἷς
466 1038 789 1119 δικαστήριά
812 1060 872 1097 τε
893 1038 985 1098 καὶ
1016 1034 1209 1117 βουλὰς
1234 1036 1328 1097 καὶ
1364 1036 1493 1115 πρὸς
1514 1038 1712 1112 ἐκκλη-

125 1128 246 1196 σίας
274 1125 551 1199 εὐθέτους,
586 1127 719 1206 πρὸς
758 1126 815 1187 δὲ
840 1126 1041 1196 τούτοις
1073 1126 1491 1206 πανηγυρικούς,
1529 1127 1711 1205 ἔρωτι-

126 1217 255 1281 κούς
269 1260 289 1293 ,
336 1217 705 1283 ἐπιστολικούς
721 1261 740 1294 ‚
784 1218 890 1275 τῶν
937 1214 1033 1293 μὲν
1073 1213 1366 1295 ἔμπροσθεν
1417 1213 1711 1293 γενομένων

132 1304 377 1385 ῥητόρων
408 1302 443 1375 ἢ
472 1306 613 1366 κατὰ
650 1305 743 1365 τὸν
770 1304 925 1365 αὐτὸν
948 1303 1137 1385 χρόνον
1174 1304 1529 1381 ἀκμασάντων
1561 1302 1709 1383 ἠφά-

128 1417 240 1453 νισε
260 1396 359 1461 τὰς
389 1394 567 1463 δόξας.

208 1484 299 1541 Id.
330 1485 418 1539 ib.
444 1504 506 1560 p.
532 1483 674 1559 459,
698 1504 729 1555 7
768 1505 783 1539 ε
816 1482 1013 1549 Λυσίας
1032 1480 1087 1540 δὲ
1115 1484 1345 1541 τοιοῦτον
1374 1482 1521 1541 οὐδὲν
1544 1481 1710 1552 ἤσκη·

130 1594 221 1629 σεν
250 1573 307 1627 ἓν
344 1574 475 1647 γοῦν
516 1578 629 1638 τοῖς
666 1571 875 1650 σπουδῇ
914 1568 1263 1651 γραφομένοις
1300 1570 1585 1635 δικανικοῖς
1622 1568 1713 1627 καὶ

132 1658 607 1733 συμὸουλευτικοῖς
634 1656 806 1738 λόγοις
830 1662 1079 1735 ποιῆσαι,
1110 1656 1253 1729 πλὴν
1278 1656 1327 1715 εἴ
1354 1680 1405 1715 τι
1442 1656 1629 1737 μικρὸν
1657 1659 1710 1715 ἐν

132 1756 241 1813 τοῖς
260 1754 679 1826 πανηγυρικοῖς·
702 1746 949 1827 περὶγὰρ
969 1744 1034 1818 δὴ
1062 1748 1167 1805 τῶν
1186 1746 1533 1805 ἕπιστολικῶν
1552 1747 1713 1803 αὐτοῦ

131 1836 225 1894 καὶ
252 1840 537 1915 ἑταιρικῶν
558 1836 650 1894 καὶ
668 1838 773 1894 τῶν
800 1834 995 1909 ἄλλων,
1025 1833 1115 1901 οὓς
1140 1834 1275 1911 μετὰ
1306 1834 1522 1900 παιδιᾶς
1541 1834 1704 1913 ἔγρα-

126 1930 245 2005 ψεν,
264 1924 418 1985 οὐδὲν
438 1924 627 2003 δέομαι
646 1925 838 2002 λέγειν.

210 2016 305 2073 Id.
338 2016 423 2075 ib.
452 2036 519 2090 Ρ.
550 2022 689 2091 491,
716 2022 749 2083 t.
790 2034 805 2070 ι
836 2011 1093 2073 Μάλιστα
1117 2010 1162 2071 δ’
1194 2010 1257 2069 ἄν
1284 2035 1361 2080 τις
1395 2012 1555 2070 αὐτοῦ
1588 2016 1711 2069 θαυ-

128 2102 323 2177 μάσειε
352 2100 451 2172 τὴν
476 2104 533 2160 ἐν
552 2108 665 2169 τοῖς
690 2100 987 2180 προοιμίοις
1022 2102 1181 2159 αὐτοῦ
1206 2099 1453 2179 δύναμιν,
1488 2101 1715 2176 ἐνθυμη-

126 2192 236 2257 θεὶς
286 2190 373 2248 ὅτι
416 2190 698 2249 διακοσίων
736 2189 833 2248 οὔκ
876 2189 1128 2255 ἐλάττους
1165 2186 1461 2255 δικανικοὺς
1507 2186 1715 2267 γράψας

127 2279 317 2355 λόγους
342 2281 399 2337 ἐν
422 2278 593 2338 οὐδενὶ
619 2276 848 2359 πέφηνεν
873 2278 989 2340 οὔτε
1016 2278 1282 2348 ἄπιθάνως
1310 2276 1714 2357 προοιμιαζόμε·

124 2390 213 2434 νος
238 2365 365 2426 οὔτε
390 2366 747 2447 ἀπηρτημένῃ
764 2370 871 2425 τῶν
900 2367 1235 2445 πραγμάτων
1265 2369 1406 2447 ἀρχῇ
1426 2363 1711 2446 χρώμενος.

209 2461 279 2514 Ιιι
308 2458 499 2515 schol.
540 2458 615 2514 ad
643 2458 893 2517 AEschin.
926 2460 1012 2515 De
1040 2457 1164 2518 fals.
1194 2458 1364 2533 legat.
1398 2457 1435 2532 S
1473 2456 1577 2530 18,
1604 2456 1711 2512 τῶν

126 2542 263 2603 δέκα
283 2544 528 2625 ῥητόρων
554 2547 581 2603 ὁ
601 2543 851 2624 σκάριφος
874 2548 953 2603 ita
968 2546 1185 2602 habet.
1218 2541 1509 2621 Δείναρχος
1526 2540 1710 2619 λόγους

132 2636 181 2692 υ’
214 2633 319 2710 (υι’
348 2636 493 2694 cod.
538 2636 775 2695 Coislin.
796 2636 841 2710 )‚
873 2632 1119 2698 Λυσίας
1102 2629 1283 2708 Λόγους
1322 2630 1390 2707 ζ’,
1423 2631 1716 2709 Λυκοῦργος

126 2721 318 2801 λόγους
342 2718 405 2793 η’
408 2764 429 2798 ,
449 2719 760 2793 Ἀνδοκίδης
776 2720 962 2797 λόγους
996 2720 1111 2795 μδ’.
1136 2722 1205 2776 In
1226 2722 1314 2777 his
1341 2722 1715 2796 quemadmo-

128 2812 275 2867 dum
310 2813 641 2868 orationum
674 2812 897 2867 numeri
924 2812 1191 2884 Lycurgo
1218 2818 1277 2866 et
1310 2810 1597 2867 Andocidi
1619 2812 1715 2868 ad-

130 2902 335 2975 scripti
366 2902 448 2957 ita
468 2900 879 2976 transponendi
914 2908 970 2955 et
996 2898 1339 2955 emendandi
1362 2918 1480 2956 esse
1506 2900 1717 2958 viden-

132 3000 231 3045 tur
258 3002 327 3045 ut
358 2991 591 3064 legatur
619 3006 635 3048 :
673 2989 973 3066 Λυκοῦργος
995 2986 1179 3065 λόγους
1198 2986 1286 3057 ιδ’,
1306 2984 1605 3059 Ἀνδοκίδης
1624 2987 1714 3047 λό-

128 3097 257 3153 γους
276 3075 352 3149 η’,
374 3078 637 3135 similiter
656 3078 717 3133 in
738 3087 958 3135 antece.
1000 3076 1237 3133 fortasse
1263 3077 1567 3152 legendum
1585 3090 1670 3135 est
1700 3099 1711 3133 :

132 3164 433 3243 Δείναρχος
456 3162 645 3242 λόγους
682 3162 754 3241 ξ’,
786 3160 985 3228 Λυσίας
1010 3160 1195 3241 λόγους
1235 3162 1283 3222 u'
1304 3165 1397 3223 vel
1425 3163 1514 3225 υι’.
1562 3167 1717 3223 Gete-

132 3272 267 3309 rum
296 3251 553 3331 σκάριφος
584 3254 679 3311 ille
704 3263 887 3311 exstat
908 3254 1081 3321 ‘etiam
1114 3256 1177 3309 in
1217 3253 1419 3311 codice
1456 3252 1717 3311 Parisino

134 3363 289 3419 2991
338 3342 426 3418 (v.
458 3343 865 3399 Boissonadius
902 3343 977 3400 ad
1000 3345 1221 3418 Eunap.
1254 3352 1297 3399 t.
1331 3344 1405 3413 1.,
1434 3361 1500 3417 Ρ.
1539 3344 1645 3413 134
1668 3343 1715 3420 ),

132 3442 191 3489 et
220 3435 281 3487 in
303 3431 441 3488 cod.
468 3432 822 3488 Barocciano
854 3429 965 3487 125
987 3428 1075 3508 (v.
1096 3432 1394 3489 Cramer-us
1412 3432 1471 3486 in
1499 3431 1716 3492 Anecd.

132 3524 327 3580 Oxon.
359 3532 405 3577 t.
433 3522 539 3593 IV,
566 3540 629 3595 p.
656 3518 824 3598 256),
852 3520 957 3576 ubi
976 3539 1085 3595 pro
1111 3517 1317 3584 Λυσίας
1340 3518 1523 3595 λόγους
1550 3518 1599 3596 ζ’
1635 3534 1721 3576 est

134 3608 323 3683 λόγους
351 3606 433 3678 ς’;
470 3627 579 3664 nec
623 3627 743 3664 non
787 3606 945 3682 apud
992 3608 1239 3665 Manuel.
1280 3608 1718 3681 Moschopulum

134 3715 195 3769 p.
228 3696 330 3766 δυ,
362 3696 467 3751 ubi
510 3697 604 3752 Fr.
638 3696 710 3755 N.
742 3697 985 3767 TitziuS,
1016 3715 1135 3751 ιιοιι
1162 3696 1450 3753 intellecto
1490 3700 1713 3754 numeri

132 3785 315 3859 sigln,
342 3784 509 3841 dedit
537 3802 553 3842 ε
590 3781 791 3849 Λυσίας
812 3782 997 3863 λόγους
1032 3792 1091 3853 4.

172 3922 229 3981 1.
278 3920 493 3980 ΠΡΟΣ
531 3920 1103 4069 ΑΙΣΧΙΝΞἮΕᾙΞΝ
1152 3920 1659 3986 ΣΩΚΡΑΤΙΚΟΝ

220 4159 247 4183 ιι
280 4135 349 4191 F.
385 4134 494 4190 Th.
520 4132 809 4188 WVelckeri
836 4142 1015 4187 exstat
1038 4132 1111 4188 de
1134 4132 1243 4188 hac
1276 4136 1535 4191 oratione
1562 4156 1720 4193 com-

138 4223 421 4277 mentatio
434 4222 493 4275 in
508 4221 688 4276 Musei
714 4220 953 4276 rhenani
974 4222 1085 4279 aF.
1100 4222 1206 4276 Th.
1233 4223 1541 4280 Welckero
1567 4236 1623 4280 et
1644 4228 1715 4285 A.

143 4313 205 4367 F.
245 4308 445 4364 Naekio
466 4308 603 4365 editi
634 4310 748 4368 vol.
776 4308 851 4379 ll,
882 4328 942 4383 p.
974 4308 1205 4383 391-4
1221 4329 1313 4382 10,
1343 4330 1515 4384 quam
1538 4314 1721 4387 repeti

140 4400 307 4468 jussit
327 4399 753 4473 Opusculorum
772 4400 887 4453 vol.
920 4400 943 4453 1
968 4418 1031 4473 p.
1062 4400 1376 4467 lna—430
1407 4415 1424 4459 ε
1454 4402 1719 4457 Unoerhc-

146 4488 267 4542 hei!
304 4489 414 4542 der
454 4487 607 4542 Rode
650 4488 749 4542 des
787 4489 983 4554 Lysias
1029 4506 1213 4562 gegen
1252 4489 1361 4543 den
1404 4490 1726 4546 Sokrate’ker

148 4576 464 4632 AEschines.
502 4572 683 4647 liujus
718 4576 1177 4631 commentarioli
1201 4594 1422 4631 summa
1461 4577 1579 4633 haec
1616 4589 1721 4651 est,

150 4772 245 4815 tem
266 4765 536 4815 oratoriam
557 4767 611 4815 et
636 4765 893 4815 conciones
906 4800 922 4825 ‚
944 4764 1063 4815 item
1086 4765 1305 4814 encomia
1323 4801 1339 4826 ‚
1370 4764 1614 4816 orationes
1651 4766 1725 4817 ιιι·

150 4838 357 4897 nebi-es,
394 4836 623 4899 epistolas
650 4840 841 4898 septem
861 4870 877 4897 ,
920 4849 1067 4885 unam
1104 4839 1449 4898 pragmaticam
1475 4871 1490 4897 ,
1522 4838 1729 4901 reliquas

150 4908 445 4967 airiatorias5
471 4920 675 4969 quaram
696 4908 913 4969 quinque
934 4909 1049 4954 sunt
1074 4906 1137 4954 ad
1170 4906 1569 4957 adolescentulos.

210 4978 387 5028 Multis
411 4980 577 5027 autem
602 4978 797 5039 scriptis
829 4976 1127 5027 orationibus
1142 4976 1453 5038 judicialibus
1472 4983 1523 5028 et
1540 4977 1724 5030 delibe-

152 5051 323 5099 rativis
354 5051 413 5098 et
438 5048 803 5097 concionalibus
830 5046 1133 5110 insignibus,
1158 5060 1249 5097 nec
1278 5061 1373 5098 non
1400 5052 1724 5112 panegyricis,

151 5120 420 5179 montorii«,
448 5120 741 5182 epistolicis,
766 5121 1021 5180 omnium,
1044 5120 1125 5180 qui
1154 5118 1285 5181 prius
1320 5118 1583 5171 floruerant
1604 5158 1619 5183 ‚
1642 5128 1727 5171 aut

154 5198 257 5242 tum
280 5192 431 5241 etiam
457 5192 711 5251 llorebant,
731 5193 985 5241 oratorum
1016 5190 1217 5252 gloriam
1240 5190 1539 5240 obscuravit.

213 5264 383 5327 Lysias
406 5269 567 5313 autem
590 5262 711 5314 nihil
732 5261 1009 5323 huiusmodi
1040 5262 1087 5311 in
1110 5262 1405 5313 orationibus
1422 5300 1437 5323 ,
1470 5266 1574 5313 tum
1591 5263 1726 5325 iudi·

1800 684 1897 759 6ης
1923 698 1983 745 et
2013 686 2152 748 Κατ’
2179 685 2438 766 Αἰσχίνου
2470 687 2592 767 περὶ
2629 690 2725 759 τῆς
2771 686 3075 763 δημεύσεως
3101 692 3208 747 τῶν
3243 690 3377 771 Ἀρι-

1799 773 2084 854 στοφάνους
2109 774 2404 854 χρημάτων
2423 776 2496 832 ad
2527 777 2670 833 alios
2712 776 2972 836 homines
3013 782 3380 854 cognomines

1800 867 2094 940 pertinere
2117 865 2364 939 judicet,
2393 864 2605 921 deinde
2626 867 2858 940 Lysiam
2886 867 3204 923 orationem
3227 886 3376 925 con-

1805 965 1893 1010 tra
1919 954 2248 1013 AEschinem
2271 955 2564 1029 scripsisse
2585 951 2708 1035 περὶ
2738 952 3088 1034 συκοφαντίας
3116 959 3379 1033 Diogene

1806 1054 2048 1101 auctore
2076 1062 2112 1100 a
2146 1042 2283 1119 §64
2319 1054 2528 1101 stamat
2547 1085 2566 1115 ,
2597 1045 2699 1101 sed
2731 1062 2858 1107 eam
2905 1044 3377 1103 declamationem

1802 1132 1970 1190 fuisse
2001 1133 2243 1189 similem
2269 1130 2424 1208 ejus,
2463 1152 2579 1207 qua
2604 1134 2800 1209 Lysias
2842 1134 3142 1191 Socratem
3174 1134 3377 1191 defen-

1804 1221 1954 1279 disse
1977 1222 2212 1295 dicitur,
2236 1221 2486 1295 denique
2513 1239 2668 1293 eam,
2693 1224 2787 1279 cui
2814 1223 3116 1279 Athenaeus
3140 1223 3379 1298 inscrip-

1804 1322 1928 1367 tum
1979 1310 2171 1366 fuisse·
2193 1309 2346 1366 dicat
2387 1306 2531 1387 Πρὸς
2584 1307 2842 1387 Αἰσχίνην
2890 1309 2978 1368 τὸν
3031 1309 3378 1388 Σωκρατικὸν

1802 1388 2002 1474 χρέως,
2053 1398 2300 1455 rhetoris
2327 1398 2661 1454 recentioris
2709 1397 2848 1454 odio
2897 1399 3378 1474 philosophorum

1804 1484 1963 1541 ducti
1993 1503 2136 1561 opus
2163 1488 2344 1543 veteri
2381 1487 2597 1543 oratori
2636 1487 2998 1563 suppositum
3027 1506 3169 1560 esse,
3200 1491 3380 1564 Aspa-

1809 1574 1902 1629 siae
1929 1575 2280 1631 mentionem
2303 1574 2377 1631 ad
2401 1574 2873 1633 declamationem
2893 1578 3046 1632 illam
3069 1578 3379 1652 genuinam

1802 1663 2094 1737 pertinere
2117 1662 2330 1735 videri,
2351 1664 2588 1737 reliquae
2610 1682 2812 1734 voces,
2835 1684 2974 1739 quas
2993 1666 3378 1739 Harpocratio

1802 1749 2035 1822 afferat,
2063 1762 2259 1808 utrum
2290 1754 2538 1810 orationi
2574 1754 2878 1827 supposita!
2907 1753 3230 1809 tribuendae
3267 1756 3382 1809 sint

1805 1853 1880 1891 an
1910 1837 2315 1897 declamationi
2346 1838 2600 1897 dubitari
2638 1857 2827 1914 posse.
2875 1841 3248 1897 Welckerum
3285 1860 3380 1897 se-

1804 1928 2002 2001 quitur
2037 1928 2402 1985 Hoelscherus
2441 1930 2568 2000 (De
2615 1934 2730 1984 vita
2791 1940 2850 1983 et
2891 1934 3116 2003 scriptis
3163 1932 3376 2003 Lyse‘oe.

1808 2018 2058 2072 Bemle'm'
2094 2016 2240 2088 1837
2261 2020 2299 2091 ).
2331 2021 2520 2091 Atque
2541 2018 2855 2088 orationes,
2877 2035 3002 2090 quae
3023 2029 3156 2073 sunt
3177 2016 3381 2094 βλάὸης

1804 2116 1862 2161 et
1901 2101 2025 2182 περὶ
2073 2102 2404 2179 δημεύσεως,
2447 2104 2582 2178 jure
2623 2115 2822 2161 contra
2865 2105 3038 2159 alium
3101 2106 3194 2160 vel
3239 2106 3381 2160 alios

1802 2192 2063 2250 homines
2098 2193 2322 2249 habitas
2358 2210 2478 2250 esse
2505 2204 2715 2253 censet.
2799 2190 2912 2248 Sed
2947 2192 3108 2266 quod
3149 2194 3379 2249 oratio-

1803 2299 1932 2337 nem
1953 2322 1970 2350 ,
2001 2300 2126 2355 quae
2151 2290 2232 2337 est
2269 2278 2464 2359 χρέως,
2490 2281 2844 2356 suppositam
2874 2298 2988 2336 esse
3015 2282 3208 2335 statuit
3230 2323 3249 2355 ,
3279 2300 3373 2337 ar·

1803 2380 2100 2444 gumenta‚
2143 2387 2268 2443 quae
2300 2371 2570 2445 protulit,
2597 2386 2805 2443 parum
2843 2366 3152 2424 sufficiunt.
3193 2371 3260 2423 In
3295 2388 3382 2426 re-

1802 2457 1913 2514 bus
1938 2458 2170 2533 singulis
2201 2459 2346 2513 nihil
2377 2470 2488 2527 est,
2538 2457 2698 2531 quod
2724 2457 3102 2530 suspicionem
3131 2468 3376 2514 moveat.

1806 2547 2130 2603 AEschinem
2155 2566 2294 2604 vero
2318 2549 2376 2603 in
2401 2556 2646 2623 egestate
2673 2547 2924 2601 maxima
2957 2546 3128 2601 vitam
3164 2545 3382 2621 degisse

1808 2648 2032 2695 constat
2059 2656 2074 2693 τ
2108 2656 2178 2693 ex
2205 2654 2274 2693 ea
2295 2637 2456 2695 facile
2479 2634 2850 2691 incommoda
2873 2644 3032 2690 tanta
3059 2636 3201 2689 oriri
3223 2646 3383 2711 pote-

1805 2736 1934 2783 rant
1960 2767 1976 2796 ,
2003 2738 2069 2781 ut
2099 2728 2374 2783 malitiosa
2417 2726 2648 2782 solertia
2681 2732 2956 2781 exornata
2979 2741 3105 2779 eam
3137 2726 3382 2799 speciem

1806 2814 2144 2883 induerent,
2177 2833 2349 2888 quam
2386 2816 2446 2869 in
2475 2816 2582 2870 bac
2609 2815 2870 2870 oratione
2909 2813 3197 2870 miramur.
3227 2814 3380 2869 Cau·

1809 2904 2044 2977 poniam
2073 2920 2340 2960 exercere
2363 2904 2452 2959 vel
2473 2903 2903 2977 unguentariam
2929 2901 3116 2957 facere
3144 2902 3382 2959 Athenis

1806 2992 1920 3047 vile
1957 2989 2192 3063 quidem
2233 3000 2357 3046 erat
2394 3006 2584 3063 neque
2621 3006 2762 3045 vero
2808 2988 3098 3045 infamiam
3124 2987 3378 3059 ferebat,

1808 3091 1873 3137 ut
1909 3079 1983 3135 ab
2027 3078 2291 3134 AEschine
2340 3079 2589 3134 alienum
2641 3075 2892 3149 judicari
2947 3094 3174 3135 necesse
3213 3090 3380 3149 esset,

1808 3167 1972 3239 cujus
1999 3176 2220 3241 patrem
2255 3164 2528 3223 sartorem
2571 3165 2740 3221 fuisse
2779 3166 3008 3221 scimus.
3064 3165 3231 3222 Adde
3259 3185 3384 3240 quae

1809 3255 1881 3312 de
1910 3264 2236 3329 temporum
2259 3254 2685 3311 necessitatibus
2722 3254 3034 3312 Euxitheus
3061 3254 3200 3311 dicit
3223 3254 3384 3328 apud

1814 3344 2256 3402 Demosthenem
2317 3362 2407 3401 or.
2469 3341 2540 3414 57
2593 3342 2652 3418 S.
2725 3340 2823 3408 45.
2880 3343 3188 3416 Quomodo
3245 3360 3383 3400 vero

1812 3433 2090 3489 causidici
2135 3420 2310 3487 vitam
2377 3442 2434 3487 et
2502 3448 2692 3487 mores
2733 3450 2988 3488 reorum·
3018 3434 3384 3489 tractaverint

1808 3532 1867 3579 et
1894 3523 2018 3579 aliis
2067 3521 2339 3594 exemplis
2380 3528 2602 3575 constat
2637 3520 2932 3594 permultis
2961 3530 3020 3577 et
3057 3539 3226 3577 causa
3267 3521 3382 3577 hu-

1805 3609 1926 3683 jus,
1962 3610 2035 3667 de
2060 3628 2176 3683 qua
2212 3610 2587 3684 exponimus,
2631 3609 2918 3663 simillima
2963 3609 3286 3679 Timothei,
3315 3610 3386 3665 in

1808 3717 1982 3773 quem
2011 3708 2214 3753 auctor
2261 3697 2537 3751 orationis
2586 3713 2712 3769 quae
2739 3705 2824 3751 est
2863 3696 3012 3753 inter
3053 3698 3384 3755 demosthe-

1810 3788 1968 3842 nicas
2000 3792 2075 3859 49
2118 3786 2376 3841 convicia
2413 3785 2772 3849 acerbissima
2794 3784 2976 3857 jactat
2999 3784 3068 3861 (S
3096 3784 3172 3843 65
3211 3783 3380 3863 sqq).

1808 3874 1960 3930 Nihil
2007 3874 2180 3949 igitur
2223 3890 2398 3928 causae
2426 3888 2541 3927 esse
2582 3881 2763 3945 pum,
2805 3883 2869 3927 ut
2907 3872 3226 3929 orationem
3257 3892 3384 3947 quae

1810 3974 1893 4019 est
1921 3959 2044 4040 περὶ
2079 3958 2250 4039 χρέως
2291 3959 2644 4033 suppositam
2683 3977 2802 4015 esse
2842 3960 3164 4020 credamus.
3195 3962 3386 4033 Atque

1808 4052 1881 4107 ad
1908 4052 2056 4107 hanc
2087 4052 2266 4126 ipsam
2301 4049 2473 4104 etiam
2503 4066 2568 4103 ea
2594 4087 2611 4118 ,
2661 4066 2788 4122 quae
2815 4050 3105 4124 Diogenes
3145 4068 3179 4105 2
3217 4050 3270 4125 5.
3307 4050 3383 4105 63

1811 4140 1890 4194 ait
1935 4159 1950 4194 ι
1993 4136 2083 4195 καὶ
2121 4135 2320 4202 Λυσίας
2360 4133 2416 4193 δὲ
2448 4133 2566 4193 κατ’
2606 4136 2766 4195 αὐτοῦ
2801 4134 3036 4215 γέγραφε
3067 4134 3222 4212 λόγον
3263 4136 3386 4215 περὶ

1811 4224 2155 4305 συκοφαντίας
2198 4222 2492 4303 ἐπιγράψας
2531 4225 2748 4297 reser03
2822 4244 2958 4281 nam
2986 4228 3170 4302 prima
3210 4226 3387 4283 verba

1810 4312 2006 4389 νομίζω
2045 4312 2094 4371 δ’
2129 4315 2224 4371 οὐκ
2259 4314 2322 4372 ἂν
2361 4310 2553 4392 ῥᾳδίως
2582 4311 2739 4371 αὐτὸν
2783 4314 2966 4393 ἑτέραν
3004 4311 3202 4395 ταύτης
3229 4335 3387 4373 συκο-

1812 4399 2242 4483 φαντωδεστέραν
2281 4400 2504 4481 ἐξευρεῖν
2544 4403 2711 4459 facile
2747 4405 3182 4478 grammaticum
3215 4402 3386 4459 indu-

1816 4510 1946 4549 cere
1979 4502 2271 4567 poterant,
2301 4503 2374 4547 ut·
2401 4490 2525 4569 περὶ
2550 4488 2902 4570 συκοφαντίας
2929 4492 3096 4548 ιίιυΙο
3125 4491 3380 4547 adderet.

1815 4580 1874 4636 Si
1921 4598 2059 4635 vero
2101 4581 2295 4655 plures
2338 4579 2574 4635 fuissent
2616 4579 2794 4654 Lysiae
2843 4582 3130 4636 orationes
3183 4590 3388 4637 contra

1822 4768 2024 4819 cialibus
2040 4802 2056 4827 ,
2083 4770 2188 4819 tum
2213 4768 2540 4819 deliberativis
2559 4804 2574 4829 ,
2609 4781 2734 4831 quas
2753 4769 2884 4819 certe
2912 4769 3136 4817 accurate
3165 4766 3354 4829 scripsit
3371 4802 3391 4834 ,γ

1818 4838 2074 4899 adhibuit,
2103 4838 2195 4887 nisi
2223 4838 2426 4888 fortasse
2451 4838 2670 4887 nonnihil
2695 4839 2744 4887 in
2765 4838 3082 4900 panegyricis.
3109 4841 3178 4887 De
3205 4840 3388 4901 episto-i

1818 4911 1874 4960 lis
1896 4910 2024 4959 enim
2057 4914 2108 4959 et
2129 4910 2374 4959 amatoriis
2405 4912 2456 4959 et
2481 4910 2587 4959 aliis
2627 4910 2905 4959 orationum
2948 4908 3235 4971 generibus,
3267 4922 3391 4972 quas

1818 4977 1950 5029 nulla
1981 4977 2198 5027 adhibila
2219 4990 2336 5027 cura
2358 4978 2661 5039 conscripsit,
2681 4990 2778 5027 non
2807 4980 2884 5029 est
2903 4991 3026 5044 opus
3053 4978 3233 5027 dicere.

1879 5048 1974 5099 Sed
1996 5048 2044 5097 in
2065 5047 2274 5099 exordiis
2303 5049 2568 5110 praisertim
2585 5048 2742 5111 Lysiae
2764 5048 2966 5098 facultas
2985 5048 3204 5111 patescit,
3233 5062 3388 5111 φιιιιῃ

1816 5124 2044 5184 appareat
2071 5119 2118 5167 in
2133 5118 2444 5181 iudicialibus
2467 5132 2582 5168 eum
2605 5120 2905 5177 orationibus
2920 5150 2937 5176 ‚
2967 5132 3091 5181 quas
3110 5133 3210 5168 non
3229 5121 3389 5172 minus

1815 5192 2036 5243 ducentis
2053 5192 2260 5256 scripsit,
2285 5204 2532 5255 nunquam
2553 5206 2650 5243 non
2670 5193 2994 5245 verisimiliter
3011 5192 3277 5255 inchoasse,
3299 5208 3388 5253 nec

1816 5264 2024 5315 alienum
2045 5278 2069 5313 a
2095 5278 2146 5314 re
2169 5263 2419 5314 exordium
2443 5262 2732 5315 adhibuisse.
