3825 5834
539 487 651 537 8⁴8

537 608 734 679 σεῖχον,
765 600 963 658 ἀνεῖλον
991 597 1101 677 ἅμα
1133 600 1249 668 ταῖς
1271 603 1372 659 τῶν
1399 601 1628 684 Θρᾳκῶν
1656 596 1884 678 γυναιξὶν
1913 596 2001 657 ἐπὶ
2024 600 2090 677 τῇ

1903 462 2384 526 THEODECTIS

2179 592 2318 672 γάλα
2354 591 2495 653 κακὰ
2523 590 2739 669 Λήμνια
2768 589 2997 668 λέγεται.
3040 592 3103 651 In
3132 594 3223 649 his
3258 593 3475 649 Caucali
3510 616 3675 659 nomen

537 686 798 767 δυσωδίᾳ,
829 686 894 759 ἣν
919 686 1181 767 Μυρσίλος
1209 686 1303 765 μὲν
1336 689 1422 748 διὰ
1448 689 1533 749 τὸν
1565 687 1796 761 Μηδείας
1824 686 1910 745 ἐπὶ
1934 684 2091 765 Ὗψι-
2181 685 2573 760 reponendum
2610 700 2725 738 esse
2760 683 2977 757 primus
3016 683 3263 755 conjecit
3288 685 3573 741 Reinesius.
3611 690 3673 747 Cs.

535 776 676 856 πύλῃ
706 777 857 847 ζῆλον
878 784 1190 855 κατασχεῖν,
1214 776 1492 847 Καύκασος
1514 783 1534 852 (
1555 775 1826 843 Καύκαλος
1845 773 1900 854 Ρ)
1929 773 1985 833 δὲ
2007 771 2093 833 διὰ

536 862 597 923 τὸ
619 866 935 945 ὀλιγωρῆσαι
955 868 1047 939 τῆς
1073 865 1375 947 Ἀφροδίτης
1407 866 1500 935 τὰς
1526 864 1784 943 Λημνίας·
1823 862 1964 923 ἔνθεν
1997 884 2088 939 με·

2182 777 2592 831 Westermann.
2626 772 2665 827 l.
2698 772 2738 827 l.
2777 772 2811 847 S
2844 769 2941 845 50,
2972 770 3025 826 8.
3050 774 3135 827 De
3157 772 3348 829 Suidae
3370 773 3493 829 loco
3518 792 3674 849 parum

2184 863 2285 919 ino
2315 863 2537 937 integro
2558 860 2688 917 vide
2710 859 3161 933 Bernhardyum.

1519 1169 1946 1259 XXXIII.
2002 1162 2748 1257 THEODECTES.

614 1362 930 1435 Stephanus
957 1363 1090 1437 Byz.
1125 1382 1183 1421 v.
1211 1359 1470 1435 Φάσηλις·
1492 1362 1790 1434 Θεοδέκτης
1827 1363 1874 1420 δ’
1915 1352 1980 1433 ἧν
2001 1361 2090 1440 γέ-

536 1469 619 1513 νος
651 1448 996 1525 Φασηλίτης,
1028 1448 1134 1515 υἳὸς
1163 1448 1557 1531 Ἀριστάνδρου,
1588 1450 1772 1509 κάλλει
1814 1449 2089 1529 διαφέρων,

536 1533 590 1600 ὃς
610 1534 820 1605 ἐποίησε
845 1535 1135 1615 τραγῳδίας
1175 1536 1218 1593 ν’
1245 1537 1336 1597 καὶ
1361 1537 1636 1619 ῥητορικὰς
1668 1537 1856 1617 τέχνας
1881 1538 1974 1595 καὶ
2001 1534 2093 1596 λό-

537 1642 658 1699 γους
694 1622 994 1703 ῥητορικοὺς
1019 1625 1156 1683 ἐπῶν
1186 1624 1314 1712 ηᾳῦ.
1349 1624 1594 1685 Ἀπέθανε
1634 1626 1679 1683 δ’
1706 1622 1949 1697 Ἀθήνησι
1970 1624 2086 1682 κτλ.

617 1730 856 1785 Codices
892 1730 1105 1785 habent
1139 1732 1282 1789 ἐπῶν
1319 1728 1439 1800 καὶ,
1497 1733 1557 1787 in
1591 1730 1799 1805 quibus
1827 1749 2093 1786 versuum

538 1818 656 1872 sive
685 1814 878 1895 στίχων
907 1836 1204 1875 numerum
1238 1820 1410 1875 latere
1432 1829 1561 1893 post
1599 1817 1936 1875 Ritschlium
1962 1837 2092 1873 mo-

538 1916 781 1960 nuerunt
823 1906 1102 1980 Sauppius
1143 1918 1200 1963 et
1241 1908 1605 1965 Meineckius.
1639 1908 1916 1961 Numerus
1956 1926 2093 1963 num

537 1992 705 2047 suerit
733 1990 836 2068 καί
859 1992 876 2068 (
899 1994 1120 2069 21010)
1151 2014 1223 2051 an
1258 2016 1306 2074 ⁸it
1338 2012 1412 2051 an
1429 2015 1523 2072 κα,
1545 1995 1698 2050 unde
1717 1991 1806 2049 καὶ
1831 2013 1945 2049 vox
1970 2005 2093 2051 orta

537 2082 637 2148 sit,
662 2081 791 2135 sciri
811 2080 931 2152 jam
959 2084 1181 2155 nequit.
1214 2084 1476 2139 Ceterum
1504 2100 1573 2137 ex
1607 2092 1805 2137 nostro
1836 2080 1967 2137 loco
1991 2100 2091 2137 ex-

537 2168 864 2242 plicandum
889 2179 1031 2243 puto
1061 2170 1223 2244 quod
1253 2170 1406 2245 apud
1428 2162 1662 2226 Suidam
1688 2188 1736 2227 s.
1770 2187 1826 2227 v·
1858 2166 2094 2228 Θεοδέκ-

535 2274 628 2323 της
653 2255 891 2329 legitur:
933 2250 1128 2335 ἔγραψε
1156 2252 1210 2313 δὲ
1249 2254 1338 2313 καὶ
1378 2253 1569 2334 τέχνην
1611 2253 1888 2335 ῥητορικὴν
1914 2257 1967 2313 ἐν
1991 2253 2093 2331 μί·-

431 2354 442 2367 ·
535 2362 642 2418 τρῳ
673 2340 763 2397 καὶ
791 2340 926 2398 ἄλλα
967 2339 1085 2398 τινὰ
1115 2341 1498 2419 καταλογάδην.
1527 2345 1670 2399 Nam
1704 2362 1883 2417 quum
1909 2360 1945 2399 a
1974 2345 2091 2399 veri

537 2431 727 2506 specie
753 2429 1059 2487 abhorreat
1093 2433 1356 2487 Isocratis
1380 2432 1726 2505 discipulum
1755 2442 1933 2488 artem
1966 2432 2093 2488 rhe-

538 2519 779 2573 toricam
817 2515 884 2573 δι’
911 2518 1050 2575 ἐπῶν
1077 2521 1386 2593 scripsisse,
1425 2519 1588 2576 facile
1627 2530 1813 2575 tamen
1845 2518 1959 2575 hoc
2001 2519 2095 2574 ef-

537 2604 674 2679 fingi
715 2607 906 2678 potuit
936 2625 966 2660 a
996 2609 1364 2681 grammatico
1404 2607 1620 2664 fontem
1666 2608 1992 2677 adhibente,
2036 2609 2096 2662 in

537 2712 654 2767 quo
680 2692 818 2749 ἐπῶν
839 2712 953 2749 vox
990 2711 1060 2749 eo
1093 2712 1256 2750 sensu
1283 2696 1670 2773 usurpabatur
1694 2714 1811 2768 quo
1848 2695 2096 2750 vidimus

535 2777 690 2853 apud
723 2780 1094 2855 Stephanum.
1113 2812 1196 2825 —
1213 2783 1430 2854 Quodsi
1460 2783 1646 2839 Suidae
1665 2782 1806 2838 fides
1827 2783 2092 2838 habenda

536 2876 650 2936 est,
697 2867 839 2923 alter
893 2869 1276 2941 Theodectes,
1321 2872 1502 2926 nostri
1545 2871 1712 2943 hujus
1741 2868 1912 2945 filius,
1956 2872 2092 2927 item

537 2964 718 3009 artem
767 2954 1132 3013 =rhetoricam
1193 2959 1417 3032 scripsit
1477 2958 1635 3015 libris
1683 2971 1899 3033 septem
1919 3001 1936 3031 ,
1987 2977 2091 3015 nec

537 3060 659 3095 non
701 3044 1028 3098 encomium
1065 3046 1376 3101 Alexandri
1416 3044 1683 3120 Epirotae.
1718 3046 1983 3104 Ceterum
2022 3045 2093 3101 de

537 3131 858 3189 'Iheodecte
887 3131 1168 3189 Phaselita
1195 3152 1255 3191 v.
1277 3135 1668 3189 Westermann
1693 3133 1884 3191 Gescla.
1909 3134 1967 3188 d.
1992 3151 2084 3205 gr.

541 3222 774 3276 Bet-eds.
820 3220 854 3295 §
901 3220 975 3277 56
1023 3232 1079 3277 et
1119 3222 1230 3291 683
1269 3222 1419 3277 idem
1463 3224 1524 3277 in
1565 3224 1779 3294 Ραιιζγι·
1825 3224 2089 3278 Realenc.

538 3317 580 3365 t.
605 3310 704 3379 VI,
747 3326 810 3383 p.
844 3310 992 3383 1798
1017 3328 1134 3384 sq.;
1174 3310 1237 3366 C.
1281 3310 1341 3365 F.
1368 3312 1435 3368 T.
1465 3310 1758 3365 Maerckeri
1794 3310 2096 3365 Commen-

540 3395 683 3449 tatio
721 3396 907 3469 prima
931 3396 1004 3451 de
1027 3396 1360 3453 Theodectis
1404 3395 1700 3453 Phaselitae
1721 3397 1840 3453 vita
1865 3406 1925 3452 et
1956 3396 2094 3451 scri-

538 3483 672 3555 ptis,
693 3484 984 3540 Vratislav.
1014 3483 1160 3539 1835
1177 3504 1193 3555 ;
1211 3486 1290 3539 M.
1314 3484 1573 3540 Schmidt
1591 3486 1677 3540 De
1695 3494 1954 3558 tempore
1976 3502 2095 3556 quo

539 3569 615 3623 ab
636 3570 938 3625 Aristotele
955 3570 1089 3625 libri
1115 3570 1186 3627 de
1227 3581 1348 3626 arte
1367 3571 1512 3631 rhet.
1541 3572 1851 3645 conscripti
1869 3582 1925 3627 et
1960 3571 2098 3625 editi

539 3657 681 3725 sint,
709 3655 844 3713 Hal.
886 3655 1054 3728 1837,
1088 3675 1147 3731 p.
1176 3657 1209 3712 3
1246 3676 1399 3731 sqq.;
1427 3660 1522 3717 W.
1551 3659 1617 3717 C.
1643 3660 1861 3731 Kayser
1889 3658 2096 3713 Histor.

541 3744 670 3798 crit.
689 3752 872 3817 tragg.
891 3762 979 3818 gr.
998 3763 1060 3818 p.
1087 3744 1195 3801 108
1220 3746 1634 3821 sqq.;Wagner
1658 3745 1890 3821 Fragm.
1918 3756 2095 3820 tragg.

537 3848 624 3905 gr.
659 3828 766 3885 113
791 3848 918 3904 sqq..
963 3832 1058 3890 ed.
1108 3831 1310 3889 Didot.

1117 3970 1166 4030 1.
1209 3968 1496 4031 ΝΟΜΟΣ.

633 4114 658 4140 α
703 4091 868 4147 Haud
897 4092 1350 4166 improbabiliter
1385 4094 1526 4149 mihi
1557 4095 1838 4167 conjicere
1867 4096 2091 4165 videor,

539 4180 682 4235 hanc
708 4181 1170 4235 declamationem
1211 4181 1286 4237 ad
1314 4182 1562 4239 rationes
1595 4185 1839 4239 militum
1873 4202 2091 4241 merce·

539 4344 772 4393 invasisse
803 4344 870 4393 ait
893 4357 974 4405 per
1009 4344 1244 4394 invidiam
1271 4346 1452 4396 Medeai
1473 4360 1585 4409 erga
1623 4349 1914 4411 Hypsipylen
1932 4385 1946 4409 ,
1972 4352 2093 4399 cau·

538 4424 675 4460 casus
692 4412 710 4474 (
730 4413 1058 4475 ΰαιισαῑωὲ)
1080 4426 1214 4474 vero,
1237 4416 1366 4477 quod
1393 4416 1604 4467 Lemniae
1623 4416 1849 4467 mulieres
1883 4418 2097 4469 debitum

540 4483 712 4599 vens-ri
743 4483 973 4603 liguorem
997 4496 1096 4535 nou
1122 4484 1415 4537 tribuissent.
1449 4487 1578 4538 Hinc
1611 4500 1784 4551 magua
1807 4488 1937 4538 mala
1960 4492 2098 4541 Lem·

539 4562 616 4599 ma
665 4564 774 4603 ιουει
813 4565 870 4603 tr.

1205 4672 1246 4721 Ι.
1277 4670 1417 4723 LEX.

1311 4786 1356 4832 1.

602 4877 738 4928 Alius
761 4878 893 4930 locus
919 4880 978 4929 ad
1001 4882 1428 4935 demonstrandum
1461 4890 1605 4947 aptus
1628 4887 1699 4935 est
1735 4900 1796 4937 ex
1821 4886 2097 4939 inductione

624 4949 703 4997 Sic
721 4948 767 4997 in
790 4951 908 5011 Lege
925 4952 1217 5005 Theodectes
1240 4954 1342 5004 ait:
1366 4972 1389 4997 α
1408 4954 1484 5017 iis,
1507 4956 1589 5017 qui
1605 4956 1727 5005 male
1745 4956 1927 5007 alienos
1949 4971 2097 5019 equos

543 5023 797 5080 curarunt,
819 5033 913 5069 non
951 5024 1258 5073 committunt
1298 5036 1444 5086 suos,
1474 5038 1632 5087 neque
1671 5025 1760 5086 iis,
1785 5028 1870 5089 qui
1892 5027 2095 5078 aliorum

545 5100 694 5136 naves
719 5092 1019 5152 everterunt,
1043 5094 1352 5143 committunt
1374 5108 1510 5155 suas;
1539 5094 1710 5156 quodsi
1745 5096 1888 5157 igitur
1912 5096 1962 5146 in
1987 5111 2093 5146 oni-

2180 1362 2472 1417 nariorum
2498 1360 2622 1436 lege
2642 1361 2713 1417 ab
2732 1360 3158 1417 Atheniensibus
3176 1370 3439 1416 accurate
3462 1362 3675 1421 ordinan-

2180 1448 2281 1506 das
2334 1451 2690 1524 pertinuisse.
2744 1448 2889 1507 Nam
2947 1468 3078 1504 cum
3131 1449 3194 1504 C.
3254 1448 3589 1525 Goettlingius
3629 1456 3677 1509 ad

2182 1538 2415 1593 Aristot.
2450 1538 2668 1611 politic.
2716 1556 2776 1611 Ρ.
2811 1555 2956 1611 29²2
2992 1538 3365 1593 Naumannus
3400 1538 3469 1592 ad
3496 1542 3675 1600 Aristot.

2182 1626 2563 1700 Rerumpubl.
2596 1622 2861 1698 reliquias
2887 1643 2947 1698 p.
2980 1642 3112 1695 100,
3148 1625 3589 1683 Wachsmuthius
3616 1650 3678 1684 an-

2182 1712 2326 1787 tiqu.
2360 1730 2529 1787 graec.
2569 1731 2590 1767 1
2623 1731 2683 1786 p.
2721 1729 2833 1786 799
2862 1712 3072 1767 librum
3110 1714 3183 1767 de
3208 1714 3493 1786 republica
3526 1716 3679 1772 intelli·

2182 1800 2431 1873 gendum
2448 1817 2567 1856 mse
2588 1800 3071 1870 existimavissent,
3094 1800 3166 1857 G.
3192 1798 3268 1857 G.
3294 1798 3577 1857 Nitrschius
3592 1806 3675 1859 ind.

2182 1887 2336 1942 lectt.
2381 1888 2594 1943 aestivv.
2642 1886 2809 1945 acad.
2840 1887 3163 1943 kiloniensis
3204 1906 3260 1945 a.
3303 1888 3448 1943 1828
3476 1900 3527 1943 et
3552 1892 3677 1944 Maer-

2182 1972 2381 2029 ckerus
2408 1974 2449 2033 l.
2483 1973 2537 2029 d.
2562 1992 2620 2047 p.
2656 1992 2731 2047 9²
2751 1973 3017 2029 viderunt
3036 1974 3499 2031 declamationem
3522 1977 3673 2047 fuisse;

2182 2079 2307 2135 quae
2324 2062 2444 2133 jam
2489 2061 2814 2117 Ruhnkenii
2854 2064 3129 2117 sententia
3174 2062 3369 2118 fuerat
3421 2064 3548 2119 nist.
3592 2068 3677 2119 crit.

2180 2168 2244 2227 Ρ.
2278 2149 2374 2207 83.
2407 2172 2431 2201 »
2468 2150 2759 2207 Smrrxus.

2930 2247 2955 2283 1

2262 2316 2589 2372 Aristoteles
2618 2316 2788 2376 Rhet.
2811 2355 2829 2386 ,
2866 2316 2957 2387 11,
2982 2332 3056 2371 αα
3076 2354 3095 2390 ,
3121 2334 3182 2390 p.
3222 2314 3365 2389 377,
3400 2334 3467 2390 19
3504 2333 3518 2375 ε
3549 2313 3679 2381 Ἄλλος
3728 2314 3730 2337 ²

2185 2402 2283 2483 (sc.
2302 2402 2455 2469 τόπος
2474 2406 2576 2461 τῶν
2600 2403 2866 2462 δεικτικῶν
2886 2401 3291 2478 ἐνθυμημάτων)
3314 2402 3367 2471 ἐξ
3392 2406 3677 2481 ἐπαγωγῆς...
3728 2398 3730 2435 ³

2182 2489 2275 2549 καὶ
2316 2489 2475 2549 πάλιν
2515 2490 2575 2548 lx
2612 2495 2702 2549 τοῦ
2747 2489 2933 2565 Νόμου
2959 2496 3049 2549 τοῦ
3091 2489 3423 2563 Θεοδέκτου,
3462 2489 3531 2548 ὅτι
3560 2518 3580 2545 ι
3608 2503 3679 2557 τοῖς

2186 2578 2363 2642 κακῶς
2400 2579 2757 2652 ἐπιμεληθεῖσι
2791 2580 2893 2635 τῶν
2938 2576 3229 2656 ἀλλοτρίων
3268 2576 3443 2635 ἵππων
3470 2580 3523 2637 οὐ
3550 2603 3677 2659 παρα-

2185 2664 2386 2724 διδόασι
2418 2665 2535 2731 τοὺς
2558 2664 2776 2732 οἰκείους
2806 2665 2923 2724 οὐδὲ
2959 2672 3065 2731 τοῖς
3100 2665 3433 2745 ἀνατρέψασι
3458 2666 3541 2733 τὰς
3566 2670 3678 2725 ἄλλο·

2186 2752 2331 2833 τρίας
2366 2756 2489 2818 ναῦς
2508 2775 2523 2789 ·
2558 2754 2744 2811 οὐκοῦν
2778 2756 2825 2811 εἰ
2864 2751 3056 2830 ὁμοίως
3086 2754 3168 2833 ἐφ’
3198 2753 3469 2831 ἁπάντων,
3504 2756 3580 2813 καὶ
3608 2759 3679 2821 τοῖς

2189 2842 2361 2906 κακῶς
2388 2838 2648 2919 φυλάξασι
2678 2839 2775 2911 τὴν
2806 2838 3087 2920 ἀλλοτρίαν
3114 2842 3175 2899 οὖ
3212 2841 3467 2922 χρηστέον
3498 2842 3611 2901 ἐστὶν
3634 2848 3680 2912 εἰς

2189 2924 2285 2999 τὴν
2310 2926 2504 2985 οἰκείαν
2540 2925 2830 3006 σωτηρίαν.
2866 2954 2891 2981 ι

2942 3027 2977 3064 2

2267 3096 2429 3151 Idem
2466 3094 2636 3171 ibid.‚
2669 3115 2729 3171 p.
2766 3094 2915 3171 378,
2946 3097 3013 3153 31
3050 3115 3067 3155 ε
3097 3091 3289 3162 Ἄλλος
3322 3095 3425 3171 (sc.
3457 3094 3588 3159 τόπος
3608 3096 3677 3150 τῶν

2190 3184 2459 3243 δεικτικῶν
2484 3183 2900 3261 ἐνθυμημάτων)
2930 3185 2991 3242 ἐκ
3013 3188 3103 3243 τοῦ
3135 3182 3392 3261 ἀνάλογον
3426 3188 3572 3240 ταῦτα
3590 3204 3680 3255 συμ-

2192 3268 2387 3330 6αίνειν
2409 3294 2423 3308 ·
2453 3260 2559 3330 οἷον
2674 3271 2766 3331 καὶ
2788 3270 3080 3342 Θεοδέκτης
3102 3274 3155 3329 ἐν
3182 3274 3264 3350 τῷ
3288 3270 3473 3351 Νόμῳ,
3496 3269 3597 3327 ὅτι·
3612 3291 3678 3325 πο-

2188 3358 2335 3425 λίτας
2374 3356 2469 3436 μὲν
2500 3359 2728 3419 ποιεῖσθε
2768 3357 2885 3426 τοὺς
2907 3358 3279 3439 μισθοφόρους,
3316 3350 3420 3419 οἶον
3454 3356 3679 3436 Στράὸιαα

2188 3446 2279 3505 καὶ
2324 3447 2651 3525 Χαρίδημον,
2692 3447 2780 3506 διὰ
2818 3445 2913 3518 τὴν
2966 3448 3279 3519 ἐπιείκειαν,
3326 3445 3541 3527 φυγάδας
3576 3446 3613 3501 δ’
3640 3445 3677 3501 οὗ

2187 3534 2433 3605 ποιήσετε
2461 3532 2577 3602 τοὺς
2600 3536 2652 3593 ἐν
2674 3541 2782 3603 τοῖς
2816 3535 3142 3617 μισθοφόροις
3164 3534 3427 3605 ἀνήκεστα
3463 3535 3679 3611 διαπεπρα-

2187 3621 2440 3699 whom
2473 3648 2496 3675 ¹·

2437 3735 2523 3794 ΙΙ.
2576 3734 3032 3794 ΣΩΚΡΑΤΟΥΣ
3076 3734 3476 3795 ΑΠΟΛΟΓΙΑ.

2267 3924 2431 3981 Idem
2470 3925 2553 3984 ib.
2586 3926 2676 3995 11,
2704 3924 2808 3996 23,
2846 3944 2909 4000 Ρ.
2940 3924 3092 4001 378,
3114 3944 3149 3981 2
3186 3945 3199 3981 :
3228 3922 3415 3991 Ἄλλος
3438 3929 3544 3999 (sc.
3569 3922 3677 3984 τόπος

2194 4011 2297 4067 τῶν
2329 4010 2597 4069 δεικτικῶν
2618 4010 3031 4086 ἐνθυμημάτων)
3056 4012 3115 4068 ἐκ
3136 4013 3241 4068 τῶν
3281 4014 3449 4091 μερῶν
3470 4010 3617 4087 ὥσπερ
3640 4008 3677 4061 ἓν

2190 4104 2295 4161 τοῖς
2312 4098 2559 4167 τοπικοῖς,
2574 4095 2701 4156 ποία
2718 4096 2965 4170 κίνησιςὴ
2988 4097 3133 4177 ψυχή
3154 4097 3277 4169 ·ἥδε
3301 4097 3445 4177 γὰρῆ
3472 4096 3564 4167 ἥδε.
3590 4098 3673 4154 Πι-

2190 4182 2445 4264 Ράδῑῑγμα
2470 4187 2531 4243 ἐκ
2554 4188 2644 4243 Τοῦ
2668 4185 2979 4265 Σωκράτους
3009 4191 3105 4243 τοῦ
3122 4186 3433 4246 Θεοδέκτου·
3456 4213 3477 4235 α
3496 4188 3555 4249 εἰς
3572 4184 3674 4239 ποῖον

2950 4358 2995 4402 2.

2248 4436 2382 4487 Alius
2422 4437 2559 4487 locus
2589 4437 2651 4487 ad
2692 4437 3117 4489 demonstrandum
3144 4444 3287 4502 aptus
3312 4443 3385 4490 est
3416 4450 3553 4489 ereo
3580 4434 3673 4496 quod

2192 4505 2364 4555 eadem
2386 4520 2474 4568 pro
2494 4506 2797 4569 proportione
2812 4508 3113 4570 colligantur.
3130 4509 3210 4558 Sic
3226 4509 3507 4559 Theodectes
3524 4507 3563 4555 in
3576 4509 3675 4563 Lege.

2189 4594 2215 4618 ι
2246 4576 2453 4625 Civitate
2470 4610 2485 4635 ‚
2510 4576 2661 4638 inquit
2678 4612 2693 4637 ,
2738 4576 2927 4627 donatis
2956 4578 3275 4628 mercenarios
3304 4578 3469 4627 milites
3488 4574 3677 4637 probitatis

2186 4656 2359 4705 causa,
2394 4647 2451 4694 ut
2482 4644 2755 4695 Strabacem
2788 4645 2882 4709 (de
2904 4660 3003 4708 quo
3028 4658 3076 4695 v.
3118 4648 3418 4697 Demostheni.
3442 4660 3482 4709 p.
3508 4648 3673 4717 4822253

2186 4717 2277 4773 46,
2315 4712 2427 4775 20.)
2470 4718 2517 4763 et
2546 4714 2885 4765 Charidemum
2919 4717 3019 4779 (V.
3052 4718 3348 4781 Tlieopomp.
3372 4718 3426 4767 Ιϊ.
3466 4714 3595 4775 ¹55);
3616 4724 3675 4770 qm

2184 4786 2345 4831 autem
2375 4796 2434 4833 ex
2460 4784 2555 4833 illis
2576 4785 2756 4837 nefaria
2783 4786 2995 4837 facinora
3016 4790 3295 4850 patrarunt,
3318 4789 3387 4838 eis
3408 4786 3578 4837 exilium
3602 4792 3673 4829 non

2187 4853 2493 4917 irrogabitis?

2586 4952 2651 5000 11.
2686 4952 2988 5002 SOCRATIS
3022 4954 3340 5004 DEFENSIO.

2247 5099 2378 5150 Alius
2409 5099 2543 5148 locus
2574 5100 2633 5149 ad
2666 5034 3085 5151 demonstraiihum
3130 5102 3274 5165 aptus
3308 5103 3377 5151 est
3408 5112 3459 5147 ex
3482 5094 3669 5158 partibus,

544 5156 685 5205 nibus
709 5159 924 5209 similiter
947 5174 998 5210 se
1023 5176 1096 5212 res
1116 5162 1286 5223 habet,
1309 5162 1368 5211 iis
1389 5176 1607 5226 quoque,
1631 5164 1714 5226 qui
1743 5165 1869 5214 male
1890 5165 2095 5216 aliorum
2189 5170 2322 5217 ut·ln
2350 5168 2547 5231 topicis,
2569 5188 2595 5212 ιι
2616 5168 2882 5231 citiusinodi
2916 5172 3067 5220 motio
3089 5172 3151 5220 sit
3172 5172 3354 5232 auium
3378 5170 3452 5219 aut
3466 5168 3569 5217 enim
3582 5164 3668 5217 ΜΨ,

548 5227 752 5278 salutem
777 5230 1128 5293 custodierunt,
1162 5233 1224 5284 ad
1256 5234 1480 5284 tuendam
1511 5246 1646 5284 suam
1677 5236 1746 5285 uti
1771 5248 1913 5287 nemo
1935 5236 2089 5287 debet.
2187 5244 2271 5289 aut
2290 5240 2386 5290 illa.
2422 5258 2446 5283 ι»
2484 5241 2765 5303 Exemplum
2790 5255 2849 5292 ex
2886 5244 3081 5293 Socrate
3103 5242 3411 5294 Theodectis:
3442 5258 3463 5283 ιι
3489 5240 3534 5287 ln
3552 5232 3665 5296 ΨΜ·
