3825 5834
534 485 642 536 10⁴
1439 465 1807 528 ΑΙΣΧΙΝΟΥ
1850 466 1899 522 0
1951 460 2154 522 ΚΑΤΑ
2205 458 2759 525 ΚΤΗΣΙΦΩΝΤΟΣ
3420 463 3670 538 (ιιι-ιιι)

527 602 619 674 τὴν
663 600 925 660 πολιτείαν
970 596 1095 657 ὥστ’
1141 596 1359 675 ἀκύρους
1399 593 1588 672 νόμους
1640 597 1693 652 ἐν
1738 599 1842 659 τοῖς
1882 590 2076 669 κυρίοις

528 688 915 768 ἀναγεγράφθαι
952 684 1042 744 καὶ
1074 684 1165 744 δύο
1186 682 1309 763 περὶ
1334 691 1457 760 μιᾶς
1482 681 1716 762 πράξεως
1746 678 2077 742 ὑπεναντίους

526 777 785 847 ἀλλήλοις,
809 774 858 834 τί
878 773 939 831 διν
964 772 1041 831 ἔτι
1062 771 1259 842 ταύτην
1282 770 1415 830 εἴποι
1435 794 1510 837 τις
1529 761 1662 827 εἶναι
1678 768 1774 837 τὴν
1793 766 2075 836 πολιτείαν,

460 889 485 925 ε
528 865 581 920 ἐν
634 854 666 938 ᾖ
714 859 880 918 ταύτὰ
920 857 1329 936 προστάττουσιν
1376 859 1423 914 οἱ
1462 855 1610 932 νόμοι
1654 862 1819 912 ποιεῖν
1864 853 1955 910 καὶ
2003 851 2074 928 μὴ

468 937 473 940 ’
526 957 724 1025 ποιεῖν,
777 945 869 1025 (aa)
910 945 1051 1004 Ἀλλ’
1088 947 1181 1004 οὐκ
1212 942 1323 1022 ἔχει
1359 943 1504 1002 ταῦθ’
1546 939 1730 1007 οὕτως·
1762 940 1889 1018 μήθ’
1931 943 2076 1005 ὑμεῖς

524 1059 649 1096 ποτε
674 1038 743 1104 εἷς
763 1032 1021 1105 τοσαύτην
1051 1029 1264 1099 ἀταξίαν
1285 1033 1387 1089 τῶν
1410 1029 1580 1107 νόμων
1603 1027 1891 1108 προὸαίητε
1910 1071 1929 1101 ,
1960 1024 2074 1084 οὔτε

525 1125 790 1202 ἠμέληται
810 1122 929 1200 περὶ
948 1123 1049 1178 τῶν
1071 1116 1315 1177 τοιούτων
1332 1121 1409 1197 τῷ
1428 1116 1677 1194 νομοθέτῃ
1703 1119 1775 1196 τῷ
1800 1113 1893 1185 τὴν
1921 1115 2076 1188 δημο-

523 1209 741 1291 κρατίαν
770 1205 1189 1277 καταστήσαντι,
1217 1202 1353 1262 ἀλλὰ
1380 1201 1661 1282 διαρρήδην
1684 1202 2070 1282 προστέτακται

525 1301 630 1364 τοῖς
660 1296 991 1371 θεσμοθέταις
1016 1295 1135 1352 καθ’
1155 1290 1371 1350 ἕκαστον
1400 1290 1633 1350 ἐνιαυτὸν
1660 1291 1889 1368 διορθοῦν
1920 1290 1975 1345 ἐν
2001 1291 2075 1366 τῷ

526 1385 681 1463 δήμῳ
703 1383 817 1448 τοὺς
838 1381 1059 1456 νόμους,
1078 1377 1305 1458 ἀκριὸῶς
1326 1377 1662 1445 ἐξετάσαντας
1691 1377 1780 1434 καὶ
1802 1375 2076 1455 σκεψαμέ·

525 1495 641 1537 νους
676 1469 723 1527 εἴ
752 1491 827 1534 τις
860 1465 1251 1544 ἀναγέγραπται
1288 1464 1439 1540 νόμος
1474 1463 1699 1530 ἐναντίος
1732 1463 1896 1542 ἑτέρῳ
1934 1461 2076 1541 νόμῳ

452 1579 500 1616 ιιι
527 1556 561 1628 ἢ
587 1557 773 1634 ἄκυρος
800 1557 855 1612 ἐν
881 1562 986 1618 τοῖς
1022 1552 1243 1634 κυρίοις,
1282 1550 1317 1622 ἢ
1350 1551 1398 1610 εἴ
1431 1554 1530 1610 πού
1568 1554 1666 1610 εἰσι
1694 1551 1841 1628 νόμοι
1872 1549 2078 1616 πλείους

527 1645 635 1709 ἐνὸς
664 1640 1111 1722 ἀναγεγραμμένοι
1135 1640 1253 1720 περὶ
1272 1640 1493 1711 ἑκάστης
1516 1639 1765 1718 πράξεως·
1792 1640 1881 1716 (ao)
1906 1637 2004 1696 κάν
2028 1660 2077 1695 τι

527 1737 755 1790 τοιοῦτον
774 1729 1098 1808 εὑρίσκωσιν,
1123 1727 1545 1808 ἀναγεγραφότας
1574 1730 1627 1784 ἐν
1655 1727 1857 1785 σανίσιν
1881 1724 2077 1786 ἐκτιθέ·

526 1842 612 1877 ναι
636 1816 832 1876 κελεύει
858 1817 1080 1895 πρόσθεν
1109 1819 1210 1874 τῶν
1234 1813 1546 1890 ἐπωνύμων,
1570 1815 1687 1881 τοὺς
1718 1812 1774 1872 δὲ
1802 1813 2078 1894 πρυτάνεις

526 1907 689 1965 ποιεῖν
717 1905 995 1976 ἐκκλησίαν
1029 1902 1413 1982 ἐπιγράψαντας
1438 1903 1758 1980 νομοθέταις,
1782 1901 1868 1960 τὸν
1897 1901 1945 1959 δ’
1964 1903 2077 1957 ἐπι-

528 1993 722 2064 στάτην
745 1996 847 2050 τῶν
878 1991 1137 2070 προέδρων
1167 1989 1572 2069 διαχειροτονίαν
1597 1990 1791 2049 διδόναι
1812 1993 1886 2068 τῷ
1906 1987 2076 2068 δήμῳ,

528 2079 620 2144 καὶ
648 2078 767 2146 τοὺς
800 2079 895 2154 μὲν
922 2080 1151 2156 ἀναιρεῖν
1176 2081 1279 2138 τῶν
1305 2076 1476 2154 νόμων
1499 2077 1616 2143 τοὺς
1644 2076 1697 2136 δὲ
1721 2075 2074 2148 καταλείπειν,

526 2167 665 2233 ὅπως
687 2165 749 2225 ἂν
778 2157 847 2233 εἷς
873 2159 905 2244 ᾖ
930 2165 1083 2240 νόμος
1100 2165 1189 2222 καὶ
1214 2164 1289 2241 μὴ
1312 2164 1516 2232 πλείους
1542 2164 1661 2244 περὶ
1691 2162 1914 2233 ἑκάστης
1934 2163 2076 2243 πρά-

448 2263 499 2303 ¹⁵
526 2254 669 2322 ξεως.
716 2253 827 2315 Καί
846 2276 934 2330 μοι
962 2253 1078 2329 λέγε
1101 2251 1215 2318 τοὺς
1242 2251 1445 2329 νόμους.

1176 2400 1409 2445 Nouoi.

606 2537 679 2576 40.
715 2519 779 2574 Et
798 2515 983 2588 τοίνυν,
1006 2504 1050 2572 ὦ
1071 2514 1347 2587 Ἀθηναῖοι,
1366 2513 1562 2586 ἀληθὴς
1585 2504 1648 2584 ἦν
1668 2517 1697 2572 ὁ
1718 2511 1865 2593 παρὰ
1885 2512 2078 2572 τούτων

526 2602 675 2681 λόγος
704 2602 794 2661 καὶ
820 2595 953 2674 ἦσαν
986 2601 1075 2660 δύο
1106 2601 1333 2677 κείμενοι
1356 2599 1502 2675 νόμοι
1530 2600 1651 2680 περὶ
1678 2605 1779 2658 τῶν
1804 2601 2076 2678 κηρυγμά·

527 2715 651 2762 των,
678 2689 730 2758 ἐξ
750 2689 975 2766 ἀνάγκης
1006 2679 1217 2766 (οἶμαι)
1235 2691 1339 2748 τῶν
1367 2687 1461 2765 μὲν
1484 2691 1804 2764 θεσμοθετῶν
1844 2687 2074 2767 ἐξευρόν-

529 2802 657 2852 των,
676 2775 853 2836 τῶνδὲ
874 2774 1485 2855 πρυτάνεωνεάποδόντων
1496 2778 1601 2842 τοῖς
1614 2775 1927 2850 νομοθέταις,
1951 2775 2080 2853 ἀνῄ-

532 2869 645 2945 ρητ’
670 2863 731 2922 ἂν
753 2867 780 2921 ὁ
807 2863 974 2942 ἕτερος
996 2865 1100 2920 τῶν
1132 2862 1327 2938 νόμων,
1349 2862 1465 2932 ἤτοι
1493 2864 1521 2919 ὃ
1542 2861 1635 2931 τὴν
1661 2861 1890 2928 ἐξουσίαν
1923 2863 2078 2920 δεδω-

530 2953 631 3018 κὼς
654 2954 877 3010 ἀνειπεῖν
916 2948 952 3022 ἢ
980 2953 1011 3008 ὁ
1034 2949 1371 3029 ἀπαγορεύων
1386 2973 1400 2985 ·
1430 2949 1584 3010 ὁπότε
1613 2948 1667 3006 δὲ
1700 2947 1861 3024 μηδὲν
1886 2951 2080 3008 τούτων

448 3058 505 3096 ευ
528 3037 829 3116 γεγένηται,
876 3039 1107 3115 φανερῶς
1161 3035 1225 3106 δή
1272 3058 1373 3094 που
1422 3033 1775 3113 ἐξελέγχονται
1824 3038 1881 3094 οὗ
1928 3035 2078 3112 μόνον

530 3125 695 3204 ψευδῆ
724 3125 956 3202 λέγοντες
979 3121 1112 3181 ἀλλὰ
1140 3120 1233 3180 καὶ
1266 3122 1534 3187 παντελῶς
1568 3121 1799 3180 ἀδύνατα
1823 3123 2077 3200 γενέσθαι.

533 3215 625 3287 (ει)
655 3209 817 3270 ’Όθεν
862 3209 913 3268 δὲ
956 3208 1020 3280 δὴ
1060 3209 1120 3267 τὸ
1162 3210 1345 3289 ψεῦδος
1382 3215 1531 3267 τοῦτο
1581 3207 1929 3288 ἐπιφέρουσιν,
1975 3209 2080 3288 ἐγὼ

452 3323 454 3326 ⁴
528 3297 717 3365 διδάξω
741 3301 899 3374 ὑμᾶς,
929 3294 1189 3375 προειπὼν
1222 3286 1293 3353 ὧν
1318 3295 1467 3354 ἕνεκα
1498 3297 1545 3353 οἱ
1573 3294 1721 3371 νόμοι
1746 3295 1994 3367 ἐτέθησαν
2033 3301 2078 3354 οἱ

528 3385 647 3463 περὶ
670 3388 772 3442 τῶν
798 3387 849 3442 ἐν
880 3387 957 3462 τῷ
983 3383 1181 3462 θεάτρῳ
1203 3382 1575 3463 κηρυγμάτων.
1662 3383 1955 3458 Γινομένων
1980 3383 2079 3462 γὰρ

529 3476 631 3531 τῶν
660 3474 711 3530 ἐν
732 3471 879 3532 ἄστει
904 3473 1184 3551 τραγῳδῶν
1217 3469 1562 3550 ἀνεκήρυττόν
1586 3491 1717 3533 τινες
1734 3514 1749 3539 ,
1779 3472 1836 3527 οὖ
1865 3470 2078 3529 πείσαν-

528 3582 610 3626 τες
632 3560 719 3618 τὸν
749 3561 934 3636 δῆμον,
964 3561 1010 3616 οἱ
1040 3557 1134 3635 μὲν
1172 3557 1251 3618 ὅτι
1277 3563 1648 3637 στεφανοῦνται
1672 3556 1773 3614 ὑπὸ
1802 3561 1906 3616 τῶν
1926 3560 2074 3637 φυλε·

528 3651 653 3721 τῶν,
693 3646 855 3728 ἕτεροι
887 3647 932 3706 δ’
966 3647 1066 3704 ὑπὸ
1094 3649 1196 3704 τῶν
1230 3646 1495 3722 δημοτῶν·
1526 3643 1675 3702 ἄλλοι
1702 3644 1758 3702 δέ
1783 3667 1911 3710 τινες
1952 3648 2078 3704 ὑπο·

447 3752 499 3789 τε
527 3733 869 3812 κηρυξάμενοι
887 3732 1003 3799 τοὺς
1025 3731 1195 3790 αὑτῶν
1219 3732 1421 3797 οἰκέτας
1444 3730 1662 3811 ἀφίεσαν
1692 3731 2078 3810 ἀπελευθέρους,

531 3821 797 3900 μάρτυρας
822 3823 915 3890 τῆς
944 3817 1308 3898 ἀπελευθερίας
1335 3817 1453 3884 τοὺς
1469 3817 1735 3891 εΈλληνας
1755 3817 2075 3896 ποιούμενοι.

534 3905 627 3984 (⁴2)
654 3905 731 3966 *Ο
748 3907 793 3963 δ’
817 3899 879 3978 ἦν
902 3905 1336 3986 ἐπιφθονώτατον,
1358 3905 1623 3985 προξενίας
1652 3903 1780 3972 τινὲς
1806 3906 2079 3987 εὑρημένοι

531 3995 583 4050 ἐν
619 3999 730 4058 ταῖς
768 3991 866 4060 ἔξω
917 3994 1100 4050 πόλεσι
1135 3991 1502 4072 διεπράττοντο
1548 3993 1948 4072 ἀναγορεύεσθαι
2001 3994 2079 4052 ὅτι

530 4086 771 4159 στεφανοῖ
794 4077 975 4145 αὖτοὺς
994 4083 1022 4138 ὁ
1041 4080 1228 4156 δ’ἥμος,
1250 4081 1293 4136 εἰ
1319 4077 1454 4138 οὕτω
1481 4077 1631 4157 τύχοι
1647 4123 1664 4154 ,
1690 4083 1718 4136 ὃ
1736 4083 1837 4137 τῶν
1860 4079 2079 4138 Ῥοδίων

530 4163 565 4235 ἢ
595 4165 747 4223 Χίων
776 4164 811 4236 ἢ
840 4165 930 4224 καὶ
971 4167 1136 4237 ἀλλης
1164 4166 1298 4232 τινὸς
1335 4167 1533 4231 πόλεως
1574 4169 1760 4244 ἀρετῆς
1797 4165 1948 4226 ἕνεκα
1990 4169 2079 4226 καὶ

530 4251 895 4332 ἀνδραγαθίας.
924 4254 1030 4312 Καὶ
1048 4255 1195 4312 ταῦτ’
1215 4253 1467 4333 ἔπραττον
1487 4255 1586 4332 οὔχ
1608 4252 1786 4333 ὥσπερ
1805 4257 1852 4312 οἱ
1872 4254 1972 4312 ὑπὸ
1987 4260 2080 4324 τῆς

452 4353 506 4392 ³0
534 4339 722 4418 βουλῆς
742 4343 836 4410 τῆς
864 4341 1116 4419 ὑμετέρας
1150 4341 1556 4420 στεφανούμενοι
1578 4338 1614 4410 ἢ
1643 4339 1743 4398 ὑπὸ
1764 4345 1853 4398 τοῦ
1878 4339 2076 4417 δήμου,

528 4426 798 4493 πείσαντες
837 4430 973 4502 ὑμᾶς
1011 4425 1101 4485 καὶ
1134 4426 1267 4502 μετὰ
1306 4428 1667 4507 ψηφίσματος,
1696 4427 1895 4498 πολλὴν
1925 4427 2077 4508 χάριν

528 4513 891 4588 καταθέμενοι,
935 4515 1052 4572 ἀλλ’
1091 4513 1238 4572 αὐτοὶ
1279 4513 1619 4592 προελόμενοι
1656 4512 1781 4573 ἄνευ
1824 4514 2080 4593 δόγματος

529 4601 801 4680 ὑμετέρου.
846 4601 934 4677 (43)
960 4599 1061 4660 Ἐκ
1075 4602 1128 4659 δὲ
1152 4601 1331 4660 τούτου
1353 4607 1442 4660 τοῦ
1464 4600 1655 4680 τρόπου
1679 4601 1946 4661 συνέὸαινε
1965 4603 2078 4670 τοὺς

530 4687 624 4762 μὲν
648 4689 833 4756 θεατὰς
863 4689 953 4747 καὶ
988 4687 1103 4755 τοὺς
1120 4687 1375 4768 χορηγοὺς
1396 4689 1485 4746 καὶ
1508 4687 1627 4755 τοὺς
1654 4689 1943 4766 ἀγωνιστὰς
1969 4694 2078 4752 ἐνο-

528 4775 798 4852 χλεῖσθαι,
845 4774 961 4841 τοὺς
1001 4775 1056 4834 δὲ
1102 4774 1615 4856 ἀνακηρυττομένους
1660 4778 1713 4834 ἐν
1752 4779 1827 4858 τῷ
1879 4777 2077 4860 θεάτρῳ

532 4859 729 4931 μείζοσι
755 4869 1007 4939 τιμᾶσθαι
1041 4865 1145 4920 τῶν
1179 4863 1279 4920 ὑπὸ
1305 4867 1394 4922 τοῦ
1427 4863 1597 4938 δήμου
1628 4864 2070 4942 στεφανουμένων.

528 4950 653 5015 Τοῖς
672 4949 765 5026 μὲν
782 4949 881 5030 γὰρ
906 4952 1237 5011 ἀπεδέδεικτο
1262 4949 1416 5018 τόπος
1438 4955 1471 5021 ἡ
1499 4949 1749 5023 ἐκκλησία
1765 4997 1783 5027 ,
1808 4955 1861 5011 ἐν
1880 4945 1918 5031 ἥ
1943 4975 1981 5032 χ
1985 4959 2076 5029 ρ’ῆν

453 5053 509 5096 8⁶
537 5041 935 5116 στεφανοῦσθαι,
974 5037 1062 5097 καὶ
1103 5037 1351 5118 ἀπείρητο
1388 5037 1567 5097 ἄλλοθι
1604 5040 1848 5117 μηδαμοῦ
1885 5041 2076 5120 κηρύτ-

512 5127 709 5181 τεσθαι
730 5167 746 5194 ,
794 5126 840 5181 οἱ
890 5123 945 5182 δὲ
996 5126 1365 5204 ἀνηγορεύοντο
1420 5125 1637 5185 ἐνώπιον
1682 5125 1928 5184 ἁπάντων
1971 5131 2074 5187 τῶν

500 5209 1083 5281 ῑἜλλήνων·κάκεῖνοι
1112 5212 1207 5288 μὲν
1236 5211 1369 5289 μετὰ
1407 5212 1768 5294 ψηφίσματος,
1802 5215 2074 5284 πείσαντες

2167 597 2294 644 ratas
2305 595 2400 644 siut
2417 595 2686 656 uberiptae,
2697 599 2746 644 et
2761 595 2886 644 bina
2904 595 2965 644 de
2979 595 3208 644 eademre
3225 595 3349 644 inter
3365 609 3416 644 se
3433 597 3681 658 pugnantes,

2165 699 2355 761 qualem
2373 698 2567 747 tandem
2585 711 2694 747 eam
2717 699 2846 747 dicat
2860 698 3034 760 aliquis
3052 711 3152 747 esse
3169 699 3526 760 rempublicam,
3543 700 3586 748 in
3604 711 3682 760 qua

2165 802 2290 864 leges
2311 801 2479 850 eadem
2504 801 2661 851 facere
2679 802 2727 850 et
2749 814 2844 850 non
2865 801 3022 850 facere
3038 801 3270 862 jubeant?
3295 803 3396 864 (38)
3430 806 3597 851 Verum
3613 804 3686 851 ists

2165 918 2260 954 non
2289 905 2356 954 ita
2374 917 2425 954 se
2447 905 2656 965 habent;
2679 907 2729 953 et
2750 905 2874 954 absit
2893 907 2946 954 ut
2970 919 3056 955 vos
3073 919 3286 968 unquam
3309 906 3370 956 ad
3393 907 3534 956 talem
3553 907 3684 968 legum

2166 1009 2492 1058 confusionem
2515 1007 2848 1069 prohibemini,
2867 1022 3023 1071 neque
3047 1005 3152 1058 haec
3174 1013 3332 1060 sunta
3353 1011 3604 1072 legislatore
3619 1009 3689 1072 qui

2166 1115 2394 1178 populare
2425 1113 2680 1176 imperium
2708 1113 2958 1165 constituit
2989 1116 3234 1178 neglecta,
3265 1117 3384 1178 quin
3417 1115 3582 1166 diserte
3612 1117 3689 1164 im-

2167 1223 2386 1282 peratum
2411 1221 2486 1268 est
2503 1218 2836 1270 thesmuthetis
2855 1221 2913 1268 ιιι
2929 1219 3056 1280 leges
3071 1222 3329 1282 quotannis
3344 1223 3396 1272 in
3413 1223 3583 1284 populo
3599 1235 3688 1270 cor-

2169 1326 2344 1386 rigant,
2359 1337 2511 1386 quum
2525 1323 2776 1386 diligenter
2793 1322 3143 1385 inquisiverint,
3163 1327 3213 1373 et
3229 1324 3541 1386 considerent,
3551 1328 3690 1374 utrum

2168 1430 2244 1478 lex
2267 1428 2404 1478 alteri
2429 1427 2518 1490 legi
2540 1427 2779 1477 contraria
2795 1427 3033 1489 obtineat,
3049 1429 3135 1477 aut
3157 1427 3291 1478 irrita
3313 1429 3440 1478 inter
3461 1432 3580 1478 ratas
3595 1467 3608 1488 ,
3623 1433 3692 1477 aut

2168 1531 2322 1580 sicubi
2376 1531 2486 1595 plus
2537 1543 2683 1594 quam
2727 1543 2824 1579 una
2873 1529 2935 1579 sit
2957 1527 3019 1578 de
3067 1531 3281 1592 qualibet
3317 1545 3370 1581 re
3415 1533 3651 1594 perscripta
3679 1547 3691 1579 :

2169 1635 2266 1696 (39)
2294 1633 2466 1698 quodsi
2491 1632 2606 1696 quid
2641 1633 2914 1697 hujusmodi
2951 1634 3367 1698 deprehenderint,
3393 1635 3528 1698 jubet
3553 1649 3625 1686 eas
3653 1637 3692 1684 in
3780 1693 3781 1704 γ

2166 1739 2346 1788 tahulis
2365 1738 2624 1802 descriptas
2636 1751 2725 1800 pro
2737 1738 2904 1788 decem
2925 1739 3124 1789 heroum
3139 1741 3312 1790 statuis
3327 1741 3546 1804 proponi,
3559 1745 3696 1803 pryta-
3780 1709 3781 1714 ἵ

2167 1857 2252 1893 nes
2263 1857 2378 1893 vero
2393 1843 2670 1893 concionem
2685 1843 2878 1904 habere,
2896 1845 3236 1906 programmati
3250 1857 3338 1895 suo
3351 1845 3542 1895 titulum
3556 1859 3696 1894 nomo·
3779 1895 3781 1898 Α

2170 1949 2315 1998 thetis
2336 1948 2673 2008 inscribentes,
2701 1951 2804 1998 tum
2829 1949 3084 2010 praesidum
3118 1950 3400 2011 pmroetum
3427 1952 3640 2014 populum
3657 1953 3696 2000 in

2165 2051 2390 2115 suffragia
2409 2051 2626 2114 mittere,
2647 2057 2696 2100 et
2715 2052 2840 2112 leges
2859 2051 2976 2100 alias
2998 2052 3227 2113 abrogare
3243 2089 3257 2115 ,
3279 2053 3403 2103 alias
3425 2055 3633 2114 retinere,
3651 2059 3696 2102 ιιι

2171 2169 2268 2204 una
2297 2155 2358 2204 sit
2381 2155 2489 2217 lex,
2525 2167 2620 2204 non
2653 2154 2836 2217 plures,
2867 2154 2930 2204 de
2961 2168 3254 2220 unaquaque
3277 2170 3346 2205 re.
3415 2159 3572 2207 Recita
3601 2158 3697 2206 mihi

2167 2259 2310 2320 leges.

2843 2395 2954 2438 LEG
2965 2397 3052 2438 Es.

2230 2515 2306 2563 40.
2331 2513 2382 2562 sl
2397 2513 2544 2575 igitur·
2568 2515 2881 2575 veraessent,
2906 2514 3240 2577 Athenienses,
3263 2528 3376 2578 quae
3399 2516 3464 2565 ab
3481 2517 3534 2567 iis
3552 2517 3697 2566 dicun-

2169 2601 2268 2660 tur,
2288 2599 2496 2662 duaeque
2507 2600 2568 2648 de
2585 2599 2832 2660 praeconiis
2853 2600 2979 2662 leges
2995 2601 3312 2667 exstitissent,
3335 2603 3502 2662 aliter,
3529 2603 3699 2665 opinor,

2170 2687 2270 2737 tieri
2295 2699 2392 2736 non
2423 2687 2680 2749 potuisset,
2701 2687 2818 2749 quin
2845 2699 2874 2734 a
2905 2687 3240 2738 thesmothetis
3275 2689 3584 2750 deprehensae
3605 2690 3701 2739 fuis-

2172 2777 2279 2822 sent
2291 2809 2306 2834 ,
2321 2777 2418 2824 eta
2435 2773 2716 2836 prytanibus
2736 2775 3128 2824 nomothetarnm
3150 2774 3332 2836 iudicio
3351 2778 3544 2826 traditae
3558 2815 3572 2837 ,
3589 2778 3698 2825 etsie

2169 2861 2322 2912 altera
2354 2875 2416 2910 ex
2451 2861 2636 2922 legibus
2654 2859 2931 2924 tolleretur,
2963 2861 3038 2910 vel
3062 2875 3118 2911 ea
3141 2873 3254 2924 quse
3289 2866 3583 2924 praeconium
3617 2864 3702 2912 lieri

2169 2953 2306 2998 extra
2333 2950 2610 2997 concionem
2637 2950 2960 3011 permitteret,
2987 2949 3058 2998 vel
3082 2963 3139 2998 ea
3161 2963 3274 3012 qum
3294 2953 3502 3002 vetaret.
3563 2956 3701 3008 Quum

2173 3040 2336 3085 autem
2359 3035 2478 3085 nihil
2511 3035 2608 3085 tale
2635 3036 2818 3084 factum
2841 3036 2930 3098 sit,
2955 3039 3118 3098 aperte
3144 3037 3370 3086 nimirum
3407 3041 3616 3100 constat,
3637 3051 3707 3088 eos

2171 3135 2266 3172 non
2293 3123 2482 3171 tantiun
2509 3135 2620 3183 qun
2644 3134 2756 3171 vera
2779 3135 2877 3170 non
2904 3122 3000 3172 sint
3021 3123 3290 3185 affirmare,
3319 3125 3408 3174 sed
3447 3128 3585 3176 etiam
3613 3138 3704 3187 qur.

2170 3222 2231 3258 ne
2263 3209 2366 3258 tieri
2404 3208 2599 3270 quidem
2639 3209 2738 3258 ullo
2777 3208 2922 3258 modo
2965 3211 3164 3272 possint.
3233 3213 3332 3274 (⁴1)
3373 3215 3558 3262 Verum
3600 3211 3708 3260 unde

2171 3298 2264 3346 hoc
2295 3296 2594 3346 mendacium
2630 3297 2872 3358 emerint,
2904 3311 2992 3358 ego
3015 3311 3103 3346 vos
3137 3298 3319 3348 docebo
3333 3334 3346 3358 ,
3372 3301 3414 3350 si
3452 3303 3581 3363 prius
3607 3314 3709 3361 quas

2169 3384 2233 3434 ob
2255 3397 2420 3432 causas
2445 3385 2570 3446 leges
2598 3383 2660 3433 de
2685 3384 2938 3446 praeconiis
2959 3385 3275 3436 theatralibus
3301 3387 3418 3438 latoe
3445 3390 3544 3438 sint
3571 3401 3704 3450 expo-

2169 3485 2326 3522 suero.
2391 3475 2554 3530 Quum
2581 3470 2684 3520 ludi
2717 3471 2886 3534 tragici
2923 3472 3094 3521 urbani
3127 3472 3324 3536 tierent,
3349 3475 3464 3537 alii,
3489 3491 3540 3526 re
3573 3490 3602 3524 a
3633 3488 3702 3536 po·

2171 3560 2284 3622 pulo
2321 3571 2416 3607 non
2455 3559 2737 3620 impetrata,
2779 3559 3138 3621 praedicandum
3157 3561 3414 3620 gcurabant
3453 3578 3508 3613 se
3551 3575 3706 3612 corona

2170 3645 2336 3696 donari
2365 3660 2396 3696 a
2413 3645 2670 3696 trihmibus
2684 3683 2699 3706 ,
2725 3647 2812 3696 alii
2832 3659 2861 3696 a
2884 3647 3196 3710 popularibus
3211 3685 3226 3710 ,
3257 3651 3482 3701 nonnulli
3499 3653 3636 3700 etiam
3653 3651 3707 3698 si-

2169 3735 2317 3784 lentio
2341 3747 2424 3796 per
2451 3747 2719 3796 proeconem
2743 3736 2872 3784 sacto
2891 3748 3056 3789 servos
3077 3749 3192 3786 suos
3208 3737 3434 3788 libertate
3465 3739 3708 3796 donabant,

2171 3825 2462 3884 Graecosque
2479 3822 2866 3872 manumissionis
2885 3823 3015 3873 illius
3037 3826 3182 3874 testes
3197 3825 3496 3877 adhibebant
3515 3841 3529 3870 =
3551 3827 3642 3888 (42)
3673 3829 3714 3874 et

2169 3909 2298 3972 quod
2317 3910 2534 3958 omnium
2557 3912 2662 3959 erat
2689 3909 3108 3962 invidiosissimum
3123 3949 3138 3974 ,
3161 3912 3357 3974 quidam
3377 3915 3512 3977 apud
3543 3919 3714 3964 exteras

2171 3997 2387 4048 civitates
2411 3998 2614 4060 hospitia
2637 3999 2882 4048 consecuti
2909 4000 3210 4060 perfecerunt
3231 4002 3289 4049 ut
3308 4003 3608 4064 praeconium
3637 4003 3714 4050 lie-

2171 4090 2270 4146 ret,
2297 4097 2350 4134 se
2377 4096 2408 4133 a
2435 4083 2644 4147 populo,
2669 4087 2786 4148 puta
2821 4087 3018 4136 fortasse
3051 4087 3237 4136 Rhodio
3261 4089 3336 4138 vel
3370 4089 3495 4139 Chio
3527 4091 3601 4139 vel
3633 4089 3715 4137 alio

2168 4185 2502 4236 quocumque,
2533 4174 2727 4222 virtutis
2757 4187 2868 4235 ergo
2893 4177 2944 4223 et
2967 4175 3290 4237 fiirtitudinis,
3319 4189 3510 4226 omna
3543 4175 3713 4226 donari.

2170 4266 2326 4323 Atque
2351 4261 2456 4311 haec
2479 4275 2575 4311 non
2601 4262 2668 4311 ita
2688 4261 2892 4324 agebant
2909 4299 2924 4323 ,
2949 4263 3193 4324 quomodo
3215 4263 3248 4313 ii
3275 4265 3357 4326 qui
3383 4279 3415 4314 a
3439 4269 3610 4314 senatu
3636 4277 3712 4314 re·

2167 4351 2268 4398 stro
2283 4349 2404 4399 vela
2421 4349 2598 4411 populo
2622 4351 2940 4411 coronantur,
2965 4363 3017 4399 re
3047 4363 3076 4400 a
3096 4351 3236 4400 vohis
3253 4352 3515 4414 impetrata
3544 4357 3592 4402 et
3615 4365 3716 4401 cum

2170 4436 2440 4498 plebiscito,
2475 4438 2728 4499 postquam
2763 4449 2982 4499 magnam
3005 4450 3036 4486 a
3065 4438 3202 4488 vobis
3233 4440 3460 4490 iniverint
3499 4442 3717 4503 gratiam,

2168 4523 2251 4572 sed
2275 4523 2364 4585 ipsi
2395 4523 2486 4572 sibi
2507 4523 2742 4573 honorem
2776 4525 3100 4587 praeripientes
3127 4525 3310 4588 absque
3329 4526 3528 4576 decreto
3551 4531 3717 4575 vestro.

2169 4611 2268 4670 (43)
2301 4613 2367 4659 Ea
2388 4623 2532 4672 porro
2579 4611 2764 4660 ratione
2794 4611 2948 4661 fiebat
2963 4647 2977 4673 ,
3003 4615 3059 4662 ut
3089 4615 3384 4676 spectatores
3417 4617 3473 4664 et
3505 4615 3718 4664 ludorum

2167 4697 2381 4760 praet'ecti
2425 4698 2478 4746 et
2520 4696 2772 4747 histriones
2811 4697 3249 4748 interturbarentur
3264 4735 3280 4760 ,
3329 4699 3416 4761 qui
3465 4703 3631 4749 autem
3673 4699 3717 4746 in

2168 4787 2358 4834 theatro
2374 4784 2760 4846 praedicabantur
2783 4784 3012 4847 majorem
3037 4785 3268 4835 honorem
3287 4790 3695 4849 consequerentur
3707 4822 3719 4844 ,

2167 4885 2314 4934 quam
2337 4871 2370 4919 ii
2383 4871 2560 4933 quibus
2585 4883 2814 4921 coronam
2831 4871 3030 4921 donavit
3046 4873 3266 4936 populus.
3331 4873 3417 4924 His
3439 4875 3574 4924 enim
3597 4873 3721 4922 locus

2167 4962 2271 5010 erat
2287 4962 2447 5008 certus
2467 4960 2785 5022 constitutus,
2815 4960 2984 5010 concio
3015 4960 3227 5023 scilicet,
3251 4961 3302 5010 in
3326 4975 3425 5023 qua
3456 4963 3622 5012 essent
3639 4973 3718 5009 co—

2169 5046 2387 5108 ronandi,
2406 5050 2552 5109 atque
2573 5047 2882 5097 interdictum
2915 5050 3018 5098 erat
3034 5061 3096 5098 ne
3114 5049 3298 5110 uspiam
3315 5049 3429 5100 alibi
3455 5050 3719 5112 proclama-

2167 5139 2359 5196 renim-3
2377 5134 2440 5185 de
2461 5136 2554 5185 illis
2583 5149 2698 5184 vero
2724 5147 2886 5186 coram
2911 5136 3144 5186 universis
3165 5136 3345 5186 Graecis
3365 5138 3472 5187 erat
3491 5136 3716 5200 praedica-

2167 5231 2270 5277 tum
2302 5240 2312 5269 ε
2345 5241 2400 5274 ae
2431 5226 2479 5274 hi
2504 5223 2698 5286 quidem
2721 5237 2832 5272 cum
2865 5223 3084 5284 decreto,
3103 5223 3240 5274 vobis
3265 5225 3624 5286 annueritibus,
3657 5223 3719 5271 illi
