3825 5834
524 386 645 435 Mo

516 502 703 574 ἔχοντα
747 502 863 573 πρὸς
884 500 1013 572 ἡμᾶς
1056 501 1141 553 τὸν
1185 500 1387 571 βασιλέα
1428 501 1699 567 πεισθῆναι·
1741 498 1859 569 πρὸς
1896 497 2078 566 ταύτην

512 585 711 637 ἵσταται
730 583 777 645 ἐξ
805 582 996 653 ἀρχῆς,
1024 581 1185 652 λέγων
1210 583 1287 633 ὅτι
1304 620 1319 644 ,
1343 579 1415 633 Οὖ
1447 580 1557 650 παρ’
1582 579 1721 650 ἡμῶν
1754 584 1906 633 ταῦτα
1933 578 2079 631 ἀκού-

514 684 652 718 σεται
694 663 919 732 βασιλεὺς
952 662 1159 731 πρώτων
1176 698 1193 724 ,
1240 657 1373 710 ἀλλὰ
1422 658 1636 728 μάλιστα
1680 657 1765 727 μὲν
1810 658 1940 728 παρὰ
1981 664 2078 711 τῶν

514 750 773 815 σατραπῶν
792 782 807 806 ,
847 739 958 794 εἷτα
983 740 1035 793 δὲ
1060 740 1143 793 καὶ
1180 738 1309 809 παρὰ
1354 736 1561 809 Ἑρμίου
1588 742 1675 791 τοῦ
1716 737 1954 808 εὐνούχου
1969 779 1984 803 ,
2021 740 2079 790 ’ὸν

514 828 601 877 νῦν
639 823 947 876 ἀνάσπαστον
994 818 1256 885 ἐποιήσατο
1273 858 1288 881 ,
1332 818 1554 887 ἄρχοντα
1593 816 1875 887 Ἀταρνέως,
1910 819 2080 888 μαθὼν

515 902 663 955 αύτὸν
690 903 1014 973 συμπράττειν
1057 898 1295 968 Φιλίππῳ
1330 895 1455 949 κατὰ
1496 900 1581 962 τῆς
1620 896 1855 966 βασιλέως
1892 894 2076 965 ἀρχῆς,

512 984 641 1035 ὥστε
669 978 758 1045 τὴν
781 979 1019 1051 ἡμετέραν
1042 977 1297 1047 πρεσὸείαν
1323 976 1489 1045 καιρὸν
1509 975 1683 1027 λοιπὸν
1708 974 1865 1045 ἔχειν.
1890 974 2079 1028 Ούκοῦν

515 1058 604 1126 τὴν
626 1058 865 1111 ἀντίθεσιν
892 1057 973 1109 διὰ
1003 1056 1177 1109 τούτου
1203 1055 1423 1125 φαίνεται
1450 1054 1613 1118 λύων,
1650 1054 1733 1106 καὶ
1756 1054 1979 1116 συνιστὰς
2005 1056 2080 1107 ὅτι

516 1138 725 1191 δυνατὸν
753 1138 1009 1203 πεισθῆναι
1036 1134 1121 1188 τὸν
1150 1133 1369 1203 βασιλέα·
1402 1133 1711 1199 πεισθήσεται
1731 1131 1785 1185 δὲ
1810 1134 1915 1195 τοῖς
1937 1133 2081 1203 λογι-

517 1222 663 1291 σμοῖς
697 1224 785 1271 τοῦ
813 1218 1157 1287 συμφέροντος.
1231 1214 1469 1267 Φαίνεται
1496 1212 1547 1265 δὲ
1580 1213 1890 1283 Δημοσθένης
1925 1212 1982 1265 ού
2023 1214 2082 1265 τὸ

518 1300 757 1369 συμφέρον
788 1297 907 1349 αὐτὸ
947 1294 1348 1358 κατασκευάζων,
1380 1292 1513 1344 ἀλλὰ
1536 1312 1593 1344 το
1636 1292 1841 1345 δυνατον
1870 1292 1952 1345 διὰ
1983 1298 2080 1345 τῶν

516 1380 605 1429 τοῦ
628 1376 949 1446 συμφέροντος
977 1373 1251 1441 λογισμῶν.
1340 1369 1607 1435 Δυνήσεται
1632 1369 1731 1439 γὰρ
1754 1368 1899 1440 ἡμῖν,
1927 1370 2080 1439 φησὶ,

518 1456 773 1519 πεισθῆναι
804 1450 1029 1522 βασιλεὺς
1056 1450 1399 1520 δεδιδαγμένος
1426 1448 1487 1501 τὰ
1518 1450 1821 1519 συμφέροντα
1852 1468 1937 1501 και
1969 1450 2082 1519 παρ’

517 1531 655 1603 υμῶν
672 1532 1018 1601 ἀκουσόμενος.
1094 1528 1233 1581 Μετὰ
1258 1532 1411 1581 ταῦτα
1448 1528 1657 1581 τέθεικεν
1684 1527 1739 1581 ἐκ
1762 1532 1849 1581 τοῦ
1874 1533 2082 1599 φανεροῦ

519 1608 611 1677 τὴν
635 1610 875 1663 ἀντίθεσιν
904 1609 1063 1679 λέγων
1102 1610 1194 1678 (p.
1230 1612 1357 1670 140,
1397 1611 1482 1676 9)·
1517 1629 1540 1656 α
1570 1606 1653 1659 καὶ
1680 1605 1769 1671 τὴν
1796 1605 2082 1677 ἀθελτερίαν

527 1714 549 1741 α
584 1690 823 1744 ἀπόθεσθε
850 1690 913 1740 δι’
942 1690 1002 1755 ἣν
1042 1687 1283 1749 πολλάκις
1318 1685 1665 1751 ἠλαττώθητε,
1700 1686 1728 1737 ό
1754 1682 1815 1751 δὴ
1846 1687 2086 1757 βάρθαρος

528 1793 551 1819 ι
586 1770 669 1821 καὶ
690 1768 851 1829 κοινὸς
874 1770 1020 1821 πᾶσιν
1046 1765 1249 1837 ἐχθρὸς,
1280 1765 1363 1817 καὶ
1390 1766 1549 1817 πάντα
1574 1762 1637 1817 τὰ
1660 1769 1875 1817 τοιαῦτα·
1912 1787 1962 1819 ι.
1988 1764 2084 1816 Καὶ

521 1848 555 1915 ἢ
586 1848 735 1909 λύσις·
778 1846 881 1899 Oba
920 1845 1023 1899 ἔστι
1065 1845 1182 1915 πρὸς
1210 1843 1341 1913 ἡμᾶς
1370 1842 1633 1912 πολέμιος,
1672 1844 2084 1913 συνεπηνώρθωσε

521 1929 618 1999 γάρ
636 1945 753 1980 ποτε
787 1930 849 1997 τῇ
872 1925 1011 1979 πόλει
1052 1923 1112 1975 τὰ
1139 1924 1401 1992 πράγματα
1418 1961 1433 1985 ,
1469 1920 1557 1985 τὴν
1588 1921 1669 1973 διὰ
1696 1922 1934 1983 Κόνωνος
1969 1941 2082 1975 ναυ-

526 2007 712 2079 μαχίαν
738 2005 920 2075 λέγων.
996 2004 1267 2071 Πληρώσας
1294 2001 1347 2053 δὲ
1372 2002 1459 2054 τὸν
1494 2000 1605 2071 περὶ
1629 2006 1717 2053 τοῦ
1743 2002 1979 2071 βασιλέως
1997 2002 2084 2053 λό-

522 2106 613 2156 γον
630 2126 644 2149 ,
664 2086 717 2147 ’ὸς
734 2080 793 2149 ἦν
825 2084 933 2153 περὶ
955 2084 1161 2134 δυνατοῦ
1189 2081 1272 2133 καὶ
1306 2081 1575 2150 χρημάτων
1590 2121 1605 2145 ,
1624 2079 1907 2151 ἐπισυνῆψεν
1932 2080 2084 2151 ἀναγ-

523 2166 671 2225 καίως
694 2163 777 2215 καὶ
794 2162 1075 2221 ἀκολούθως
1098 2160 1182 2212 τὀν
1207 2159 1418 2229 περὶτῆς
1440 2158 1685 2221 πολιτείας
1703 2160 1878 2229 λόγον,
1909 2162 2086 2231 πρόφα»

523 2263 601 2295 σιν
626 2244 771 2309 δῆθεν
801 2242 883 2294 καὶ
905 2237 1125 2311 ἀφορμὴν
1148 2237 1317 2289 λαθὼν
1338 2236 1647 2307 εὗπρόσωπον
1667 2236 1757 2303 τὴν
1775 2238 2088 2290 καθεστῶσαν

526 2324 633 2375 νυνὶ
667 2320 921 2392 ταραχὴν,
966 2320 1053 2371 ἵνα
1098 2318 1247 2389 ἀνέλῃ
1284 2316 1373 2383 τὴν
1407 2317 1639 2370 ὑπόνοιαν
1679 2316 1889 2385 ἐκείνην.
1955 2316 2086 2369 Ἀλλ’

526 2400 715 2471 ἀρκέσει
738 2400 861 2469 ἡμῖν
898 2398 961 2451 τὰ
995 2402 1081 2463 τῆς
1112 2397 1301 2457 πόλεως
1334 2396 1598 2466 χρήματα,
1627 2397 1754 2447 ὥστε
1793 2394 1859 2464 μὴ
1898 2396 2088 2448 δεῖσθαι

528 2483 615 2545 τῆς
644 2479 775 2548 παρὰ
825 2476 1057 2547 βασιλέως
1094 2476 1289 2537 δόσεως·
1342 2475 1426 2527 καὶ
1465 2476 1550 2527 ἵνα
1566 2513 1582 2538 ,
1618 2478 1704 2541 τῆς
1746 2474 1797 2527 ἔν
1846 2478 1909 2544 τῇ·
1947 2474 2089 2527 πόλει

527 2556 747 2627 ἀφορμῆς
774 2555 1185 2625 ἀναλισκομένης,
1212 2555 1362 2606 ἅπασι
1402 2556 1507 2615 τοῖς
1532 2553 1755 2615 πολίταις
1783 2552 1814 2619 ἥ
1843 2552 1974 2623 παρὰ
1999 2558 2087 2607 του

532 2636 765 2705 βασιλέως
800 2634 987 2702 αἴτησις
1010 2633 1211 2703 εὔλογος
1233 2633 1476 2703 φαίνηται,
1565 2631 1706 2684 Ἀλλ’
1748 2632 1797 2685 οἱ
1824 2632 1918 2702 πρὸ
1945 2630 2086 2702 ἡμῶν

528 2713 772 2773 διελόντες
798 2711 885 2763 οὖκ
914 2710 1049 2763 εἶδον
1083 2716 1226 2764 τοῦτο
1250 2710 1486 2772 καθάπαξ.
1582 2711 1889 2781 Βουλόμενος
1927 2712 2088 2763 τοίνυν

532 2791 727 2843 ἀνελεῖν
774 2788 863 2854 τὴν
914 2788 1157 2843 ἀντίθεσιν
1208 2788 1350 2850 αὖτδς
1395 2789 1666 2860 εἰσηγεῖται
1702 2790 1847 2855 δῆθεν
1892 2786 1958 2859 μὴ
1985 2790 2088 2841 δεῖν

530 2869 842 2939 ἀφαιρεῖσθαι
868 2867 931 2919 τὰ
958 2867 1164 2937 θεωρικὰ
1205 2868 1313 2928 τοὺς
1338 2868 1553 2937 δημότας
1569 2906 1584 2931 ,
1618 2865 1713 2919 εἴτε
1732 2866 1984 2918 Εὖὸούλου
2013 2886 2090 2919 τε·

530 2947 900 3012 τελευτηκότος,
922 2946 1039 3015 πρὸς
1056 2948 1114 2998 ’ὸν
1143 2944 1247 3012 εἶχε
1270 2946 1551 3016 φιλονείκως
1576 2947 1687 3014 περὶ
1708 2951 1803 2999 τῶν
1824 2946 2088 3015 θεωρικῶν,

532 3024 631 3078 εἴτε
652 3025 737 3077 τὸν
768 3024 949 3077 σκοπὸν
979 3024 1062 3077 τὸν
1088 3024 1259 3077 ἑαυτοῦ
1281 3025 1639 3095 συμπεραίνων,
1673 3022 1759 3076 ἵνα
1783 3026 2090 3093 πανταχόθεν

532 3103 775 3173 συνελάσῃ
793 3102 875 3156 καὶ
901 3104 1245 3175 καταναγκάσῃ
1264 3102 1618 3172 καταδέχεσθαι
1637 3101 1721 3153 τὸν
1747 3103 1860 3171 περὶ
1875 3107 1962 3169 τῆς
1987 3122 2093 3173 πρε·

531 3184 791 3249 σ6είαςτῆς
816 3181 932 3253 πρὸς
957 3182 1157 3253 βασιλέα
1179 3183 1353 3253 λόγον.
1387 3180 1591 3252 Διμερὴς
1604 3182 1655 3233 δέ
1670 3181 1799 3234 ἐστιν
1822 3180 1851 3233 ὁ
1877 3183 1986 3253 περὶ
2007 3188 2094 3249 τῆς

538 3262 786 3323 πολιτείας
812 3262 980 3325 λόγος.
1016 3258 1215 3327 Ἐπειδὴ
1241 3261 1337 3331 γὰρ
1365 3260 1561 3329 διχόθεν
1587 3254 1709 3325 ἦσαν
1734 3262 1895 3330 πόροι,
1929 3262 1976 3313 οἱ
2005 3261 2091 3332 μὲν

533 3340 588 3394 ἐκ
611 3347 707 3395 τῶν
724 3341 1044 3411 δικαστηρίων
1061 3341 1405 3410 δημευομένων
1422 3344 1517 3391 τῶν
1536 3336 1771 3407 εὐπόρων,
1799 3339 1847 3391 οἱ
1869 3340 1922 3392 δὲ
1941 3338 1990 3401 ἐξ
2001 3341 2092 3391 ἅλ-

532 3420 638 3472 λων
663 3418 893 3491 ἀφορμῶν
918 3419 1000 3485 καὶ
1020 3419 1271 3489 προσόδων
1291 3417 1502 3487 λιμένων
1528 3417 1610 3468 καὶ
1633 3416 1791 3487 ἔργων
1826 3418 2090 3488 ἀργυρείων

534 3500 617 3553 καὶ
644 3500 940 3571 συμμάχων,
974 3497 1271 3567 βουλόμενος
1313 3496 1395 3547 καὶ
1434 3495 1692 3556 πλουσίους
1727 3495 1986 3565 ἀρέσασθαι
2012 3499 2094 3550 καὶ

534 3580 739 3644 πένητας
758 3576 1213 3643 οἰκειώσασθαι,’ίνα
1230 3574 1506 3645 συμψήφους
1514 3575 1644 3646 λάὸῃ
1664 3576 1772 3644 περὶ
1786 3580 1870 3641 τῆς
1880 3576 1996 3645 πρὸς
2009 3576 2093 3629 τὸν

538 3658 739 3728 βασιλέα
768 3656 1015 3727 πρεσὸείας
1032 3696 1047 3721 ,
1086 3654 1168 3706 διὰ
1190 3658 1335 3706 τοῦτο
1362 3653 1637 3723 διαλέγεται
1664 3655 1808 3719 δῆθεν
1842 3656 1951 3725 περὶ
1972 3655 2094 3726 ὁμο·

536 3738 671 3798 νοίας
696 3736 859 3797 αὐτοῖς
888 3733 1015 3788 εἶναι
1044 3734 1128 3787 τὸν
1148 3734 1304 3804 λόγον
1330 3732 1411 3785 καὶ
1432 3737 1519 3785 τοῦ
1548 3735 1869 3802 συμφέροντος
1890 3775 1903 3797 ,
1929 3754 2099 3805 παραι-

536 3819 633 3867 νῶν
662 3814 783 3885 μήτε
810 3814 921 3875 τοὶις
938 3814 1257 3883 κεκτημένους
1280 3810 1363 3871 τὰς
1391 3810 1555 3873 οὐσίας
1586 3810 1855 3865 ἀδικεῖσθαι
1878 3814 1972 3867 ὑπὸ
2001 3820 2096 3867 τῶν

537 3893 836 3953 δικαζόντων
857 3894 1214 3963 δημευομένους
1231 3890 1355 3943 κατὰ
1374 3890 1529 3960 λόγον
1544 3928 1558 3954 ,
1580 3892 1701 3962 μήτε
1716 3892 1825 3953 τοὺς
1848 3894 2099 3955 καταδεεῖς

538 3972 869 4025 καταὸοᾶσθαι
896 3970 1025 4043 παρὰ
1050 3978 1145 4025 τῶν
1168 3974 1387 4023 δυνατῶν
1419 3970 1485 4031 ὡς
1512 3971 1887 4041 διανεμομένους
1911 3972 1978 4034 εἰς
2015 3972 2098 4035 τὰς

540 4050 743 4119 θεωρίας
768 4050 828 4102 τὰ
856 4052 1200 4121 στρατιωτικά.
1308 4048 1431 4101 Ἐὰν
1466 4049 1561 4119 γὰρ
1586 4056 1681 4103 τῶν
1712 4053 1874 4122 πόρων
1912 4051 2098 4107 τούτων

540 4128 737 4181 καὶτῶν
759 4131 1011 4197 προσόδων
1045 4131 1323 4184 παύσωνται
1346 4133 1443 4181 τῶν
1480 4129 1609 4199 παρὰ
1650 4136 1745 4183 τῶν
1772 4130 2007 4201 εὐπόρων,
2039 4133 2100 4186 τὰ

539 4206 593 4259 δὲ
615 4211 701 4273 τῆς
724 4208 912 4270 πόλεως
945 4208 1307 4261 ἀναλίσκωνται
1346 4204 1413 4267 εἰς
1438 4207 1548 4267 τους
1587 4208 1801 4278 δήμους,
1854 4211 1924 4272 τίς
1963 4210 2100 4264 ἔσται

540 4284 715 4339 λοιπὸν
746 4286 819 4339 ἔτι
846 4286 1038 4359 ἀφορμὴ
1067 4292 1130 4361 τῇ
1158 4288 1327 4350 πόλει,
1356 4273 1485 4351 πλὴν
1509 4289 1594 4351 τῆς
1632 4286 1697 4349 εἰς
1730 4289 1934 4357 βασιλέα
1960 4289 2097 4344 ἐλπί-

542 4366 651 4429 δος;
684 4366 764 4417 διὰ
796 4370 947 4419 ταῦτα
974 4368 1126 4429 οὕτως
1170 4367 1300 4435 αὐτῷ
1329 4364 1387 4417 τ“ο
1417 4367 1555 4434 μέρος
1590 4365 1926 4437 ἔρρητόρευται
1955 4373 2101 4421 τοῦτο

542 4463 631 4497 του
654 4444 827 4514 λόγου.
902 4445 976 4496 Τὰ
1002 4446 1098 4517 γὰρ
1122 4446 1171 4499 ἐν
1205 4445 1391 4507 τούτοις
1414 4444 1574 4513 ἀσαφῆ
1604 4444 1652 4497 οί
1680 4443 1911 4515 ἐξηγηταὶ
1943 4466 2100 4517 παρα-

546 4520 793 4586 στήσουσι.
819 4523 979 4577 TCV.

618 4600 886 4671 Πληρώσας
911 4602 1073 4653 τοίνυν
1103 4600 1189 4665 τὴν
1214 4602 1321 4671 περὶ
1338 4601 1523 4653 τούτων
1553 4600 1831 4670 παραίνεσιν
1856 4602 1940 4653 καὶ
1965 4601 2104 4672 ῥητο-

544 4684 713 4751 ρεύσας
747 4684 812 4746 ὡς
836 4682 1141 4754 ἐδείκνυμεν,
1177 4684 1350 4753 μετέὸη
1378 4682 1551 4737 λοιπὸν
1572 4682 1651 4737 ἐπὶ
1681 4684 1739 4737 τὸ
1772 4685 1988 4754 πέμπτον
2019 4686 2102 4755 μέ·

547 4780 627 4830 ρος
649 4764 735 4813 τοῖ’»
762 4762 918 4832 λόγου
944 4764 1049 4816 ἐντέ
1050 4764 1163 4815 υθεν
1189 4760 1451 4831 ἀρξάμενος
1484 4762 1573 4833 (p.
1608 4764 1735 4826 143,
1759 4766 1791 4816 8
1813 4768 1849 4831 )·
1885 4764 1996 4825 «ὡς
2017 4764 2102 4835 μὲν

554 4860 576 4886 α
611 4833 695 4891 ουν
727 4838 852 4895 εἴποι
880 4860 951 4903 τις
976 4843 1033 4893 ἂν
1054 4842 1259 4911 ,ἂπαρ’
1284 4840 1519 4912 ἑκατέρων
1546 4840 1677 4895 εἶναι
1698 4843 1804 4905 δεῖ,
1826 4842 1960 4895 ταυτ’
1989 4842 2105 4906 ἴσως

554 4916 722 4971 αέστί·
766 4922 961 4990 »βάσιν
1012 4920 1097 4991 μὲν
1125 4921 1207 4973 καὶ
1242 4921 1561 4992 συμπέρασμα
1604 4926 1700 4973 τῶν
1744 4923 2104 4991 προειρημένων

550 4994 638 5061 τὴν
662 4998 878 5049 διάνοιαν
903 5000 1081 5065 ταύτην
1112 4999 1424 5069 ποιούμενος,
1466 5000 1830 5069 καταρχόμενος
1854 4998 1907 5051 δὲ
1941 4998 1994 5051 ἔκ
2019 5004 2106 5051 του

554 5080 789 5147 μερισμοῦ
816 5076 962 5129 πάλιν
1000 5082 1084 5143 τῆς
1124 5077 1309 5139 ἐννοίας
1348 5084 1421 5147 τῷ
1462 5077 1583 5144 ἑξῆς.
1662 5078 1804 5131 Ἐστι
1841 5078 1976 5131 δὲτὸ
2004 5079 2108 5131 νυνὶ

552 5158 1031 5226 κατασκευαζόμενον
1069 5157 1329 5226 κεφάλαιον
1372 5156 1429 5209 τὸ
1464 5158 1703 5226 συμφέρον
1730 5154 1777 5218 ἐξ
1804 5154 2106 5223 ἀντιθέσεως,

1602 369 1883 429 ΣΧΟΛΙΑ
1931 367 2058 428 ΕΙΣ
2100 362 2654 427 ΔΗΜΟΣΘΕΝΗΝ.

2168 498 2230 565 ἣν
2267 496 2356 549 οὖκ
2387 496 2530 563 ἔθηκε
2569 494 2687 567 μὲν,
2717 492 3010 547 ἐνδείκνυται
3045 492 3096 545 δὲ
3119 492 3198 545 διὰ
3234 496 3316 559 τῆς
3357 494 3513 563 μάχης.
3589 493 3651 557 Εἷς

2169 576 2257 627 δύο
2285 575 2336 628 δὲ
2361 577 2480 645 μέρη
2507 576 2732 645 διῄρηται
2773 576 2919 626 τοῦτο
2959 572 3018 625 τί)
3057 574 3270 641 πέμπτον
3305 573 3451 667 μέρος.
3527 572 3650 633 Εἰςὲν

2169 656 2290 726 μὲν,
2310 656 2340 707 ’ὸ
2360 656 2571 724 περιέχει
2609 650 2698 717 τὴν
2723 652 2910 703 λύσιν
2885 653 2972 717 τῆς
2999 649 3308 711 ἀντιθέσεως,
3333 648 3394 710 εἷς
3423 650 3560 720 ἕτερον
3597 652 3649 713 δὲ,

2167 735 2226 787 τὸ
2258 733 2382 787 κατὰ
2409 753 2520 794 τους
2553 731 2774 802 ῥήτορας.
2848 730 2932 790 Τίς
2967 724 3054 781 ουν
3077 728 3109 794 ἣ
3136 728 3366 789 ἀντίθεσις
3397 727 3481 781 ἀπὶ
3503 736 3580 781 τῶν
3601 729 3650 780 εί-

2169 816 2362 907 ρημένω
2319 832 2390 865 ων
2435 812 2716 877 κεκίνηται,
2757 808 2920 874 ἐπειδὴ
2957 808 3110 861 πολύν
3141 828 3252 860 τινα
3287 807 3430 876 λόγον
3467 808 3652 877 περὶτῆς

2167 912 2284 961 προς
2317 890 2520 959 βασιλέα
2545 890 2797 960 πρεσὸείας
2833 890 3122 954 πεποίηται,
3155 886 3401 939 ἀντέπεσεν
3426 884 3474 939 ἐκ
3497 887 3649 939 τούτου·

2171 972 2264 1023 Καὶ
2291 972 2338 1023 τί
2361 972 2418 1022 ἂν
2443 969 2571 1040 ἡμᾶς
2604 968 2872 1039 ὠφελήσειε
2908 967 2971 1019 τὰ
3007 970 3219 1019 τοσαῦτα
3253 965 3492 1036 χρήματα,
3525 968 3590 1017 καὶ
3608 965 3654 1027 εἰς

2169 1052 2278 1103 τίνα
2303 1049 2472 1120 χρείαν
2501 1048 2778 1117 δεησόμεθα
2797 1050 2886 1100 τοῦ
2910 1044 3176 1117 βασιλέωςς
3203 1044 3331 1095 λύων
3357 1045 3501 1096 τοίνυν
3521 1046 3654 1111 ταύτην

2169 1129 2258 1194 τὴν
2288 1128 2528 1181 ἀντίθεσιν
2557 1126 2604 1188 ἐξ
2631 1126 2950 1196 ἐπιτιμήσεως
2979 1124 3224 1177 δείκνυται
3263 1125 3336 1177 ὅτι
3360 1122 3452 1193 χρὴ
3473 1129 3652 1194 προεστά-

2171 1230 2250 1261 ναι
2273 1215 2368 1263 τῶν
2405 1207 2664 1274 Ἑλλήνων
2689 1207 2771 1259 καὶ
2797 1204 2888 1271 τὴν
2923 1203 3072 1271 αὖτὴν
3099 1206 3232 1267 τάξιν
3261 1204 3521 1269 ἀναλαθεῖν,
3545 1206 3655 1275 ἥνπερ

2170 1289 2314 1359 εἶχον
2348 1290 2396 1341 οἱ
2427 1290 2622 1357 πατέρες
2660 1285 2800 1357 ἡμῶν
2827 1286 2911 1337 καὶ
2939 1287 3176 1355 πρόγονοι
3193 1322 3210 1349 ,
3247 1282 3334 1350 τὴν
3369 1285 3518 1355 χρείαν
3551 1284 3658 1337 ἔνθα·

2170 1370 2404 1439 κνύμενος
2417 1368 2483 1429 εἰς
2503 1369 2562 1433 ἢν
2587 1367 2844 1433 δεήσονται
2862 1370 2958 1417 τῶν
2973 1365 3268 1435 χρημάτων·
3287 1364 3344 1417 τὸ
3358 1364 3448 1434 γὰρ
3461 1363 3518 1433 μὴ
3533 1366 3658 1433 ἄρχειν

2170 1449 2316 1519 φησὶν
2341 1448 2500 1503 αἰτίαν
2521 1446 2652 1500 εἶναι
2687 1452 2783 1499 τῶν
2809 1447 3066 1514 παρόντων
3103 1446 3400 1515 πραγμάτων
3425 1445 3496 1497 καὶ
3517 1449 3584 1511 τῆς
3600 1465 3659 1497 τα-

2173 1531 2360 1597 ραχῆς,
2389 1525 2474 1578 καὶ
2513 1525 2572 1577 rb
2609 1523 2676 1595 μὴ
2713 1526 3004 1595 προεστάναι
3039 1522 3223 1584 αὗτοὶις
3257 1529 3352 1575 τῶν
3397 1522 3641 1589 Ἑλληνικῶν

2170 1606 2358 1659 Οὗκοῖιν
2387 1605 2468 1658 διὰ
2503 1605 2690 1658 τούτων
2718 1603 2998 1669 συνίστησιν
3027 1604 3105 1655 ὅτι
3134 1600 3226 1666 τὴν
3259 1601 3393 1653 λύσιν
3418 1608 3492 1667 τῆς
3519 1601 3657 1655 &vnai-

2171 1704 2292 1747 σεως
2333 1684 2636 1755 ἐξεργάζεται
2651 1723 2664 1745 ,
2703 1680 3062 1751 ἐνδεικνύμενος
3093 1684 3194 1733 ποῖ
3221 1680 3434 1750 χρήσιμα
3463 1680 3659 1749 γενήσεται

2171 1764 2335 1826 αὐτοῖς
2361 1763 2422 1817 τὰ
2451 1763 2686 1833 χρήματα
2703 1802 2717 1825 ,
2743 1762 2826 1813 καὶ
2847 1762 2924 1813 ’ὄτι
2951 1758 3032 1812 διὰ
3059 1761 3117 1813 τί)
3149 1758 3216 1831 μὴ
3255 1762 3518 1829 προστατεῖν
3537 1760 3660 1821 αὖτοὺς

2171 1850 2268 1897 τῶν
2304 1843 2562 1911 Ἑλλήνων
2587 1842 2834 1910 παρῆλθεν
2863 1840 2942 1895 ἐπὶ
2963 1840 3023 1893 τὰ
3045 1842 3310 1911 πράγματα
3333 1838 3558 1900 Φίλιππος·
3579 1842 3660 1892 ὅθεν

2174 1924 2414 1995 εὐδαίμων
2443 1924 2526 1975 καὶ
2565 1924 2736 1993 μέγας.
2833 1920 2977 1990 ’Άπερ
3017 1918 3122 1973 ἐστὶ
3165 1922 3324 1974 πάντα
3363 1920 3580 1971 συστατικὰ
3601 1925 3660 1985 τῆς

2171 2004 2550 2074 χρησιμωτάτης
2579 2002 2748 2073 χρείας
2768 2006 2864 2053 τῶν
2883 1998 3014 2070 παρὰ
3039 1999 3282 2069 βασιλέως
3297 2000 3492 2069 δωρεῶν,
3553 1998 3604 2051 To
3623 1998 3660 2051 δὲ

2175 2085 2340 2153 ἕτερον
2375 2084 2515 2154 μέρος
2533 2121 2548 2146 ,
2599 2084 2628 2133 ὅ
2651 2081 2752 2135 ἐστι
2779 2079 2898 2149 πρὸς
2927 2080 3038 2140 τοὺς
3075 2078 3308 2149 ῥήτορας,
3349 2080 3540 2131 τοιοῦτόν
3573 2078 3658 2131 ἔστι.

2173 2164 2364 2215 Δέδοικε
2389 2163 2572 2233 σφόδρα
2603 2160 2690 2226 τὴν
2723 2156 2856 2229 παρὰ
2877 2164 2974 2211 τῶν
3005 2158 3488 2228 ἀντιπολιτευομένων
3515 2156 3661 2207 ἀντιλο-

2173 2242 2286 2311 γίαν
2301 2280 2316 2306 ,
2337 2241 2422 2293 καὶ
2440 2240 2576 2302 εἰδὼς
2603 2238 2692 2304 τὴν
2714 2238 2994 2290 ἀντίστασιν
3021 2236 3257 2307 κινεῖμὲν
3289 2236 3378 2305 πρὸ
3397 2239 3473 2301 τῆς
3493 2236 3661 2303 δημηγο-

2175 2320 2277 2389 ρίας
2318 2321 2430 2373 τόδε
2481 2320 2540 2373 th
2587 2320 2758 2389 μέρος,
2795 2318 2881 2369 τὸν
2926 2314 2978 2369 δὲ
3015 2315 3138 2385 πρὸς
3185 2315 3354 2376 ,αὖτοὺς
3387 2314 3520 2382 λόγον
3559 2314 3664 2381 τρίχα

2174 2401 2421 2469 διῄρηκεν.
2495 2397 2578 2459 El<
2603 2400 2656 2451 ἓν
2681 2396 2767 2467 μὲν
2791 2395 2850 2461 δὴ
2875 2390 2962 2447 οὖν
2985 2396 3224 2467 μέμφεται
3247 2396 3323 2447 ὅτι
3357 2392 3586 2446 κωλύουσιν
3613 2390 3665 2441 ἀεὶ

2173 2480 2260 2532 τὸν
2288 2480 2405 2549 πρὸς
2436 2478 2686 2531 Φίλιππον
2719 2476 2956 2547 πόλεμον·
3005 2474 3070 2535 εἰς
3117 2476 3286 2545 ἕτερον
3309 2474 3386 2537 δὲ,
3415 2474 3482 2525 ὅτι
3513 2470 3664 2522 81:5ss-

2175 2559 2316 2611 λουσι
2343 2560 2428 2611 τον
2456 2558 2802 2624 Δημοσθένην,
2849 2556 2914 2616 ὡς
2947 2554 3070 2607 πολε
3075 2556 3306 2625 μοποιόν·
3350 2552 3412 2614 εἰς
3449 2550 3624 2621 τρίτον
3605 2548 3663 2609 οὲ,

2177 2638 2253 2689 ὅτι
2281 2656 2348 2707 μη
2377 2639 2688 2706 συγχωροῦσι
2721 2639 2796 2705 τῷ
2823 2634 3024 2702 βασιλεῖ
3045 2631 3135 2698 τὴν
3165 2633 3310 2687 πόλιν
3343 2630 3588 2701 εύεργετεῖψ
3613 2628 3664 2679 ἐν·

2177 2714 2526 2784 δεικνύμενος*
2499 2735 2565 2774 ως
2587 2716 2679 2766 ὅσα
2703 2714 2760 2765 ἂν
2785 2712 2922 2764 αυτοὶ
2961 2717 3136 2764 ποιῶσι
3170 2711 3256 2763 καὶ
3291 2712 3484 2781 λέγωσι,
3516 2709 3663 2765 λύοντες

2176 2792 2266 2859 τὴν
2289 2794 2406 2863 πρὸς
2433 2791 2636 2861 βασιλέα
2658 2790 2913 2859 πρεσθείαν
2934 2790 3017 2841 καὶ
3039 2790 3124 2842 τὴν
3151 2790 3370 2859 πόλεμον
3393 2788 3469 2840 τδν
3490 2789 3582 2855 πρὸς
3600 2786 3664 2835 Φί-

2177 2871 2358 2924 λιππον
2378 2911 2393 2934 ,
2423 2872 2588 2940 χάριτι
2615 2870 2698 2921 καὶ
2727 2868 2888 2938 μισθῷ
2925 2867 3218 2920 κωλύουσιν.
3303 2865 3436 2919 Ἐπεὶ
3465 2866 3583 2917 πόθεν
3605 2864 3666 2913 ἄλ·

2177 2951 2324 3003 λοθεν
2341 2949 2601 3017 ηὗξηνται;
2623 2945 2752 2999 Εἶτα
2775 2947 3055 3018 ἀποστροφῇ
3072 2950 3381 3019 χρησάμενος
3396 2947 3498 3017 πρὸς
3509 2946 3578 2997 ἕνα
3592 2942 3667 2995 τινὰ

2179 3034 2276 3080 τῶν
2296 3028 2545 3097 προδοτῶν
2567 3024 2883 3095 Ἀριστομήδη
2919 3026 3073 3091 (deb.
3111 3024 3480 3097 Ἀριστόδημον)
3503 3024 3667 3092 ἐλεγκτι-

2180 3112 2276 3167 κῶς
2300 3105 2576 3175 διαλέγεται
2593 3144 2606 3167 ,
2629 3104 2691 3155 δι’
2725 3104 2833 3165 ἑνὸς
2859 3103 3028 3175 ἀνδρὸς
3063 3106 3185 3175 πρὸς
3215 3107 3420 3165 ἅπαντας
3436 3104 3508 3155 τὸν
3533 3102 3668 3152 σκοπὸν

2179 3190 2266 3237 τοῦ
2293 3185 2448 3255 λόγου
2485 3184 2672 3253 γυμνὸν
2707 3184 2792 3235 καὶ
2825 3185 3030 3253 φανερὸν
3059 3185 3294 3247 καθιστὰς
3335 3186 3431 3244 τοῖς
3453 3182 3665 3233 ἀκούουσιν.

2187 3261 2388 3327 Ἐπειδὴ
2411 3262 2508 3332 γὰρ
2531 3261 2579 3314 οἱ
2608 3261 2956 3331 ἀποτρέποντες
2978 3262 3149 3324 αὐτοὺς
3176 3266 3377 3335 πέμπειν
3401 3263 3501 3332 πρὸς
3523 3260 3669 3330 βασιλέα

2180 3342 2264 3394 καὶ
2297 3341 2534 3412 πολεμεῖν
2557 3340 2794 3413 Φιλίππῳ
2814 3340 2958 3407 δῆλοί
2981 3340 3098 3415 εἰσιν
3125 3343 3208 3396 ἐπὶ
3237 3345 3396 3415 χάριτι
3425 3340 3668 3413 μὲνσυμξω·

2181 3422 2403 3483 λέύοντες
2421 3460 2435 3485 ,
2481 3421 2538 3474 τὸ
2573 3421 2626 3474 δὲ
2663 3420 2851 3490 ἀξίωμα
2889 3423 3230 3492 καθαιροῦντες
3269 3427 3352 3489 τῆς
3397 3423 3581 3482 πόλεως,
3614 3418 3669 3467 δὲ

2181 3504 2327 3554 τοῦτο
2355 3500 2655 3571 φοὸούμενος
2692 3500 2871 3567 ταύτην
2923 3497 3012 3565 τὴν
3059 3502 3174 3569 παρ’
3217 3501 3408 3555 ἐκείνων
3451 3496 3667 3563 ἀντιλογὲπν

2182 3576 2404 3647 ἠρώτησε
2450 3577 2536 3630 τὸν
2576 3576 2920 3648 Ἆριστομήδην
2965 3578 3045 3631 διὰ
3085 3581 3134 3632 τί
3177 3579 3320 3641 αὐτὸς
3358 3580 3436 3650 μὲν
3461 3578 3576 3649 φιλοῖ
3581 3574 3669 3643 ιαὲς3

2185 3660 2536 3727 μεταποιεῖται,
2557 3654 2622 3727 μὴ
2643 3676 2890 3727 συγχωρει
2871 3658 2966 3711 ’δὲ
2994 3662 3056 3731 τῇ
3078 3658 3225 3713 πόλει
3243 3657 3331 3725 τὴν
3359 3658 3487 3719 δόξαν
3511 3654 3580 3719 τὴν
3602 3658 3668 3703 τῶν

2183 3737 2438 3807 προγόνων
2473 3734 2818 3832 διαφυλάττειν
2843 3738 2925 3789 καὶ
2961 3738 3291 3809 κληρονομεῖν
3315 3742 3394 3805 τῆς
3417 3736 3594 3794 εύκλιίας
3616 3730 3670 3781 καὶ

2187 3815 2494 3884 διαδέχεσθαι
2533 3813 2618 3875 τας
2657 3820 2758 3867 τῶν
2797 3814 2954 3885 ἔργων
2999 3816 3361 3887 λαμπρότητας.
3439 3814 3492 3865 ‘0
3520 3812 3650 3883 μὲνῡυ

2185 3892 2361 3953 σκοπὸς
2387 3888 2527 3954 οὗτός
2564 3892 2711 3945 ἐστιν·
2753 3892 2966 3965 ειπωμεν
3007 3895 3085 3960 δὲ,
3135 3897 3267 3957 ὅπως
3306 3893 3560 3967 μετακεχείρ
3565 3907 3670 3939 zm·-

2185 3970 2325 4023 Μετὰ
2343 3972 2504 4024 τοίνυν
2527 3969 2616 4037 τὴν
2648 3971 2788 4025 λύσιν
2809 3977 2895 4039 τῆς
2920 3935 3203 4035 ἀντιθέσεως
3220 3973 3466 4044 ἔπισυνῆψε
3481 3990 3528 4023 το
3549 3986 3616 4037 ypz
3601 3971 3674 4017 ’.ὧν

2185 4049 2262 4109 δες
2282 4054 2368 4101 τοῦ
2399 4050 2663 4118 βασιλέως,
2691 4050 2776 4102 καὶ
2797 4052 2874 4103 δτι
2893 4050 3186 4121 ἀναγκαία*
3163 4074 3194 4118 η
3224 4054 3340 4122 πρὸς
3359 4052 3526 4105 ἐκεῖνον
3547 4045 3669 4116 φιλῖει,

2187 4126 2318 4197 εἴπερ
2355 4130 2458 4190 τοῖς
2479 4128 2650 4189 ἄλλοις
2677 4129 2868 4181 ἅπασαν
2895 4128 3142 4197 Ἕλλησιν
3171 4132 3395 4191 εὐνοϊκῶς
3428 4128 3670 4194 διαλέγε-3ῑ,

2173 4206 2308 4277 ’ἡμῖν
2335 4204 2388 4259 δὲ
2427 4204 2753 4276 ἀπεχθάνεται
2797 4208 3038 4277 βασιλεύς.
3117 4210 3210 4261 Καὶ
3249 4209 3504 4277 ἀνάγκην
3495 4224 3570 4272 αεγ
3577 4204 3672 4263 {emt

2187 4285 2270 4337 καὶ
2295 4285 2424 4338 πίστι
2427 4304 2452 4335 ν
2481 4285 2736 4350 πεποίηται
2773 4286 2919 4357 [διὰ]
2951 4292 3036 4340 τοῦ
3064 4288 3222 4349 δεῖξαι
3249 4287 3299 4341 ἐν
3329 4288 3408 4340 οἵα
3428 4282 3590 4355 ταραχῇ
3613 4297 3672 4329 33·

2189 4370 2387 4435 θέστηκε
2409 4368 2471 4419 τὰ
2498 4366 2906 4435 τῶνἙλλήνων·
2935 4371 3003 4432 ὡς
3036 4370 3166 4423 εἶναι
3204 4373 3371 4443 χρείαν
3391 4373 3449 4441 τῆ
3477 4364 3658 4420 astar?

2187 4448 2298 4517 παρ’
2321 4446 2504 4499 ἐκείνου
2535 4446 2804 4519 ἐπικουρίας
2831 4448 2912 4499 διὰ
2931 4450 2991 4502 τὰ
3015 4451 3364 4517 καθεστηκότα.
3437 4446 3520 4497 Ἦν
3546 4398 3673 4510 βιοῖ’,
3595 4439 3674 4489 Αὖ-

2192 4544 2332 4595 μενος
2357 4528 2686 4579 πιστώσασθαι
2709 4526 2882 4593 ηὔξησε
2911 4526 3002 4593 τὴν
3033 4548 3254 4599 ταραχην
3287 4526 3374 4593 τὴν
3417 4516 3668 4609 Ἑλληνική

2191 4604 2302 4659 εἶτα
2335 4605 2430 4659 ἀπὸ
2451 4606 2624 4659 τούτου
2649 4608 2934 4677 μετεδίδασε
2963 4609 3046 4661 τὸν
3073 4608 3226 4679 λόγον
3253 4578 3489 4678 πρδςιτους
3523 4601 3572 4655 ἔτ·
3545 4598 3672 4666 ·εἶγᾶ·

2192 4703 2284 4754 ριτι
2310 4684 2729 4755 πολιτευομένους.
2821 4685 3012 4757 Διαιρεῖ
3033 4686 3086 4740 δὲ
3107 4687 3222 4756 δίγα
3257 4704 3337 4737 και
3363 4704 3444 4749 την
3466 4686 3548 4733 τῶν
3567 4694 3634 4747 pr.
3617 4672 3672 4726 ὅ·

2193 4781 2290 4832 ρων
2313 4764 2582 4830 ποιότητα,
2613 4764 2696 4815 καὶ
2721 4762 2980 4825 ἀντιθέσεις
3011 4765 3229 4830 κεκίνηκε
3257 4783 3370 4833 προς
3393 4754 3594 4818 διαῦολῆἳ
3615 4769 3675 4813 ’Τῖ

2191 4843 2448 4909 ποιότητος
2469 4842 2626 4895 αύτῶν
2651 4842 2937 4913 διαφόρους,
2975 4842 3329 4913 ἐνδεικνύμενος
3359 4840 3418 4891 δι’
3453 4836 3584 4888 αὗτῶν
3615 4848 3648 4878 ⁰·-
3652 4844 3673 4874 ³

2192 4920 2388 4974 εἰώθασι
2412 4922 2573 4991 λέγειν
2592 4921 2675 4973 καὶ
2693 4923 2769 4975 ὅτι
2797 4922 2996 4989 σύνηθες
3018 4920 3182 4983 αὗτοῖς
3197 4920 3394 4973 κωλύειν
3407 4923 3492 4969 τῶν
3507 4910 3672 4979 πράξειι

2193 5001 2280 5066 τὴν
2303 5003 2467 5066 πόλιν,
2497 5000 2794 5072 φοθούμενος
2823 5001 2887 5073 μὴ
2911 5004 3020 5073 περι
3042 5006 3126 5067 τῆς
3145 5002 3384 5071 πρεσὸεἷας
3407 5002 3528 5063 τῆς··
3513 5012 3592 5063 -ρῠί
3613 5002 3674 5056 ΡΞ·

2195 5081 2332 5133 σιλέα
2354 5078 2638 5143 ἀντείπωσι,
2669 5081 2814 5151 [καὶ]
2843 5100 2954 5141 τους
2979 5081 3154 5149 λόγους
3179 5078 3329 5130 αὗτῶν
3353 5070 3672 5141 υποτεμνῦμενῆἰ

2195 5160 2276 5211 καὶ
2319 5158 2542 5221 ἀπίστους
2587 5178 2676 5212 αυτ
2677 5158 2758 5221 (υς
2799 5158 3078 5220 καθιστὰς*
3051 5178 3118 5219 ως
3149 5160 3194 5209 δι
3183 5156 3225 5208 ιὰ
3265 5156 3490 5207 Φίλιππον
3527 5148 3647 5199 5³²2*
3651 5158 3672 5188 ²
