3825 5834
480 435 554 511 si
1484 448 1854 507 Alzxmor
1891 451 1943 508 0
1987 448 2183 508 RATA
2224 449 2635 510 TlMAPxor.

3376 447 3658 528 (ns-1:11)

383 594 434 632 ³5
462 579 722 638 κολουθεῖν
750 575 839 633 καὶ
871 576 1059 657 ἐφορᾶν
1099 572 1324 655 φρουρὰν
1353 570 1440 630 καὶ
1475 571 1710 650 φυλακὴν
1737 571 2009 654 σωφροσύ-
2102 583 2463 633 assectationem
2486 597 2629 645 porro
2647 585 2695 632 et
2712 583 3079 646 inspectionem,
3112 583 3362 634 modestlae
3384 587 3655 636 custodiam

463 689 551 736 νης
567 663 804 744 ἡγήσατο
829 651 958 720 εἶναι
987 662 1257 738 μεγίστην.
1341 660 1456 736 (tto)
1481 658 1760 736 Τοιγάρτοι
1779 657 1895 724 τοὺς
1922 663 2014 728 τῆς

462 753 663 817 πόλεως
690 748 784 826 μὲν
803 749 1096 826 εὖεργέτας,
1115 749 1227 814 ταῖς
1255 749 1300 805 δ’
1322 745 1526 826 ἀρεταῖς
1544 745 2014 824 ὑπερενηνοχότας,

465 837 734 916 Ἁρμόδιον
753 835 843 893 καὶ
867 834 1272 913 Ἀριστογείτονα
1291 878 1306 905 ,
1336 836 1363 890 ὁ
1406 830 1624 912 σώφρων
1655 833 1745 890 καὶ
1778 831 2012 908 ἔννομος,

465 923 568 983 εἴτε
589 921 756 1002 ἔρωτα
785 917 886 979 εἴτε
899 921 1089 1000 τρόπον
1113 921 1268 978 αὐτὸν
1285 918 1388 998 χρὴ
1407 927 1734 998 προσειπεῖν,
1760 917 2018 984 τοιούτους

465 1011 764 1070 ἐπαίδευσεν
794 1007 928 1066 ὥστε
951 1007 1068 1074 τοὺς
1086 1009 1417 1070 ἐπαινοῦντας
1435 1005 1504 1062 τὰ
1530 1004 1736 1063 ἐκείνων
1767 1003 1890 1084 ἔργα
1918 1027 2017 1063 κα-

465 1095 828 1175 ταδεεστέρους
851 1097 1018 1154 δοκεῖν
1039 1083 1172 1154 εἶναι
1189 1096 1244 1154 ἐν
1265 1101 1369 1160 τοῖς
1389 1091 1663 1170 ἐγκωμίοις
1685 1095 1787 1150 τῶν
1809 1089 2018 1158 ἐκείνοις

467 1183 868 1264 πεπραγμένων.

391 1290 444 1328 so
551 1288 648 1329 nt.
680 1267 902 1339 Ἐπειδὴ
925 1265 978 1326 δέ
1009 1267 1284 1346 Ἀχιλλέως
1305 1265 1396 1324 καὶ
1423 1264 1728 1344 Πατρόκλου
1753 1264 2019 1342 μέμνησθε

471 1356 562 1415 καὶ
585 1355 824 1436 Ὀμήρου
846 1354 936 1414 καὶ
956 1353 1142 1434 έτέρων
1163 1357 1416 1426 ποιητῶν,
1440 1357 1507 1420 ὡς
1526 1357 1628 1412 τῶν
1649 1352 1740 1430 μὲν
1765 1354 2018 1411 δικαστῶν

471 1443 708 1515 ἀνηκόων
747 1441 983 1508 παιδείας
1025 1439 1213 1511 ὄντων,
1257 1443 1401 1514 ὑμεῖς
1437 1439 1491 1498 δὲ
1531 1438 1848 1518 εὐσχήμονές
1890 1461 2020 1503 τινες

471 1535 834 1612 προσποιεῖσθε
865 1521 994 1588 εἶναι
1016 1530 1106 1587 καὶ
1133 1532 1551 1607 περιφρονοῦντες
1579 1525 1782 1607 ἱστορίᾳ
1810 1525 1896 1585 τὸν
1926 1527 2020 1594 δῆ-

475 1643 600 1696 μον,
628 1616 696 1676 ἶν’
740 1620 909 1690 εἶδ’ἥτε
948 1613 1027 1674 ὅτι
1064 1614 1156 1675 καὶ
1181 1620 1334 1693 ἡμεῖς
1371 1638 1422 1673 τι
1463 1617 1566 1687 ἤδη
1594 1613 1892 1690 ἠκούσαμεν
1930 1610 2022 1672 καὶ

474 1705 733 1784 ἐμάθομεν
752 1751 768 1781 ,
796 1703 1010 1782 λέξομέν
1041 1727 1092 1763 τι
1115 1703 1204 1763 καὶ
1227 1707 1379 1780 ἡμεῖς
1411 1703 1529 1784 περὶ
1559 1700 1772 1760 τούτων.
1799 1699 2020 1772 Ἐπειδὴ

473 1791 576 1872 γὰρ
603 1793 922 1870 ἐπιχειροῦσι
948 1790 1239 1872 φιλοσόφων
1263 1791 1460 1868 ἀνδρῶν
1485 1793 1778 1866 μεμνῆσθαι
1805 1788 1896 1846 καὶ
1923 1811 2024 1846 κα-

476 1879 747 1960 ταφεύγειν
789 1878 876 1936 ἐπὶ
913 1876 1028 1943 τοὺς
1067 1877 1366 1957 εἰρημένους
1409 1879 1462 1936 ἐν
1504 1881 1579 1956 τῷ
1607 1875 1780 1956 μέτρῳ
1807 1875 2020 1954 λόγους,

390 1980 458 2029 20
478 1965 774 2044 θεωρήσατε
801 1964 1206 2046 ἅποὸλέψαντες,
1229 1953 1273 2023 ὦ
1301 1964 1576 2037 Ἀθηναῖοι,
1604 1966 1675 2029 εἷς
1701 1962 1815 2030 τοὺς
1835 1965 2025 2040 ὁμολο-

475 2053 735 2130 γουμένως
754 2049 972 2129 ἀγαθοὺς
995 2050 1084 2108 καὶ
1109 2047 1366 2131 χρηστοὺς
1389 2049 1608 2122 ποιητάς
1623 2094 1640 2126 ,
1661 2047 1778 2108 ὅσον
1807 2047 2025 2128 κεχωρί-

477 2145 596 2198 σθαι
629 2139 872 2216 ἐνόμισαν
897 2138 1012 2205 τοὺς
1040 2137 1307 2218 σώφρονας
1334 2137 1424 2196 καὶ
1441 2141 1544 2196 τῶν
1585 2136 1774 2214 ὁμοίων
1802 2139 2025 2216 ἐρῶντας

475 2225 699 2292 καὶτοὺς
716 2229 956 2308 ἀκρατεῖς
971 2217 1044 2284 ὧν
1059 2227 1116 2284 οὗ
1134 2223 1238 2303 χρὴ
1258 2225 1348 2283 καὶ
1363 2227 1478 2291 τοὺς
1497 2223 1762 2305 ὓὸριστάς.
1788 2226 1902 2300 (1⁴2)
1928 2223 2023 2283 Λέ-

478 2312 546 2380 ξω
569 2311 625 2371 δὲ
647 2315 853 2392 πρῶτον
882 2310 976 2388 μὲν
1002 2311 1121 2392 περὶ
1146 2311 1410 2392 Ὀμήρου,
1439 2310 1495 2369 δν
1526 2313 1580 2369 ἐν
1601 2314 1705 2378 τοῖς
1725 2310 2024 2391 πρεσὸυτά-

471 2422 577 2464 τοις
593 2399 684 2460 καὶ
705 2398 1018 2480 σοφωτάτοις
1033 2401 1137 2458 τῶν
1151 2403 1382 2470 ποιητῶν
1403 2389 1534 2457 εἶναι
1557 2399 1830 2473 τάττομεν.
1853 2397 2027 2457 Ἐκεῖ-

411 2511 436 2548 ε
477 2493 566 2554 νος
595 2486 697 2566 γὰρ
736 2489 1007 2564 πολλαχοῦ
1047 2484 1374 2562 μεμνημένος
1421 2486 1542 2564 περὶ
1587 2485 1897 2565 Πατρόκλου
1935 2483 2027 2542 καὶ

480 2573 786 2652 Ἀχιλλέως,
821 2571 910 2631 τὸν
953 2569 1046 2648 μὲν
1069 2570 1238 2650 ἔρωτα
1269 2571 1359 2630 καὶ
1389 2570 1484 2642 τὴν
1519 2571 1816 2648 ἐπωνυμίαν
1859 2573 2029 2628 αὐτῶν

480 2665 572 2732 τῆς
612 2659 784 2740 φιλίας
823 2658 1236 2739 ἀποκρύπτεται,
1281 2657 1558 2735 ἡγούμενος
1586 2659 1678 2726 τὰς
1711 2662 1805 2728 τῆς
1833 2657 2029 2723 εὐνοίας

481 2745 768 2826 ὓπερὸολὰς
811 2747 1122 2822 καταφανεῖς
1159 2735 1288 2804 εἶναι
1321 2749 1426 2811 τοῖς
1464 2744 1889 2822 πεπαιδευμένοις
1927 2747 2029 2802 τῶν

481 2837 771 2913 ἀκροατῶν.
857 2833 973 2908 (ua)
1006 2829 1162 2909 Λέγει
1189 2832 1291 2912 γάρ
1315 2853 1416 2890 που
1437 2831 1702 2912 Ἀχιλλεὺς
1727 2831 2032 2910 ὀδυρόμενος

479 2921 568 2979 τὸν
601 2926 691 2979 τοῦ
721 2918 1043 2997 Πατρόκλου”
1057 2919 1300 2991 θάνατον,
1327 2921 1396 2984 ὡς
1422 2919 1476 2976 ἵν
1490 2942 1540 2976 τι
1565 2924 1717 2976 τοῦτο
1735 2921 1835 2976 τῶν
1863 2920 2030 2988 λυπη·

483 3007 710 3086 ροτάτων
737 3004 1275 3083 ἀναμιμνησκόμενος,
1291 3002 1373 3062 ὅτι
1385 3004 1479 3075 τὴν
1499 3003 1778 3082 ὑπόσχεσιν
1801 3004 1896 3074 τὴν
1905 3003 2032 3082 πρὸς

407 3112 460 3152 lo
482 3095 568 3154 τὸν
593 3092 794 3174 πατέρα
819 3093 906 3152 τὸν
944 3092 1252 3171 Πατρόκλου
1280 3091 1554 3152 Μενοίτιον
1583 3091 1724 3150 ἄκων
1759 3092 2029 3171 ἐψεύσατο·

479 3182 887 3260 ἐπαγγείλασθαι
918 3179 1018 3260 γὰρ
1047 3183 1116 3246 εἰς
1141 3179 1404 3240 Ὀποῦντα
1433 3183 1536 3237 σῶν
1562 3178 1800 3250 ἀπάξειν,
1831 3182 1876 3236 εἶ
1900 3200 2033 3252 συμ-

479 3267 730 3348 πέμψειεν
751 3265 906 3325 αὖτὸν
921 3269 992 3332 εἰς
1007 3265 1102 3338 τὴν
1116 3265 1311 3345 Τροίαν
1331 3264 1420 3325 καὶ
1441 3266 1860 3344 παρακαταθεῖτο
1875 3268 2031 3342 αὑτῷ·

482 3345 526 3436 ᾧ
559 3353 861 3434 καταφανής
887 3356 1025 3412 ἐστιν
1046 3354 1115 3419 ὥς
1142 3352 1204 3411 δι’
1233 3352 1400 3432 ἔρωτα
1429 3351 1523 3424 τὴν
1550 3353 1847 3430 ἐπιμέλειαν
1877 3355 2033 3411 αὐτοῦ

486 3441 807 3523 παρέλαὸεν.
895 3445 1016 3520 (tu)
1054 3437 1212 3502 Ἔστι
1243 3439 1298 3498 δὲ
1324 3439 1390 3497 τὰ
1431 3438 1531 3512 ἔπη
1577 3439 1612 3496 ἃ
1642 3438 1746 3520 ἐγὼ
1784 3445 1871 3498 νῦν
1912 3439 2034 3516 ὑμῖν

485 3527 664 3605 μέλλω
690 3527 874 3607 λέγειν’

605 3666 674 3716 Ὦ
687 3667 833 3716 πόποι
846 3704 862 3730 ,
879 3667 912 3726 ἥ
933 3667 974 3730 ῤ’
994 3667 1121 3717 ἅλιον
1141 3667 1248 3723 ἔπος
1271 3667 1464 3715 ἐκῦαλον
1483 3666 1624 3728 ἤματι
1643 3663 1780 3727 κείνῳ

407 3767 456 3806 ts
603 3755 838 3818 θαρσύνων
861 3757 992 3818 ἥρωα
1017 3754 1256 3804 Μενοίτιον
1278 3754 1324 3802 ἐν
1349 3753 1636 3816 μεγάροισιν.

605 3844 708 3899 Φῆν
723 3842 773 3890 δέ
791 3843 835 3890 ol
855 3841 918 3896 εἷς
931 3841 1161 3890 Ὀπόεντα
1171 3841 1438 3904 περικλυτὸν
1457 3839 1558 3888 υἱὸν
1577 3839 1788 3898 ἀπάξειν,

607 3925 748 3988 Ἴλιον
769 3927 1055 3989 ἐκπέρσαντα
1075 3927 1281 3989 λαχόντα
1298 3943 1349 3975 τε
1371 3927 1524 3984 ληίδος
1549 3925 1702 3974 αἶσαν.

607 4012 714 4062 Ἀλλ’
737 4013 792 4062 οὐ
815 4013 928 4068 Ζεὺς
946 4012 1160 4074 ἄνδρεσσι
1182 4012 1393 4073 νοήματα
1413 4011 1565 4060 πάντα
1582 4013 1793 4073 τελευτᾷ·

611 4099 750 4162 ἄμφω
769 4099 858 4162 γὰρ
877 4100 1116 4162 πέπρωται
1133 4099 1300 4162 ὁμοίην
1318 4103 1456 4160 γαῖαν
1475 4099 1682 4162 ἐρεύθειν.

413 4249 466 4288 2⁰
493 4221 606 4298 (us)
639 4223 721 4282 Οὗ
755 4221 922 4281 τοίνυν
963 4223 1182 4280 ἐνταῦθα
1211 4221 1366 4297 μόνον
1414 4219 1729 4300 σχετλιάζων
1772 4221 2037 4300 φαίνεται,

488 4309 604 4366 ἀλλ’
632 4307 792 4374 οὕτως
821 4307 977 4366 αὐτὸν
1005 4310 1224 4387 ἰσχυρῶς
1261 4309 1554 4380 ἐπένθησεν,
1584 4305 1716 4364 ὥστε
1755 4304 1902 4384 παρὰ
1930 4305 2035 4364 Θέ·

487 4397 623 4460 τιδος
652 4399 744 4466 τῆς
779 4398 938 4453 αὑτοῦ
967 4395 1160 4472 μητρὸς
1185 4393 1512 4473 προακούσας
1553 4392 1632 4454 ὅτι
1675 4391 1748 4469 μὴ
1780 4391 2037 4468 μετελθὼν

489 4482 584 4558 μὲν
607 4481 722 4549 τοὺς
741 4481 982 4562 ἐχθρούς,
1008 4483 1124 4540 ἀλλ’
1154 4483 1312 4549 ἐάσας
1336 4481 1662 4562 ἀτιμώρητον
1689 4480 1776 4538 τὸν
1800 4485 1888 4538 τοῦ
1920 4483 2038 4538 Πα·

489 4568 707 4646 τρόκλου
735 4570 972 4640 θάνατον,
1009 4568 1302 4630 ἐπανελθὼν
1331 4569 1504 4628 οἶκαδε
1531 4569 1742 4648 γηραιὸς
1771 4569 1822 4626 ἐν
1853 4573 1916 4646 τῇ
1948 4571 2041 4624 αὖ-

490 4661 578 4713 roi:
609 4649 820 4736 πατρίδι
855 4657 1219 4733 ἀποθανεῖται,
1245 4655 1674 4732 τιμωρησάμενος
1715 4655 1768 4711 δὲ
1813 4653 1898 4712 διὰ
1941 4678 2041 4711 τα-

489 4742 625 4821 χέων
647 4741 826 4817 μέλλοι
847 4742 934 4800 τὸν
962 4742 1072 4820 βίον
1089 4745 1353 4820 τελευτᾶν,
1370 4740 1535 4800 εἵλετο
1553 4741 1646 4812 τὴν
1660 4748 1750 4800 τοῦ
1770 4745 2041 4807 τεθνεῶτος

413 4857 465 4894 23,
495 4829 668 4886 πίστιν
691 4831 890 4905 μᾶλλον
912 4829 948 4900 ἢ
975 4828 1066 4901 τὴν
1093 4831 1372 4910 σωτηρίαν.
1403 4828 1560 4890 Οὕτω
1589 4829 1642 4886 δὲ
1668 4828 2042 4909 μεγαλοψύχως

493 4915 736 4994 ἠπείγετο
783 4916 871 4974 τὸν
913 4917 1067 4996 φονέα
1112 4916 1200 4975 τὸν
1229 4917 1422 4976 ἐκείνου
1445 4916 1874 4994 τιμωρήσασθαι,
1905 4917 2039 4974 ὥστε

491 5003 702 5060 πάντων
731 5003 886 5062 αὐτὸν
914 5003 1418 5084 παραμυθουμένων,
1454 5003 1544 5062 καὶ
1571 5005 1880 5062 κελευόντων
1920 5003 2041 5062 λού-

497 5093 688 5147 σασθαι
707 5089 795 5148 καὶ
814 5093 954 5150 σῖτον
979 5090 1415 5169 προσενέγκασθαι
1429 5137 1444 5161 ,
1471 5091 1731 5165 ἀπόμνυσι
1751 5088 1912 5166 μηδὲν
1934 5091 2045 5148 τού-

495 5200 598 5234 των
626 5177 836 5260 πράξειν
861 5178 978 5258 πρὶν
1003 5179 1066 5238 ἂν
1089 5179 1183 5249 τὴν
1211 5185 1302 5238 τοῦ
1319 5177 1572 5259 ’Έκτορος
1597 5177 1826 5259 κεφαλὴν
1847 5178 1935 5236 ἐπὶ
1958 5177 2045 5236 τὸν

2104 715 2205 753 esse
2220 703 2480 752 maximam
2495 703 2803 754 existimavit.
2822 705 2953 766 (140)
2978 703 3183 754 Proinde
3192 705 3322 754 viros
3338 704 3399 754 de
3418 705 3664 768 republica

2104 822 2225 872 bene
2246 823 2441 872 meritos
2458 826 2509 872 et
2521 823 2701 872 virtute
2718 820 3133 886 praestantissimos
3144 860 3159 884 ,
3182 822 3497 874 Hannodium
3516 826 3663 886 atque

2108 936 2487 999 Aristogitonem,
2498 936 2743 986 modestus
2756 936 2835 986 ille
2848 949 2905 986 ac
2916 937 3175 999 legitimus,
3184 930 3285 987 sive
3298 950 3437 986 amor
3443 938 3545 986 slve
3558 951 3667 986 mos

2106 1053 2178 1100 est
2194 1049 2505 1113 appellandus
2520 1085 2535 1111 ,
2552 1050 2621 1098 sic
2638 1049 2839 1110 erudiit,
2868 1052 2923 1099 ut
2944 1049 3030 1112 qui
3052 1063 3219 1099 eorum
3240 1051 3365 1100 sacta
3391 1052 3666 1114 celebrant,

2108 1163 2272 1213 laudes
2288 1176 2449 1212 rerum
2471 1163 2534 1212 ab
2559 1162 2652 1212 illis
2671 1165 2909 1225 gestarum
2934 1176 3030 1213 non
3046 1165 3234 1226 assequi
3254 1163 3529 1214 videantur.

2175 1281 2279 1327 141.
2309 1279 2515 1335 Quando
2542 1279 2705 1326 autem
2728 1277 2922 1326 Achillis
2952 1281 3001 1326 et
3032 1277 3237 1328 Patrocli
3260 1279 3571 1338 meministis,
3596 1282 3669 1328 at-

2110 1381 2205 1431 que
2242 1369 2435 1419 Homeri
2472 1368 2775 1430 aliorumque
2810 1373 3094 1432 poetarum,
3130 1373 3267 1433 quasi
3299 1370 3489 1433 jndices
3520 1373 3672 1420 nullis

2111 1463 2373 1526 disciplinis
2406 1465 2502 1514 sint
2536 1465 2739 1525 eruditi,
2775 1479 2863 1514 vos
2896 1469 3059 1516 autem
3096 1467 3381 1529 gravitatem
3419 1469 3671 1530 quandam

2109 1565 2341 1615 affectatis
2369 1567 2418 1614 et
2442 1567 2618 1628 populo
2644 1567 2873 1628 majorem
2892 1567 3209 1617 eruditionem
3237 1589 3249 1618 ε
3284 1571 3340 1618 ut
3355 1568 3557 1619 videatis
3574 1583 3666 1618 nos

2112 1676 2305 1725 quoque
2332 1662 2430 1723 Jam
2454 1664 2631 1726 aliquid
2653 1665 2889 1714 audivisse
2913 1679 2970 1714 ac
2991 1665 3237 1726 didicIsse,
3270 1667 3399 1716 hisce
3432 1667 3495 1716 de
3516 1667 3665 1716 rebus

2112 1761 2161 1808 et
2195 1757 2283 1820 ipsi
2296 1757 2478 1821 aliquid
2495 1759 2796 1810 disseremus.
2824 1763 3085 1824 Postquam
3117 1763 3243 1810 enim
3264 1760 3566 1812 eruditorum
3586 1765 3673 1812 ho-

2112 1851 2298 1900 minum
2322 1851 2475 1900 facere
2507 1852 2797 1902 mentionem
2820 1857 2869 1904 et
2890 1853 2951 1904 ad
2974 1855 3211 1915 expositas
3240 1868 3379 1904 versu
3406 1855 3675 1905 sententias

2113 1947 2371 2008 confugere
2396 1946 2680 2008 instituunt,
2703 1947 2890 2010 videte,
2917 1949 3248 2009 Athenienses,
3274 1951 3428 2012 poetis
3452 1952 3675 2000 omnium

2113 2051 2345 2088 consensu
2366 2039 2701 2102 praestantibus
2729 2043 2778 2090 et
2800 2041 2935 2090 bonis
2958 2042 3285 2104 consideratis,
3312 2045 3553 2104 quantum
3590 2045 3673 2092 in-

2116 2136 2289 2185 teresse
2317 2133 2635 2184 existimarint
2666 2135 2791 2184 inter
2816 2135 3057 2186 modestos
3074 2149 3131 2186 ac
3158 2137 3232 2186 sui
3254 2135 3482 2186 similium
3508 2151 3675 2186 aman-

2114 2233 2213 2288 tes,
2237 2229 2287 2278 et
2308 2227 2431 2276 inter
2454 2227 2786 2291 immodestos,
2808 2230 2893 2292 qui
2910 2229 3252 2280 cadesiderant
3264 2243 3377 2292 quse
3398 2243 3497 2280 non
3512 2231 3674 2293 decet,

2114 2334 2173 2370 ac
2186 2321 2572 2372 contumeliosos.
2629 2322 2761 2384 (142)
2784 2322 2999 2372 Primum
3016 2325 3179 2373 autem
3190 2321 3253 2372 de
3271 2326 3479 2374 Homero
3492 2325 3675 2388 dicam,

2116 2433 2261 2482 quem
2284 2419 2332 2468 in
2362 2418 2701 2481 antiquissimis
2720 2421 2769 2470 et
2790 2421 3147 2482 sapientissimis
3167 2421 3321 2483 poetis
3341 2435 3674 2472 numeramus.

2116 2515 2209 2572 Qui
2224 2527 2375 2577 quum
2394 2515 2559 2566 multis
2576 2515 2693 2565 locis
2708 2517 2913 2566 Patrocli
2932 2519 2981 2567 et
2998 2517 3193 2568 Achillis
3215 2521 3512 2582 meminerit,
3536 2536 3679 2571 amo-

2120 2627 2219 2662 rem
2231 2616 2280 2662 et
2292 2617 2661 2676 cognomentum
2680 2615 2899 2664 micitioe
2916 2614 3107 2664 illorum
3122 2615 3405 2680 dissimulat,
3430 2633 3585 2681 quum
3600 2621 3677 2669 in-

2118 2713 2301 2776 signem
2324 2714 2453 2763 illam
2474 2713 2849 2762 benevolentiam
2878 2713 3077 2764 eruditis
3100 2715 3398 2765 auditoribus
3420 2731 3524 2767 esse
3556 2733 3678 2768 con-

2119 2807 2331 2870 spicuam
2362 2807 2618 2855 existimet.
2685 2808 2813 2868 (143)
2834 2809 3055 2865 Quodam
3074 2809 3201 2858 enim
3232 2810 3340 2860 loco
3362 2813 3573 2862 Achilles
3594 2818 3683 2862 t‘a·

2120 2903 2256 2952 trocli
2294 2917 2461 2952 necem
2498 2903 2779 2966 deplorans,
2808 2907 2864 2954 ut
2900 2919 3002 2956 rem
3034 2920 3199 2956 earum
3234 2923 3395 2960 rerum
3432 2925 3546 2972 qua:
3588 2915 3681 2962 sibi

2120 2995 2378 3045 acciderint
2394 2999 2609 3046 omnium
2635 2997 2987 3048 acerbissimam
3020 3013 3035 3048 ε
3072 2999 3189 3049 dum
3208 3003 3507 3064 recordatur,
3529 3017 3581 3054 se
3600 3005 3681 3054 iu-

2122 3088 2275 3137 vitum
2312 3088 2530 3136 fefellisse
2569 3086 2714 3137 fldem
2750 3089 2975 3138 Menoetio
3008 3091 3211 3139 Patrocli
3248 3093 3369 3156 patri
3396 3093 3559 3143 datam
3600 3099 3683 3146 cui

2122 3181 2434 3242 promisisset,
2470 3192 2521 3228 se
2550 3180 2823 3230 Patroclum
2859 3181 3103 3243 Opuntem
3121 3182 3307 3234 salvum
3330 3185 3681 3251 reducturum,

2124 3281 2161 3331 si
2196 3294 2309 3330 eum
2326 3293 2487 3330 secum
2506 3280 2569 3330 sd
2591 3281 2783 3342 Troiam
2804 3281 3070 3343 ablegasset
3096 3285 3145 3332 et
3169 3282 3280 3332 fidei
3298 3297 3401 3332 sna:
3418 3289 3688 3338 commisis-

2124 3377 2195 3424 set
2217 3394 2229 3423 ε
2250 3374 2378 3424 unde
2388 3377 2585 3436 apparet
2600 3387 2712 3425 eum
2731 3376 2907 3426 amoris
2924 3389 3068 3426 causa
3082 3378 3207 3428 illius
3220 3392 3383 3430 curam
3400 3384 3683 3445 suscepisse.

2127 3469 2255 3528 (144)
2280 3471 2372 3516 Eos
2394 3470 2554 3516 autem
2582 3481 2749 3518 versus
2768 3469 2914 3530 dicit,
2950 3481 3075 3531 quos
3090 3483 3180 3533 ego
3214 3485 3345 3521 nunc
3366 3474 3582 3524 recitabo
3606 3495 3619 3523 :

2232 3592 2333 3636 nen
2350 3601 2485 3647 quam
2502 3591 2637 3636 stulta
2656 3602 2764 3635 meze
2783 3593 2903 3636 venit
2922 3592 3139 3636 sententia
3156 3596 3319 3639 menti.

2232 3681 2319 3725 quo
2339 3669 2555 3726 spondere
2573 3669 2645 3714 die
2662 3671 2787 3725 potul
2807 3669 2885 3714 tibi
2900 3703 2913 3725 ,
2932 3671 3049 3714 clare
3070 3673 3245 3716 Mena-ti
3262 3704 3273 3722 ,

2231 3749 2500 3793 incolumem
2520 3746 2821 3804 illustremque
2842 3749 2897 3793 au
2921 3751 3113 3806 Opuntia
3132 3752 3298 3796 moenia
3315 3757 3472 3797 natum

2232 3839 2385 3872 eversa
2400 3829 2529 3881 ‘troja
2542 3858 2555 3878 ,
2574 3827 2722 3883 spoliis
2736 3828 2979 3882 insignibus
2996 3833 3177 3873 auctum
3192 3862 3203 3878 .

2234 3907 2475 3950 victorem!
2491 3905 2575 3949 Sed
2594 3917 2685 3949 non
2704 3905 2813 3950 deus
2830 3907 3041 3951 omnibus
3060 3909 3212 3952 omnia
3228 3913 3334 3952 vota

2236 3983 2442 4038 indulget
2460 3999 2473 4027 ι
2492 3985 2707 4039 siquidem
2725 3987 2789 4028 sic
2807 3985 2941 4040 impia
2959 3984 3047 4028 lata
3062 3984 3261 4030 tulerunt
3272 4017 3285 4034 .

2236 4074 2317 4108 nos
2336 4063 2489 4108 eadem
2510 4067 2563 4107 ut
2583 4067 2749 4117 tegeret
2772 4063 2923 4116 tellus,
2946 4064 3176 4119 utriusque
3196 4075 3357 4110 cruore

2232 4153 2379 4196 sparsa
2399 4141 2578 4185 ruberet
2600 4140 2773 4185 humus.

2130 4239 2259 4298 (145)
2289 4239 2454 4298 Neque
2476 4250 2590 4286 vero
2610 4237 2687 4286 bic
2708 4237 2963 4288 dumtaxat
2991 4238 3297 4299 lamentatur,
3318 4241 3399 4289 sed
3424 4255 3538 4290 eum
3568 4245 3693 4294 adeo

2130 4343 2437 4392 veliementer
2456 4343 2613 4404 luget,
2633 4345 2688 4392 ut
2709 4357 2859 4405 quum
2879 4357 2908 4393 a
2925 4345 3125 4394 Thetide
3148 4349 3299 4395 matre
3312 4347 3521 4397 audisset
3534 4363 3629 4410 ,se,
3650 4352 3694 4400 si

2129 4452 2289 4501 hostes
2310 4463 2407 4500 non
2434 4451 2817 4513 persequeretur,
2842 4449 2925 4498 sed
2946 4450 3147 4498 inultam
3170 4453 3375 4501 Patrocli
3406 4465 3575 4502 necem
3600 4469 3694 4517 pa-

2130 4560 2329 4619 teretur,
2358 4555 2558 4604 domum
2576 4567 2849 4616 reversum,
2873 4567 3034 4604 senem
3054 4555 3105 4603 in
3133 4567 3221 4603 sua
3238 4555 3389 4616 patria
3410 4555 3693 4618 obitur-unu

2129 4662 2203 4712 sin
2222 4663 2351 4712 ultus
2368 4663 2490 4712 esset
2502 4697 2517 4721 ,
2536 4660 2751 4709 celeriter
2773 4659 2923 4707 vitam
2942 4671 3054 4708 cum
3068 4659 3225 4706 morte
3242 4657 3659 4705 commutaturum
3680 4677 3692 4704 :

2133 4769 2275 4818 tidem
2288 4781 2397 4830 erga
2412 4767 2659 4816 mortuum
2676 4777 2777 4812 suoe
2796 4763 3059 4824 praetulerit
3077 4761 3391 4811 incolumitati
3408 4778 3423 4822 ;
3456 4763 3698 4822 tantaque

2130 4872 2275 4922 animi
2300 4869 2620 4932 magnitudine
2636 4867 2695 4915 ad
2714 4865 3039 4916 ulciscendum
3062 4865 3189 4915 illius
3204 4864 3559 4912 interfectorem
3580 4877 3695 4924 pro-

2134 4975 2333 5040 perarit,
2358 4975 2411 5022 ut
2432 4973 2653 5022 omnibus
2672 4984 2782 5020 eum
2800 4969 3179 5029 consolantibus,
3205 4970 3251 5016 et
3264 4967 3427 5016 lavare
3446 4981 3504 5015 ac
3527 4968 3695 5016 cibum

2134 5095 2301 5144 capere
2311 5079 2588 5141 jubentibus
2600 5115 2614 5140 ,
2634 5079 2867 5140 abjurarit
2879 5091 2929 5126 se
2942 5078 3201 5140 quicquam
3220 5075 3411 5122 illorum
3431 5073 3695 5135 facturum,

2135 5187 2411 5249 priusquam
2432 5186 2576 5244 caput
2602 5182 2815 5232 nestoris
2832 5181 2893 5230 ad
2919 5179 3119 5230 Patrocli
3137 5177 3411 5240 sepulcrum
3436 5177 3694 5226 attulisset.

3190 5437 3259 5559 rs·
