<?xml version="1.0" encoding="UTF-8"?>
<!DOCTYPE html PUBLIC "-//W3C//DTD XHTML 1.0 Transitional//EN"
    "http://www.w3.org/TR/xhtml1/DTD/xhtml1-transitional.dtd">
<html xmlns="http://www.w3.org/1999/xhtml" xml:lang="en" lang="en">
 <head>
  <title>
</title>
<meta http-equiv="Content-Type" content="text/html;charset=utf-8" />
  <meta name='ocr-system' content='tesseract 3.04.00' />
  <meta name='ocr-capabilities' content='ocr_page ocr_carea ocr_par ocr_line ocrx_word'/>
</head>
<body>
  <div class='ocr_page' id='page_1' title='image "./oratoresatticia02unkngoog_0670.png"; bbox 0 0 3825 5834; ppageno 0'>
   <div class='ocr_carea' id='block_1_1' title="bbox 469 361 587 413">
    <p class='ocr_par' dir='ltr' id='par_1_1' title="bbox 469 361 587 413">
     <span class='ocr_line' id='line_1_1' title="bbox 469 361 587 413; baseline -0.008 0"><span class='ocrx_word' id='word_1_1' title='bbox 469 361 587 413; x_wconf 74' lang='lat'><strong>612</strong></span> 
     </span>
    </p>
   </div>
   <div class='ocr_carea' id='block_1_2' title="bbox 426 482 2024 5221">
    <p class='ocr_par' dir='ltr' id='par_1_2' title="bbox 456 482 2024 1035">
     <span class='ocr_line' id='line_1_2' title="bbox 538 482 2022 557; baseline 0.001 -19"><span class='ocrx_word' id='word_1_2' title='bbox 538 487 669 548; x_wconf 90' lang='grc'><strong>350,</strong></span> <span class='ocrx_word' id='word_1_3' title='bbox 698 489 751 538; x_wconf 87' lang='grc'><strong>6.</strong></span> <span class='ocrx_word' id='word_1_4' title='bbox 790 483 1065 551; x_wconf 76' lang='grc' dir='ltr'><strong>Ἐὁουλήθη</strong></span> <span class='ocrx_word' id='word_1_5' title='bbox 1086 484 1107 555; x_wconf 94' lang='grc'><strong>]</strong></span> <span class='ocrx_word' id='word_1_6' title='bbox 1132 484 1221 537; x_wconf 79' lang='grc' dir='ltr'><strong>Διὰ</strong></span> <span class='ocrx_word' id='word_1_7' title='bbox 1249 485 1297 538; x_wconf 90' lang='grc' dir='ltr'><strong>τί</strong></span> <span class='ocrx_word' id='word_1_8' title='bbox 1321 482 1395 537; x_wconf 84' lang='grc' dir='ltr'><strong>ἐπ’</strong></span> <span class='ocrx_word' id='word_1_9' title='bbox 1424 483 1687 555; x_wconf 83' lang='grc' dir='ltr'><strong>ἐλάχιστον</strong></span> <span class='ocrx_word' id='word_1_10' title='bbox 1722 488 1903 557; x_wconf 81' lang='grc' dir='ltr'><strong>χρῆται</strong></span> <span class='ocrx_word' id='word_1_11' title='bbox 1938 490 2022 541; x_wconf 85' lang='grc' dir='ltr'><strong>νῦν</strong></span> 
     </span>
     <span class='ocr_line' id='line_1_3' title="bbox 464 566 2021 644; baseline 0.001 -25"><span class='ocrx_word' id='word_1_12' title='bbox 464 571 527 636; x_wconf 82' lang='grc' dir='ltr'><strong>τῇ</strong></span> <span class='ocrx_word' id='word_1_13' title='bbox 550 566 813 637; x_wconf 86' lang='grc' dir='ltr'><strong>βουλήσει;</strong></span> <span class='ocrx_word' id='word_1_14' title='bbox 840 567 1051 644; x_wconf 76' lang='grc' dir='ltr'><strong>λέγομεν</strong></span> <span class='ocrx_word' id='word_1_15' title='bbox 1076 568 1153 619; x_wconf 80' lang='grc' dir='ltr'><strong>δτι</strong></span> <span class='ocrx_word' id='word_1_16' title='bbox 1174 571 1409 635; x_wconf 79' lang='grc' dir='ltr'><strong>τεχνικῶς</strong></span> <span class='ocrx_word' id='word_1_17' title='bbox 1430 570 1577 619; x_wconf 90' lang='grc' dir='ltr'><strong>τοῦτο</strong></span> <span class='ocrx_word' id='word_1_18' title='bbox 1603 568 1754 619; x_wconf 74' lang='grc' dir='ltr'><strong>ποιεῖ.</strong></span> <span class='ocrx_word' id='word_1_19' title='bbox 1790 566 2021 620; x_wconf 81' lang='grc' dir='ltr'><strong>Βούλετα·</strong></span> 
     </span>
     <span class='ocr_line' id='line_1_4' title="bbox 462 644 2023 717; baseline 0.001 -20"><span class='ocrx_word' id='word_1_20' title='bbox 462 646 559 717; x_wconf 76' lang='grc' dir='ltr'><strong>γὰρ</strong></span> <span class='ocrx_word' id='word_1_21' title='bbox 580 644 731 711; x_wconf 80' lang='grc' dir='ltr'><strong>αὖτὴν</strong></span> <span class='ocrx_word' id='word_1_22' title='bbox 754 650 961 717; x_wconf 81' lang='grc' dir='ltr'><strong>τηρῆσαι</strong></span> <span class='ocrx_word' id='word_1_23' title='bbox 1007 644 1057 698; x_wconf 88' lang='grc' dir='ltr'><strong>ἐν</strong></span> <span class='ocrx_word' id='word_1_24' title='bbox 1100 650 1171 716; x_wconf 70' lang='grc' dir='ltr'><strong>πῖ)</strong></span> <span class='ocrx_word' id='word_1_25' title='bbox 1196 646 1402 717; x_wconf 75' lang='grc' dir='ltr'>δευτέρῳ</span> <span class='ocrx_word' id='word_1_26' title='bbox 1436 651 1721 717; x_wconf 76' lang='grc' dir='ltr'><strong>στοχασμῷ.</strong></span> <span class='ocrx_word' id='word_1_27' title='bbox 1796 646 2023 717; x_wconf 75' lang='grc' dir='ltr'>Δεύτερος</span> 
     </span>
     <span class='ocr_line' id='line_1_5' title="bbox 462 724 1998 797; baseline 0.004 -22"><span class='ocrx_word' id='word_1_28' title='bbox 462 724 559 795; x_wconf 76' lang='grc' dir='ltr'><strong>γὰρ</strong></span> <span class='ocrx_word' id='word_1_29' title='bbox 604 724 827 795; x_wconf 74' lang='grc' dir='ltr'><strong>ἐμπίπτει</strong></span> <span class='ocrx_word' id='word_1_30' title='bbox 866 724 1043 795; x_wconf 65' lang='grc' dir='ltr'><strong>μεταξὺ</strong></span> <span class='ocrx_word' id='word_1_31' title='bbox 1066 729 1155 778; x_wconf 88' lang='grc' dir='ltr'><strong>τοῦ</strong></span> <span class='ocrx_word' id='word_1_32' title='bbox 1199 725 1355 797; x_wconf 82' lang='grc' dir='ltr'>λόγου</span> <span class='ocrx_word' id='word_1_33' title='bbox 1400 724 1483 778; x_wconf 81' lang='grc' dir='ltr'><strong>ἀπ’</strong></span> <span class='ocrx_word' id='word_1_34' title='bbox 1524 725 1836 793; x_wconf 68' lang='grc' dir='ltr'><strong>ἀντιθέσεως,</strong></span> <span class='ocrx_word' id='word_1_35' title='bbox 1888 727 1998 781; x_wconf 75' lang='grc' dir='ltr'><strong>οἷον</strong></span> 
     </span>
     <span class='ocr_line' id='line_1_6' title="bbox 469 804 1920 877; baseline 0.003 -25"><span class='ocrx_word' id='word_1_36' title='bbox 469 826 491 852; x_wconf 72' lang='grc' dir='ltr'>ι</span> <span class='ocrx_word' id='word_1_37' title='bbox 528 804 610 855; x_wconf 79' lang='grc' dir='ltr'><strong>καὶ</strong></span> <span class='ocrx_word' id='word_1_38' title='bbox 636 806 781 857; x_wconf 82' lang='grc' dir='ltr'><strong>πόθεν</strong></span> <span class='ocrx_word' id='word_1_39' title='bbox 828 805 983 872; x_wconf 87' lang='grc' dir='ltr'><strong>δῆλον</strong></span> <span class='ocrx_word' id='word_1_40' title='bbox 1020 806 1096 857; x_wconf 77' lang='grc' dir='ltr'><strong>ὅτι</strong></span> <span class='ocrx_word' id='word_1_41' title='bbox 1140 808 1293 858; x_wconf 84' lang='grc' dir='ltr'><strong>ταῦτα</strong></span> <span class='ocrx_word' id='word_1_42' title='bbox 1338 804 1615 877; x_wconf 75' lang='grc' dir='ltr'><strong>ἐδουλόμην</strong></span> <span class='ocrx_word' id='word_1_43' title='bbox 1664 808 1855 872; x_wconf 76' lang='grc' dir='ltr'><strong>ποιεῖν;</strong></span> <span class='ocrx_word' id='word_1_44' title='bbox 1898 830 1920 857; x_wconf 71' lang='grc' dir='ltr'><strong>ν</strong></span> 
     </span>
     <span class='ocr_line' id='line_1_7' title="bbox 458 884 2024 959; baseline 0.002 -23"><span class='ocrx_word' id='word_1_45' title='bbox 458 884 549 937; x_wconf 79' lang='grc' dir='ltr'><strong>Διὰ</strong></span> <span class='ocrx_word' id='word_1_46' title='bbox 574 888 661 937; x_wconf 86' lang='grc' dir='ltr'><strong>τοῦ</strong></span> <span class='ocrx_word' id='word_1_47' title='bbox 701 884 853 938; x_wconf 78' lang='grc' dir='ltr'><strong>εἰπεῖν</strong></span> <span class='ocrx_word' id='word_1_48' title='bbox 879 884 1119 952; x_wconf 74' lang='grc' dir='ltr'><strong>ἐδουλήθη</strong></span> <span class='ocrx_word' id='word_1_49' title='bbox 1150 884 1363 956; x_wconf 78' lang='grc' dir='ltr'><strong>ἓσήμανε</strong></span> <span class='ocrx_word' id='word_1_50' title='bbox 1386 884 1476 951; x_wconf 81' lang='grc' dir='ltr'><strong>τὴν</strong></span> <span class='ocrx_word' id='word_1_51' title='bbox 1514 886 1763 956; x_wconf 84' lang='grc' dir='ltr'><strong>βούλησιν·</strong></span> <span class='ocrx_word' id='word_1_52' title='bbox 1798 886 1885 953; x_wconf 80' lang='grc' dir='ltr'><strong>τὴν</strong></span> <span class='ocrx_word' id='word_1_53' title='bbox 1927 888 2024 959; x_wconf 77' lang='grc' dir='ltr'><strong>γὰρ</strong></span> 
     </span>
     <span class='ocr_line' id='line_1_8' title="bbox 456 962 1947 1035; baseline 0.003 -18"><span class='ocrx_word' id='word_1_54' title='bbox 456 965 661 1034; x_wconf 89' lang='grc' dir='ltr'><strong>δύναμιν</strong></span> <span class='ocrx_word' id='word_1_55' title='bbox 684 966 926 1035; x_wconf 71' lang='grc' dir='ltr'><strong>προειπιὶιν</strong></span> <span class='ocrx_word' id='word_1_56' title='bbox 950 964 1169 1035; x_wconf 83' lang='grc' dir='ltr'><strong>ἐπήγαγε</strong></span> <span class='ocrx_word' id='word_1_57' title='bbox 1193 962 1285 1029; x_wconf 75' lang='grc' dir='ltr'><strong>τὴν</strong></span> <span class='ocrx_word' id='word_1_58' title='bbox 1310 965 1560 1035; x_wconf 87' lang='grc' dir='ltr'><strong>βούλησιν.</strong></span> <span class='ocrx_word' id='word_1_59' title='bbox 1593 968 1947 1022; x_wconf 77' lang='lat' dir='ltr'><strong>ACDGRTV.</strong></span> 
     </span>
    </p>

    <p class='ocr_par' dir='ltr' id='par_1_3' title="bbox 450 1042 2023 1745">
     <span class='ocr_line' id='line_1_9' title="bbox 530 1042 2023 1117; baseline 0.003 -21"><span class='ocrx_word' id='word_1_60' title='bbox 530 1044 653 1109; x_wconf 89' lang='grc'><strong>350,</strong></span> <span class='ocrx_word' id='word_1_61' title='bbox 681 1043 807 1099; x_wconf 90' lang='grc' dir='ltr'><strong>8.Οὗ</strong></span> <span class='ocrx_word' id='word_1_62' title='bbox 847 1043 943 1115; x_wconf 78' lang='grc' dir='ltr'><strong>γὰρ</strong></span> <span class='ocrx_word' id='word_1_63' title='bbox 981 1042 1023 1097; x_wconf 89' lang='grc' dir='ltr'><strong>εἰ</strong></span> <span class='ocrx_word' id='word_1_64' title='bbox 1065 1044 1291 1114; x_wconf 78' lang='grc' dir='ltr'><strong>φαύλοις]</strong></span> <span class='ocrx_word' id='word_1_65' title='bbox 1332 1047 1499 1097; x_wconf 87' lang='grc' dir='ltr'><strong>Τοῦτο</strong></span> <span class='ocrx_word' id='word_1_66' title='bbox 1523 1046 1609 1115; x_wconf 84' lang='grc' dir='ltr'><strong>μέν</strong></span> <span class='ocrx_word' id='word_1_67' title='bbox 1634 1045 1736 1099; x_wconf 78' lang='grc' dir='ltr'><strong>ἐστι</strong></span> <span class='ocrx_word' id='word_1_68' title='bbox 1772 1049 1913 1117; x_wconf 88' lang='grc' dir='ltr'><strong>μέρος</strong></span> <span class='ocrx_word' id='word_1_69' title='bbox 1939 1051 2023 1113; x_wconf 82' lang='grc' dir='ltr'><strong>τῆς</strong></span> 
     </span>
     <span class='ocr_line' id='line_1_10' title="bbox 459 1121 2020 1195; baseline 0.004 -22"><span class='ocrx_word' id='word_1_70' title='bbox 459 1121 743 1184; x_wconf 76' lang='grc' dir='ltr'><strong>ἀντιθέσεως</strong></span> <span class='ocrx_word' id='word_1_71' title='bbox 759 1162 775 1188; x_wconf 95' lang='grc'><strong>,</strong></span> <span class='ocrx_word' id='word_1_72' title='bbox 802 1125 879 1176; x_wconf 76' lang='grc' dir='ltr'><strong>ὅτι</strong></span> <span class='ocrx_word' id='word_1_73' title='bbox 919 1122 1101 1194; x_wconf 83' lang='grc' dir='ltr'><strong>φαῦλος</strong></span> <span class='ocrx_word' id='word_1_74' title='bbox 1141 1123 1221 1175; x_wconf 77' lang='grc' dir='ltr'><strong>καὶ</strong></span> <span class='ocrx_word' id='word_1_75' title='bbox 1257 1129 1354 1177; x_wconf 82' lang='grc' dir='ltr'><strong>τῶν</strong></span> <span class='ocrx_word' id='word_1_76' title='bbox 1378 1126 1631 1195; x_wconf 82' lang='grc' dir='ltr'><strong>τυχόντων</strong></span> <span class='ocrx_word' id='word_1_77' title='bbox 1668 1126 1750 1178; x_wconf 76' lang='grc' dir='ltr'><strong>καὶ</strong></span> <span class='ocrx_word' id='word_1_78' title='bbox 1782 1126 1893 1179; x_wconf 72' lang='grc' dir='ltr'><strong>οὐδὲ</strong></span> <span class='ocrx_word' id='word_1_79' title='bbox 1924 1132 2020 1180; x_wconf 86' lang='grc' dir='ltr'><strong>τῶν</strong></span> 
     </span>
     <span class='ocr_line' id='line_1_11' title="bbox 458 1201 2022 1274; baseline 0.002 -19"><span class='ocrx_word' id='word_1_80' title='bbox 458 1208 649 1273; x_wconf 81' lang='grc' dir='ltr'><strong>σεμνῶν</strong></span> <span class='ocrx_word' id='word_1_81' title='bbox 698 1202 808 1257; x_wconf 75' lang='grc' dir='ltr'><strong>οὖδέ</strong></span> <span class='ocrx_word' id='word_1_82' title='bbox 850 1208 944 1255; x_wconf 91' lang='grc' dir='ltr'><strong>τῶν</strong></span> <span class='ocrx_word' id='word_1_83' title='bbox 991 1202 1229 1272; x_wconf 80' lang='grc' dir='ltr'><strong>λαμπρῶν</strong></span> <span class='ocrx_word' id='word_1_84' title='bbox 1270 1201 1532 1272; x_wconf 77' lang='grc' dir='ltr'><strong>Αἰσχίνης,</strong></span> <span class='ocrx_word' id='word_1_85' title='bbox 1582 1202 1709 1274; x_wconf 79' lang='grc' dir='ltr'><strong>ὁμοῦ</strong></span> <span class='ocrx_word' id='word_1_86' title='bbox 1752 1204 2022 1272; x_wconf 78' lang='grc' dir='ltr'><strong>ἐξεπίτηδες</strong></span> 
     </span>
     <span class='ocr_line' id='line_1_12' title="bbox 454 1279 2016 1353; baseline 0.001 -20"><span class='ocrx_word' id='word_1_87' title='bbox 454 1282 721 1352; x_wconf 76' lang='grc' dir='ltr'><strong>φαυλίζων,</strong></span> <span class='ocrx_word' id='word_1_88' title='bbox 748 1281 805 1334; x_wconf 80' lang='grc' dir='ltr'><strong>οὗ</strong></span> <span class='ocrx_word' id='word_1_89' title='bbox 822 1282 935 1351; x_wconf 85' lang='grc' dir='ltr'><strong>παρ’</strong></span> <span class='ocrx_word' id='word_1_90' title='bbox 953 1280 1125 1333; x_wconf 73' lang='grc' dir='ltr'><strong>ἑαυτοῦ</strong></span> <span class='ocrx_word' id='word_1_91' title='bbox 1142 1279 1193 1332; x_wconf 77' lang='grc' dir='ltr'><strong>δὲ</strong></span> <span class='ocrx_word' id='word_1_92' title='bbox 1204 1280 1519 1351; x_wconf 81' lang='grc' dir='ltr'><strong>φαυλίζων--</strong></span> <span class='ocrx_word' id='word_1_93' title='bbox 1532 1282 1749 1335; x_wconf 76' lang='grc' dir='ltr'><strong>ἐναντίου</strong></span> <span class='ocrx_word' id='word_1_94' title='bbox 1762 1283 1857 1353; x_wconf 78' lang='grc' dir='ltr'><strong>γὰρ</strong></span> <span class='ocrx_word' id='word_1_95' title='bbox 1867 1280 2016 1349; x_wconf 71' lang='grc' dir='ltr'><strong>ἦν-,</strong></span> 
     </span>
     <span class='ocr_line' id='line_1_13' title="bbox 450 1358 2018 1433; baseline 0.001 -22"><span class='ocrx_word' id='word_1_96' title='bbox 450 1359 589 1412; x_wconf 78' lang='grc' dir='ltr'><strong>ἀλλὰ</strong></span> <span class='ocrx_word' id='word_1_97' title='bbox 616 1361 744 1432; x_wconf 71' lang='grc' dir='ltr'><strong>παρὰ</strong></span> <span class='ocrx_word' id='word_1_98' title='bbox 768 1366 863 1414; x_wconf 85' lang='grc' dir='ltr'><strong>τῶν</strong></span> <span class='ocrx_word' id='word_1_99' title='bbox 890 1360 1105 1431; x_wconf 86' lang='grc' dir='ltr'><strong>ἐχόντων</strong></span> <span class='ocrx_word' id='word_1_100' title='bbox 1129 1359 1309 1427; x_wconf 87' lang='grc' dir='ltr'><strong>ταύτην</strong></span> <span class='ocrx_word' id='word_1_101' title='bbox 1344 1358 1433 1425; x_wconf 76' lang='grc' dir='ltr'><strong>τὴν</strong></span> <span class='ocrx_word' id='word_1_102' title='bbox 1472 1360 1711 1433; x_wconf 71' lang='grc' dir='ltr'><strong>ίιπόληψιν</strong></span> <span class='ocrx_word' id='word_1_103' title='bbox 1750 1362 2018 1433; x_wconf 79' lang='grc' dir='ltr'><strong>λαμὸάνων</strong></span> 
     </span>
     <span class='ocr_line' id='line_1_14' title="bbox 454 1436 2017 1512; baseline 0 -19"><span class='ocrx_word' id='word_1_104' title='bbox 454 1440 541 1493; x_wconf 72' lang='grc' dir='ltr'><strong>τὸν</strong></span> <span class='ocrx_word' id='word_1_105' title='bbox 565 1440 741 1510; x_wconf 86' lang='grc' dir='ltr'><strong>λόγον.</strong></span> <span class='ocrx_word' id='word_1_106' title='bbox 770 1439 911 1491; x_wconf 82' lang='grc' dir='ltr'><strong>Ἔστι</strong></span> <span class='ocrx_word' id='word_1_107' title='bbox 939 1436 991 1491; x_wconf 78' lang='grc' dir='ltr'><strong>δὲ</strong></span> <span class='ocrx_word' id='word_1_108' title='bbox 1020 1437 1219 1490; x_wconf 74' lang='grc' dir='ltr'><strong>καὶτῶν</strong></span> <span class='ocrx_word' id='word_1_109' title='bbox 1246 1438 1440 1509; x_wconf 88' lang='grc' dir='ltr'><strong>ἀσαφῶν</strong></span> <span class='ocrx_word' id='word_1_110' title='bbox 1468 1440 1525 1492; x_wconf 73' lang='grc' dir='ltr'><strong>τὸ</strong></span> <span class='ocrx_word' id='word_1_111' title='bbox 1554 1442 1755 1511; x_wconf 91' lang='grc' dir='ltr'><strong>χωρίον.</strong></span> <span class='ocrx_word' id='word_1_112' title='bbox 1807 1441 1869 1494; x_wconf 89' lang='grc' dir='ltr'><strong>Τί</strong></span> <span class='ocrx_word' id='word_1_113' title='bbox 1895 1445 2017 1512; x_wconf 92' lang='grc' dir='ltr'><strong>γοῦν</strong></span> 
     </span>
     <span class='ocr_line' id='line_1_15' title="bbox 456 1516 2020 1594; baseline 0.003 -24"><span class='ocrx_word' id='word_1_114' title='bbox 456 1519 683 1589; x_wconf 87' lang='grc' dir='ltr'><strong>βούλεται</strong></span> <span class='ocrx_word' id='word_1_115' title='bbox 718 1518 876 1588; x_wconf 88' lang='grc' dir='ltr'><strong>λέγειν</strong></span> <span class='ocrx_word' id='word_1_116' title='bbox 912 1516 961 1569; x_wconf 85' lang='grc' dir='ltr'><strong>ἐν</strong></span> <span class='ocrx_word' id='word_1_117' title='bbox 986 1516 1175 1589; x_wconf 83' lang='grc' dir='ltr'><strong>τούτῳ;</strong></span> <span class='ocrx_word' id='word_1_118' title='bbox 1206 1518 1281 1569; x_wconf 79' lang='grc' dir='ltr'><strong>ὅτι</strong></span> <span class='ocrx_word' id='word_1_119' title='bbox 1317 1518 1365 1569; x_wconf 81' lang='grc' dir='ltr'><strong>οἱ</strong></span> <span class='ocrx_word' id='word_1_120' title='bbox 1400 1518 1626 1582; x_wconf 76' lang='grc' dir='ltr'><strong>Φωκεῖς,</strong></span> <span class='ocrx_word' id='word_1_121' title='bbox 1660 1518 1703 1573; x_wconf 90' lang='grc' dir='ltr'><strong>εἰ</strong></span> <span class='ocrx_word' id='word_1_122' title='bbox 1729 1520 1811 1573; x_wconf 75' lang='grc' dir='ltr'><strong>καὶ</strong></span> <span class='ocrx_word' id='word_1_123' title='bbox 1847 1521 2020 1594; x_wconf 81' lang='grc' dir='ltr'><strong>φαύλῳ</strong></span> 
     </span>
     <span class='ocr_line' id='line_1_16' title="bbox 454 1591 2018 1667; baseline 0.002 -18"><span class='ocrx_word' id='word_1_124' title='bbox 454 1595 819 1666; x_wconf 75' lang='grc' dir='ltr'><strong>κατεχρήσασθε</strong></span> <span class='ocrx_word' id='word_1_125' title='bbox 844 1594 1057 1665; x_wconf 83' lang='grc' dir='ltr'><strong>διακόνῳ</strong></span> <span class='ocrx_word' id='word_1_126' title='bbox 1076 1594 1159 1645; x_wconf 73' lang='grc' dir='ltr'><strong>καὶ</strong></span> <span class='ocrx_word' id='word_1_127' title='bbox 1184 1591 1449 1667; x_wconf 74' lang='grc' dir='ltr'><strong>πρεσὸευτῇ</strong></span> <span class='ocrx_word' id='word_1_128' title='bbox 1463 1635 1478 1662; x_wconf 94' lang='grc'><strong>,</strong></span> <span class='ocrx_word' id='word_1_129' title='bbox 1504 1596 1561 1649; x_wconf 79' lang='grc' dir='ltr'><strong>οὗ</strong></span> <span class='ocrx_word' id='word_1_130' title='bbox 1588 1597 1705 1667; x_wconf 79' lang='grc' dir='ltr'><strong>πρὸς</strong></span> <span class='ocrx_word' id='word_1_131' title='bbox 1726 1597 1915 1651; x_wconf 80' lang='grc' dir='ltr'><strong>ἐκεῖνον</strong></span> <span class='ocrx_word' id='word_1_132' title='bbox 1944 1596 2018 1652; x_wconf 79' lang='grc' dir='ltr'><strong>εἴ·</strong></span> 
     </span>
     <span class='ocr_line' id='line_1_17' title="bbox 454 1671 1368 1745; baseline -0.001 -17"><span class='ocrx_word' id='word_1_133' title='bbox 454 1678 540 1728; x_wconf 89' lang='grc' dir='ltr'><strong>δον</strong></span> <span class='ocrx_word' id='word_1_134' title='bbox 564 1718 577 1739; x_wconf 90' lang='grc'><strong>,</strong></span> <span class='ocrx_word' id='word_1_135' title='bbox 611 1674 742 1728; x_wconf 76' lang='grc' dir='ltr'><strong>ἀλλὰ</strong></span> <span class='ocrx_word' id='word_1_136' title='bbox 766 1674 882 1745; x_wconf 72' lang='grc' dir='ltr'><strong>πρὸς</strong></span> <span class='ocrx_word' id='word_1_137' title='bbox 907 1671 996 1739; x_wconf 83' lang='grc' dir='ltr'><strong>τὴν</strong></span> <span class='ocrx_word' id='word_1_138' title='bbox 1021 1672 1187 1727; x_wconf 85' lang='grc' dir='ltr'><strong>πόλιν.</strong></span> <span class='ocrx_word' id='word_1_139' title='bbox 1207 1674 1368 1727; x_wconf 87' lang='lat' dir='ltr'><strong>TCV.</strong></span> 
     </span>
    </p>

    <p class='ocr_par' dir='ltr' id='par_1_4' title="bbox 445 1752 2016 2777">
     <span class='ocr_line' id='line_1_18' title="bbox 526 1752 2016 1827; baseline 0.001 -18"><span class='ocrx_word' id='word_1_140' title='bbox 526 1758 649 1819; x_wconf 86' lang='lat'><strong>350,</strong></span> <span class='ocrx_word' id='word_1_141' title='bbox 699 1774 781 1809; x_wconf 88' lang='lat'><strong>10.</strong></span> <span class='ocrx_word' id='word_1_142' title='bbox 836 1752 1095 1824; x_wconf 80' lang='grc' dir='ltr'><strong>Ἇξιοῦται]</strong></span> <span class='ocrx_word' id='word_1_143' title='bbox 1140 1752 1249 1815; x_wconf 77' lang='grc' dir='ltr'><strong>ἀξια</strong></span> <span class='ocrx_word' id='word_1_144' title='bbox 1280 1754 1509 1823; x_wconf 81' lang='grc' dir='ltr'><strong>κρίνεται.</strong></span> <span class='ocrx_word' id='word_1_145' title='bbox 1549 1756 1609 1810; x_wconf 92' lang='grc' dir='ltr'><strong>Ρ.</strong></span> <span class='ocrx_word' id='word_1_146' title='bbox 1635 1756 1704 1807; x_wconf 85' lang='grc' dir='ltr'><strong>ιΤί</strong></span> <span class='ocrx_word' id='word_1_147' title='bbox 1729 1757 1851 1827; x_wconf 85' lang='grc' dir='ltr'><strong>γάρ;</strong></span> <span class='ocrx_word' id='word_1_148' title='bbox 1886 1754 1956 1811; x_wconf 80' lang='grc' dir='ltr'><strong>ὧν</strong></span> <span class='ocrx_word' id='word_1_149' title='bbox 1985 1756 2016 1825; x_wconf 77' lang='grc' dir='ltr'>ἡ</span> 
     </span>
     <span class='ocr_line' id='line_1_19' title="bbox 455 1832 2012 1908; baseline 0.001 -20"><span class='ocrx_word' id='word_1_150' title='bbox 455 1836 595 1897; x_wconf 81' lang='grc' dir='ltr'><strong>πόλις</strong></span> <span class='ocrx_word' id='word_1_151' title='bbox 631 1834 845 1897; x_wconf 83' lang='grc' dir='ltr'><strong>ἀξιοῦται</strong></span> <span class='ocrx_word' id='word_1_152' title='bbox 868 1832 997 1904; x_wconf 78' lang='grc' dir='ltr'><strong>παρὰ</strong></span> <span class='ocrx_word' id='word_1_153' title='bbox 1020 1836 1124 1895; x_wconf 74' lang='grc' dir='ltr'><strong>τοῖς</strong></span> <span class='ocrx_word' id='word_1_154' title='bbox 1162 1832 1365 1900; x_wconf 84' lang='grc' dir='ltr'><strong>ἀλλοις,</strong></span> <span class='ocrx_word' id='word_1_155' title='bbox 1402 1833 1477 1889; x_wconf 81' lang='grc' dir='ltr'><strong>ἐπ’</strong></span> <span class='ocrx_word' id='word_1_156' title='bbox 1506 1833 1678 1898; x_wconf 66' lang='grc' dir='ltr'><strong>αὖτοὺς</strong></span> <span class='ocrx_word' id='word_1_157' title='bbox 1704 1834 2012 1908; x_wconf 83' lang='grc' dir='ltr'><strong>ἀναφέρεται,</strong></span> 
     </span>
     <span class='ocr_line' id='line_1_20' title="bbox 452 1910 2012 1986; baseline 0.003 -22"><span class='ocrx_word' id='word_1_158' title='bbox 452 1912 563 1967; x_wconf 72' lang='grc' dir='ltr'><strong>ἀντὶ</strong></span> <span class='ocrx_word' id='word_1_159' title='bbox 595 1916 711 1977; x_wconf 86' lang='grc' dir='ltr'><strong>τοῦ,</strong></span> <span class='ocrx_word' id='word_1_160' title='bbox 746 1910 832 1965; x_wconf 80' lang='grc' dir='ltr'><strong>ούκ</strong></span> <span class='ocrx_word' id='word_1_161' title='bbox 850 1910 1059 1977; x_wconf 80' lang='grc' dir='ltr'><strong>ἠξίωσαν</strong></span> <span class='ocrx_word' id='word_1_162' title='bbox 1095 1910 1398 1981; x_wconf 81' lang='grc' dir='ltr'><strong>ὀλιγωρῆσαι</strong></span> <span class='ocrx_word' id='word_1_163' title='bbox 1425 1917 1523 1964; x_wconf 89' lang='grc' dir='ltr'><strong>τῶν</strong></span> <span class='ocrx_word' id='word_1_164' title='bbox 1556 1912 1789 1983; x_wconf 77' lang='grc' dir='ltr'><strong>Αἰσχίνου</strong></span> <span class='ocrx_word' id='word_1_165' title='bbox 1816 1914 2012 1986; x_wconf 88' lang='grc' dir='ltr'><strong>λόγων,</strong></span> 
     </span>
     <span class='ocr_line' id='line_1_21' title="bbox 453 1988 2012 2066; baseline 0.003 -25"><span class='ocrx_word' id='word_1_166' title='bbox 453 1989 571 2043; x_wconf 85' lang='grc' dir='ltr'><strong>ἀλλ’</strong></span> <span class='ocrx_word' id='word_1_167' title='bbox 598 1990 799 2044; x_wconf 80' lang='grc' dir='ltr'><strong>ἀπεῖδον</strong></span> <span class='ocrx_word' id='word_1_168' title='bbox 820 1990 936 2060; x_wconf 85' lang='grc' dir='ltr'><strong>πρός</strong></span> <span class='ocrx_word' id='word_1_169' title='bbox 958 2006 1011 2041; x_wconf 88' lang='grc' dir='ltr'><strong>τε</strong></span> <span class='ocrx_word' id='word_1_170' title='bbox 1032 1988 1091 2041; x_wconf 75' lang='grc' dir='ltr'><strong>τὸ</strong></span> <span class='ocrx_word' id='word_1_171' title='bbox 1114 1993 1199 2055; x_wconf 82' lang='grc' dir='ltr'><strong>τῆς</strong></span> <span class='ocrx_word' id='word_1_172' title='bbox 1210 1989 1398 2051; x_wconf 86' lang='grc' dir='ltr'><strong>πόλεως</strong></span> <span class='ocrx_word' id='word_1_173' title='bbox 1418 1992 1677 2060; x_wconf 88' lang='grc' dir='ltr'><strong>πρόσωπον</strong></span> <span class='ocrx_word' id='word_1_174' title='bbox 1700 1994 1782 2045; x_wconf 78' lang='grc' dir='ltr'><strong>καὶ</strong></span> <span class='ocrx_word' id='word_1_175' title='bbox 1804 1990 2012 2066; x_wconf 80' lang='grc' dir='ltr'><strong>ἀξίωμα,</strong></span> 
     </span>
     <span class='ocr_line' id='line_1_22' title="bbox 452 2067 2014 2145; baseline -0.001 -20"><span class='ocrx_word' id='word_1_176' title='bbox 452 2071 537 2125; x_wconf 73' lang='grc' dir='ltr'><strong>καὶ</strong></span> <span class='ocrx_word' id='word_1_177' title='bbox 565 2072 748 2132; x_wconf 87' lang='grc' dir='ltr'><strong>τούτοις</strong></span> <span class='ocrx_word' id='word_1_178' title='bbox 792 2068 1130 2130; x_wconf 62' lang='grc' dir='ltr'><strong>πιστεύσαντες</strong></span> <span class='ocrx_word' id='word_1_179' title='bbox 1169 2067 1445 2122; x_wconf 79' lang='grc' dir='ltr'><strong>ἀπώλοντο.</strong></span> <span class='ocrx_word' id='word_1_180' title='bbox 1548 2070 1658 2124; x_wconf 86' lang='grc' dir='ltr'><strong>Ἵνα</strong></span> <span class='ocrx_word' id='word_1_181' title='bbox 1680 2072 1733 2125; x_wconf 82' lang='grc' dir='ltr'><strong>δὲ</strong></span> <span class='ocrx_word' id='word_1_182' title='bbox 1756 2072 1787 2139; x_wconf 75' lang='grc' dir='ltr'><strong>ἦ</strong></span> <span class='ocrx_word' id='word_1_183' title='bbox 1814 2073 2014 2145; x_wconf 87' lang='grc' dir='ltr'><strong>δύναμις</strong></span> 
     </span>
     <span class='ocr_line' id='line_1_23' title="bbox 454 2143 2015 2223; baseline 0.002 -19"><span class='ocrx_word' id='word_1_184' title='bbox 454 2151 631 2223; x_wconf 75' lang='grc' dir='ltr'><strong>ἰσχυρὰ</strong></span> <span class='ocrx_word' id='word_1_185' title='bbox 654 2143 853 2223; x_wconf 84' lang='grc' dir='ltr'><strong>γένηται</strong></span> <span class='ocrx_word' id='word_1_186' title='bbox 870 2188 885 2213; x_wconf 90' lang='grc'><strong>,</strong></span> <span class='ocrx_word' id='word_1_187' title='bbox 914 2150 1181 2219; x_wconf 82' lang='grc' dir='ltr'><strong>προσέθηκε</strong></span> <span class='ocrx_word' id='word_1_188' title='bbox 1208 2149 1290 2201; x_wconf 71' lang='grc' dir='ltr'><strong>καὶ</strong></span> <span class='ocrx_word' id='word_1_189' title='bbox 1316 2150 1427 2211; x_wconf 68' lang='grc' dir='ltr'><strong>τοὶις</strong></span> <span class='ocrx_word' id='word_1_190' title='bbox 1454 2149 1635 2214; x_wconf 76' lang='grc' dir='ltr'><strong>ἄλλους</strong></span> <span class='ocrx_word' id='word_1_191' title='bbox 1666 2154 1900 2222; x_wconf 74' lang='grc' dir='ltr'><strong>πρέσὸεις,</strong></span> <span class='ocrx_word' id='word_1_192' title='bbox 1933 2154 2015 2207; x_wconf 75' lang='grc' dir='ltr'><strong>καὶ</strong></span> 
     </span>
     <span class='ocr_line' id='line_1_24' title="bbox 450 2228 2016 2299; baseline 0.003 -18"><span class='ocrx_word' id='word_1_193' title='bbox 450 2230 783 2299; x_wconf 88' lang='grc' dir='ltr'><strong>διηυκρίνησεν</strong></span> <span class='ocrx_word' id='word_1_194' title='bbox 818 2228 895 2281; x_wconf 77' lang='grc' dir='ltr'><strong>ἐπὶ</strong></span> <span class='ocrx_word' id='word_1_195' title='bbox 917 2228 1011 2279; x_wconf 92' lang='grc' dir='ltr'><strong>τίνι</strong></span> <span class='ocrx_word' id='word_1_196' title='bbox 1038 2229 1331 2297; x_wconf 76' lang='grc' dir='ltr'><strong>κατηγορεῖ,</strong></span> <span class='ocrx_word' id='word_1_197' title='bbox 1361 2228 1584 2298; x_wconf 78' lang='grc' dir='ltr'><strong>προσθεὶς</strong></span> <span class='ocrx_word' id='word_1_198' title='bbox 1615 2230 1698 2281; x_wconf 75' lang='grc' dir='ltr'><strong>καὶ</strong></span> <span class='ocrx_word' id='word_1_199' title='bbox 1716 2230 1883 2296; x_wconf 86' lang='grc' dir='ltr'><strong>εἰπὼν,</strong></span> <span class='ocrx_word' id='word_1_200' title='bbox 1921 2254 1944 2281; x_wconf 73' lang='grc' dir='ltr'><strong>α</strong></span> <span class='ocrx_word' id='word_1_201' title='bbox 1973 2232 2016 2285; x_wconf 75' lang='grc' dir='ltr'><strong>εἰ</strong></span> 
     </span>
     <span class='ocr_line' id='line_1_25' title="bbox 452 2305 2013 2380; baseline 0.004 -23"><span class='ocrx_word' id='word_1_202' title='bbox 452 2334 479 2357; x_wconf 72' lang='grc' dir='ltr'>ι</span> <span class='ocrx_word' id='word_1_203' title='bbox 512 2310 607 2361; x_wconf 79' lang='grc' dir='ltr'><strong>ὅσα</strong></span> <span class='ocrx_word' id='word_1_204' title='bbox 628 2311 713 2375; x_wconf 85' lang='grc' dir='ltr'><strong>τῆς</strong></span> <span class='ocrx_word' id='word_1_205' title='bbox 735 2308 953 2361; x_wconf 77' lang='grc' dir='ltr'><strong>Φωκέων</strong></span> <span class='ocrx_word' id='word_1_206' title='bbox 981 2307 1218 2375; x_wconf 81' lang='grc' dir='ltr'><strong>σωτηρίας</strong></span> <span class='ocrx_word' id='word_1_207' title='bbox 1244 2305 1323 2360; x_wconf 73' lang='grc' dir='ltr'><strong>ἐπὶ</strong></span> <span class='ocrx_word' id='word_1_208' title='bbox 1340 2306 1427 2373; x_wconf 81' lang='grc' dir='ltr'><strong>τὴν</strong></span> <span class='ocrx_word' id='word_1_209' title='bbox 1456 2309 1709 2380; x_wconf 76' lang='grc' dir='ltr'><strong>πρεσὸείαν</strong></span> <span class='ocrx_word' id='word_1_210' title='bbox 1729 2305 1815 2376; x_wconf 75' lang='grc' dir='ltr'><strong>ἧκε</strong></span> <span class='ocrx_word' id='word_1_211' title='bbox 1833 2353 1847 2373; x_wconf 90' lang='grc'><strong>,</strong></span> <span class='ocrx_word' id='word_1_212' title='bbox 1874 2313 2013 2365; x_wconf 87' lang='grc' dir='ltr'><strong>ταῦθ’</strong></span> 
     </span>
     <span class='ocr_line' id='line_1_26' title="bbox 455 2382 2012 2459; baseline 0.005 -21"><span class='ocrx_word' id='word_1_213' title='bbox 455 2412 477 2438; x_wconf 73' lang='grc' dir='ltr'>ι</span> <span class='ocrx_word' id='word_1_214' title='bbox 508 2389 680 2441; x_wconf 77' lang='grc' dir='ltr'><strong>ἅπαντ’</strong></span> <span class='ocrx_word' id='word_1_215' title='bbox 729 2387 983 2441; x_wconf 77' lang='grc' dir='ltr'><strong>ἀπώλεσαν</strong></span> <span class='ocrx_word' id='word_1_216' title='bbox 1036 2382 1189 2439; x_wconf 80' lang='grc' dir='ltr'><strong>οὗτοι.</strong></span> <span class='ocrx_word' id='word_1_217' title='bbox 1227 2407 1250 2435; x_wconf 67' lang='grc' dir='ltr'><strong>υ</strong></span> <span class='ocrx_word' id='word_1_218' title='bbox 1286 2386 1377 2439; x_wconf 74' lang='grc' dir='ltr'><strong>Καὶ</strong></span> <span class='ocrx_word' id='word_1_219' title='bbox 1424 2390 1687 2457; x_wconf 88' lang='grc' dir='ltr'><strong>προσέθηκε</strong></span> <span class='ocrx_word' id='word_1_220' title='bbox 1734 2390 1879 2445; x_wconf 86' lang='grc' dir='ltr'><strong>πάλιν</strong></span> <span class='ocrx_word' id='word_1_221' title='bbox 1923 2391 2012 2459; x_wconf 78' lang='grc' dir='ltr'><strong>τὴν</strong></span> 
     </span>
     <span class='ocr_line' id='line_1_27' title="bbox 452 2464 2011 2541; baseline 0.004 -24"><span class='ocrx_word' id='word_1_222' title='bbox 452 2466 715 2537; x_wconf 87' lang='grc' dir='ltr'><strong>βούλησιν,</strong></span> <span class='ocrx_word' id='word_1_223' title='bbox 752 2464 933 2529; x_wconf 86' lang='grc' dir='ltr'><strong>εἰπὼν,</strong></span> <span class='ocrx_word' id='word_1_224' title='bbox 970 2486 993 2513; x_wconf 74' lang='grc' dir='ltr'><strong>α</strong></span> <span class='ocrx_word' id='word_1_225' title='bbox 1026 2464 1109 2516; x_wconf 73' lang='grc' dir='ltr'><strong>καὶ</strong></span> <span class='ocrx_word' id='word_1_226' title='bbox 1150 2465 1417 2535; x_wconf 88' lang='grc' dir='ltr'><strong>διέφθειραν</strong></span> <span class='ocrx_word' id='word_1_227' title='bbox 1451 2464 1656 2527; x_wconf 77' lang='grc' dir='ltr'><strong>ἑκόντες.</strong></span> <span class='ocrx_word' id='word_1_228' title='bbox 1690 2488 1712 2517; x_wconf 73' lang='grc' dir='ltr'><strong>ι</strong></span> <span class='ocrx_word' id='word_1_229' title='bbox 1789 2468 1859 2520; x_wconf 73' lang='grc' dir='ltr'><strong>Τὸ</strong></span> <span class='ocrx_word' id='word_1_230' title='bbox 1881 2470 1933 2523; x_wconf 91' lang='grc' dir='ltr'><strong>δέ</strong></span> <span class='ocrx_word' id='word_1_231' title='bbox 1955 2490 2011 2541; x_wconf 90' lang='grc' dir='ltr'><strong>γε</strong></span> 
     </span>
     <span class='ocr_line' id='line_1_28' title="bbox 450 2542 2006 2618; baseline 0.002 -19"><span class='ocrx_word' id='word_1_232' title='bbox 450 2546 757 2617; x_wconf 80' lang='grc' dir='ltr'><strong>ἰσχυρότερον</strong></span> <span class='ocrx_word' id='word_1_233' title='bbox 788 2546 928 2616; x_wconf 85' lang='grc' dir='ltr'><strong>μέρος</strong></span> <span class='ocrx_word' id='word_1_234' title='bbox 956 2546 1041 2609; x_wconf 82' lang='grc' dir='ltr'><strong>τῆς</strong></span> <span class='ocrx_word' id='word_1_235' title='bbox 1080 2542 1383 2613; x_wconf 76' lang='grc' dir='ltr'><strong>βουλήσεως,</strong></span> <span class='ocrx_word' id='word_1_236' title='bbox 1417 2542 1505 2610; x_wconf 77' lang='grc' dir='ltr'><strong>τὴν</strong></span> <span class='ocrx_word' id='word_1_237' title='bbox 1548 2544 1727 2609; x_wconf 87' lang='grc' dir='ltr'><strong>αἰτίαν,</strong></span> <span class='ocrx_word' id='word_1_238' title='bbox 1760 2545 1817 2598; x_wconf 79' lang='grc' dir='ltr'><strong>οὗ</strong></span> <span class='ocrx_word' id='word_1_239' title='bbox 1853 2547 2006 2618; x_wconf 81' lang='grc' dir='ltr'><strong>λέγει·</strong></span> 
     </span>
     <span class='ocr_line' id='line_1_29' title="bbox 446 2622 2008 2697; baseline 0.001 -18"><span class='ocrx_word' id='word_1_240' title='bbox 446 2626 621 2680; x_wconf 88' lang='grc' dir='ltr'><strong>τούτου</strong></span> <span class='ocrx_word' id='word_1_241' title='bbox 638 2625 735 2697; x_wconf 78' lang='grc' dir='ltr'><strong>γὰρ</strong></span> <span class='ocrx_word' id='word_1_242' title='bbox 752 2630 839 2678; x_wconf 91' lang='grc' dir='ltr'><strong>τοῦ</strong></span> <span class='ocrx_word' id='word_1_243' title='bbox 862 2623 1124 2694; x_wconf 82' lang='grc' dir='ltr'><strong>κεφαλαίου</strong></span> <span class='ocrx_word' id='word_1_244' title='bbox 1146 2622 1205 2675; x_wconf 76' lang='grc' dir='ltr'><strong>τὸ</strong></span> <span class='ocrx_word' id='word_1_245' title='bbox 1225 2624 1452 2694; x_wconf 83' lang='grc' dir='ltr'><strong>μέγιστον</strong></span> <span class='ocrx_word' id='word_1_246' title='bbox 1480 2626 1617 2695; x_wconf 85' lang='grc' dir='ltr'><strong>μέρος</strong></span> <span class='ocrx_word' id='word_1_247' title='bbox 1644 2626 1773 2679; x_wconf 70' lang='grc' dir='ltr'><strong>ἐστὶν</strong></span> <span class='ocrx_word' id='word_1_248' title='bbox 1798 2626 1828 2695; x_wconf 77' lang='grc' dir='ltr'><strong>ἡ</strong></span> <span class='ocrx_word' id='word_1_249' title='bbox 1856 2628 2008 2695; x_wconf 83' lang='grc' dir='ltr'><strong>αἰτία,</strong></span> 
     </span>
     <span class='ocr_line' id='line_1_30' title="bbox 445 2700 1677 2777; baseline -0.001 -19"><span class='ocrx_word' id='word_1_250' title='bbox 445 2706 506 2772; x_wconf 84' lang='grc' dir='ltr'><strong>ἢν</strong></span> <span class='ocrx_word' id='word_1_251' title='bbox 536 2704 585 2757; x_wconf 80' lang='grc' dir='ltr'><strong>ἐν</strong></span> <span class='ocrx_word' id='word_1_252' title='bbox 614 2710 685 2777; x_wconf 79' lang='grc' dir='ltr'><strong>τῷ</strong></span> <span class='ocrx_word' id='word_1_253' title='bbox 710 2706 915 2774; x_wconf 84' lang='grc' dir='ltr'><strong>δευτέρῳ</strong></span> <span class='ocrx_word' id='word_1_254' title='bbox 940 2707 1211 2773; x_wconf 78' lang='grc' dir='ltr'><strong>στοχασμῷ</strong></span> <span class='ocrx_word' id='word_1_255' title='bbox 1232 2700 1497 2771; x_wconf 77' lang='grc' dir='ltr'><strong>διεφύλαξε.</strong></span> <span class='ocrx_word' id='word_1_256' title='bbox 1518 2702 1677 2757; x_wconf 95' lang='grc' dir='ltr'><strong>ΤΟΥ.</strong></span> 
     </span>
    </p>

    <p class='ocr_par' dir='ltr' id='par_1_5' title="bbox 441 2778 2012 3726">
     <span class='ocr_line' id='line_1_31' title="bbox 520 2778 2012 2851; baseline 0.001 -16"><span class='ocrx_word' id='word_1_257' title='bbox 520 2782 643 2846; x_wconf 91' lang='grc'><strong>350,</strong></span> <span class='ocrx_word' id='word_1_258' title='bbox 680 2798 761 2850; x_wconf 84' lang='grc'><strong>17.</strong></span> <span class='ocrx_word' id='word_1_259' title='bbox 792 2780 883 2841; x_wconf 73' lang='grc' dir='ltr'><strong>Δὸς</strong></span> <span class='ocrx_word' id='word_1_260' title='bbox 916 2780 967 2833; x_wconf 87' lang='grc' dir='ltr'><strong>δέ</strong></span> <span class='ocrx_word' id='word_1_261' title='bbox 1007 2799 1091 2850; x_wconf 87' lang='grc' dir='ltr'><strong>μοι</strong></span> <span class='ocrx_word' id='word_1_262' title='bbox 1122 2778 1178 2831; x_wconf 75' lang='grc' dir='ltr'><strong>τὸ</strong></span> <span class='ocrx_word' id='word_1_263' title='bbox 1216 2779 1587 2851; x_wconf 72' lang='grc' dir='ltr'><strong>προδούλευμα]</strong></span> <span class='ocrx_word' id='word_1_264' title='bbox 1628 2780 1893 2836; x_wconf 78' lang='grc' dir='ltr'><strong>Εἰσὸάλλει</strong></span> <span class='ocrx_word' id='word_1_265' title='bbox 1935 2784 2012 2837; x_wconf 81' lang='grc' dir='ltr'><strong>ἐπὶ</strong></span> 
     </span>
     <span class='ocr_line' id='line_1_32' title="bbox 445 2857 2012 2935; baseline 0.002 -23"><span class='ocrx_word' id='word_1_266' title='bbox 445 2858 534 2927; x_wconf 75' lang='grc' dir='ltr'><strong>τὴν</strong></span> <span class='ocrx_word' id='word_1_267' title='bbox 559 2866 656 2914; x_wconf 85' lang='grc' dir='ltr'><strong>τῶν</strong></span> <span class='ocrx_word' id='word_1_268' title='bbox 686 2858 907 2931; x_wconf 75' lang='grc' dir='ltr'><strong>ἐλέγχων</strong></span> <span class='ocrx_word' id='word_1_269' title='bbox 928 2857 1184 2924; x_wconf 77' lang='grc' dir='ltr'><strong>ἀπαίτησιν</strong></span> <span class='ocrx_word' id='word_1_270' title='bbox 1200 2898 1215 2923; x_wconf 92' lang='grc'><strong>,</strong></span> <span class='ocrx_word' id='word_1_271' title='bbox 1245 2857 1505 2929; x_wconf 80' lang='grc' dir='ltr'><strong>πληρώσας</strong></span> <span class='ocrx_word' id='word_1_272' title='bbox 1522 2858 1609 2924; x_wconf 85' lang='grc' dir='ltr'><strong>τὴν</strong></span> <span class='ocrx_word' id='word_1_273' title='bbox 1633 2860 1856 2931; x_wconf 89' lang='grc' dir='ltr'><strong>δύναμιν.</strong></span> <span class='ocrx_word' id='word_1_274' title='bbox 1886 2862 2012 2935; x_wconf 84' lang='grc' dir='ltr'><strong>Προ-</strong></span> 
     </span>
     <span class='ocr_line' id='line_1_33' title="bbox 446 2934 2010 3010; baseline 0.001 -19"><span class='ocrx_word' id='word_1_275' title='bbox 446 2937 694 3007; x_wconf 74' lang='grc' dir='ltr'><strong>ὅούλευμα</strong></span> <span class='ocrx_word' id='word_1_276' title='bbox 722 2937 775 2990; x_wconf 74' lang='grc' dir='ltr'><strong>δὲ</strong></span> <span class='ocrx_word' id='word_1_277' title='bbox 802 2938 937 3006; x_wconf 86' lang='grc' dir='ltr'><strong>λέγει</strong></span> <span class='ocrx_word' id='word_1_278' title='bbox 960 2936 1017 2987; x_wconf 73' lang='grc' dir='ltr'><strong>τὸ</strong></span> <span class='ocrx_word' id='word_1_279' title='bbox 1041 2934 1241 2988; x_wconf 85' lang='grc' dir='ltr'><strong>ἀκοῦσαι</strong></span> <span class='ocrx_word' id='word_1_280' title='bbox 1282 2934 1371 3001; x_wconf 81' lang='grc' dir='ltr'><strong>τὴν</strong></span> <span class='ocrx_word' id='word_1_281' title='bbox 1402 2936 1585 3005; x_wconf 82' lang='grc' dir='ltr'><strong>βουλὴν</strong></span> <span class='ocrx_word' id='word_1_282' title='bbox 1612 2937 1705 3009; x_wconf 70' lang='grc' dir='ltr'><strong>πρὸ</strong></span> <span class='ocrx_word' id='word_1_283' title='bbox 1736 2942 1823 2991; x_wconf 87' lang='grc' dir='ltr'><strong>τοῦ</strong></span> <span class='ocrx_word' id='word_1_284' title='bbox 1850 2940 2010 3010; x_wconf 84' lang='grc' dir='ltr'><strong>δήμου</strong></span> 
     </span>
     <span class='ocr_line' id='line_1_34' title="bbox 444 3014 2008 3087; baseline 0.002 -17"><span class='ocrx_word' id='word_1_285' title='bbox 444 3018 780 3087; x_wconf 77' lang='grc' dir='ltr'><strong>Δημοσθένους</strong></span> <span class='ocrx_word' id='word_1_286' title='bbox 802 3018 1191 3086; x_wconf 77' lang='grc' dir='ltr'><strong>κατηγοροῦντος</strong></span> <span class='ocrx_word' id='word_1_287' title='bbox 1222 3020 1308 3068; x_wconf 86' lang='grc' dir='ltr'><strong>τοῦ</strong></span> <span class='ocrx_word' id='word_1_288' title='bbox 1334 3014 1567 3087; x_wconf 81' lang='grc' dir='ltr'><strong>Αἰσχίνου</strong></span> <span class='ocrx_word' id='word_1_289' title='bbox 1598 3017 1681 3070; x_wconf 75' lang='grc' dir='ltr'><strong>καὶ</strong></span> <span class='ocrx_word' id='word_1_290' title='bbox 1706 3024 1803 3071; x_wconf 90' lang='grc' dir='ltr'><strong>τῶν</strong></span> <span class='ocrx_word' id='word_1_291' title='bbox 1839 3020 2008 3073; x_wconf 81' lang='grc' dir='ltr'><strong>ἄλλων</strong></span> 
     </span>
     <span class='ocr_line' id='line_1_35' title="bbox 442 3092 2007 3167; baseline 0.004 -19"><span class='ocrx_word' id='word_1_292' title='bbox 442 3096 687 3167; x_wconf 73' lang='grc' dir='ltr'><strong>πρέσῦεων</strong></span> <span class='ocrx_word' id='word_1_293' title='bbox 730 3096 807 3147; x_wconf 77' lang='grc' dir='ltr'><strong>ὅτι</strong></span> <span class='ocrx_word' id='word_1_294' title='bbox 843 3092 1255 3165; x_wconf 69' lang='grc' dir='ltr'><strong>παρεπρέσθευσαν</strong></span> <span class='ocrx_word' id='word_1_295' title='bbox 1290 3095 1373 3147; x_wconf 79' lang='grc' dir='ltr'><strong>καὶ</strong></span> <span class='ocrx_word' id='word_1_296' title='bbox 1394 3097 1812 3167; x_wconf 75' lang='grc' dir='ltr'><strong>καταψηφίσασθαι</strong></span> <span class='ocrx_word' id='word_1_297' title='bbox 1850 3099 2007 3153; x_wconf 80' lang='grc' dir='ltr'><strong>αὗτῶν</strong></span> 
     </span>
     <span class='ocr_line' id='line_1_36' title="bbox 446 3172 2007 3246; baseline 0.005 -21"><span class='ocrx_word' id='word_1_298' title='bbox 446 3176 515 3237; x_wconf 80' lang='grc' dir='ltr'><strong>ὡς</strong></span> <span class='ocrx_word' id='word_1_299' title='bbox 540 3173 874 3241; x_wconf 72' lang='grc' dir='ltr'><strong>ἀδικησάντων</strong></span> <span class='ocrx_word' id='word_1_300' title='bbox 900 3172 985 3226; x_wconf 76' lang='grc' dir='ltr'><strong>καὶ</strong></span> <span class='ocrx_word' id='word_1_301' title='bbox 1010 3172 1189 3243; x_wconf 78' lang='grc' dir='ltr'><strong>γράψαι</strong></span> <span class='ocrx_word' id='word_1_302' title='bbox 1228 3173 1311 3227; x_wconf 79' lang='grc' dir='ltr'><strong>καὶ</strong></span> <span class='ocrx_word' id='word_1_303' title='bbox 1346 3174 1568 3246; x_wconf 77' lang='grc' dir='ltr'><strong>ψήφισμα</strong></span> <span class='ocrx_word' id='word_1_304' title='bbox 1607 3177 1694 3229; x_wconf 76' lang='grc' dir='ltr'><strong>ἕνα</strong></span> <span class='ocrx_word' id='word_1_305' title='bbox 1730 3176 1887 3230; x_wconf 79' lang='grc' dir='ltr'><strong>αὒτῶν</strong></span> <span class='ocrx_word' id='word_1_306' title='bbox 1910 3186 2007 3233; x_wconf 87' lang='grc' dir='ltr'><strong>τῶν</strong></span> 
     </span>
     <span class='ocr_line' id='line_1_37' title="bbox 448 3251 2009 3331; baseline 0.004 -23"><span class='ocrx_word' id='word_1_307' title='bbox 448 3254 751 3327; x_wconf 85' lang='grc' dir='ltr'><strong>βουλευτῶν,</strong></span> <span class='ocrx_word' id='word_1_308' title='bbox 797 3256 924 3308; x_wconf 81' lang='grc' dir='ltr'><strong>ὥστε</strong></span> <span class='ocrx_word' id='word_1_309' title='bbox 954 3251 1020 3325; x_wconf 81' lang='grc' dir='ltr'><strong>μὴ</strong></span> <span class='ocrx_word' id='word_1_310' title='bbox 1064 3253 1307 3321; x_wconf 80' lang='grc' dir='ltr'><strong>κληθῆναι</strong></span> <span class='ocrx_word' id='word_1_311' title='bbox 1358 3255 1423 3317; x_wconf 85' lang='grc' dir='ltr'><strong>εἰς</strong></span> <span class='ocrx_word' id='word_1_312' title='bbox 1458 3256 1515 3309; x_wconf 74' lang='grc' dir='ltr'><strong>τὶ)</strong></span> <span class='ocrx_word' id='word_1_313' title='bbox 1560 3260 1848 3327; x_wconf 77' lang='grc' dir='ltr'><strong>πρυτανεῖον</strong></span> <span class='ocrx_word' id='word_1_314' title='bbox 1892 3261 2009 3331; x_wconf 77' lang='grc' dir='ltr'><strong>πρὸς</strong></span> 
     </span>
     <span class='ocr_line' id='line_1_38' title="bbox 444 3331 2008 3407; baseline 0.005 -20"><span class='ocrx_word' id='word_1_315' title='bbox 444 3337 664 3389; x_wconf 78' lang='grc' dir='ltr'><strong>δεῖπνον.</strong></span> <span class='ocrx_word' id='word_1_316' title='bbox 747 3331 839 3386; x_wconf 75' lang='grc' dir='ltr'><strong>Ἀεὶ</strong></span> <span class='ocrx_word' id='word_1_317' title='bbox 868 3332 962 3407; x_wconf 78' lang='grc' dir='ltr'><strong>γὰρ</strong></span> <span class='ocrx_word' id='word_1_318' title='bbox 998 3335 1044 3387; x_wconf 84' lang='grc' dir='ltr'><strong>οἱ</strong></span> <span class='ocrx_word' id='word_1_319' title='bbox 1072 3336 1288 3406; x_wconf 75' lang='grc' dir='ltr'><strong>πρέσθεις</strong></span> <span class='ocrx_word' id='word_1_320' title='bbox 1324 3335 1705 3407; x_wconf 78' lang='grc' dir='ltr'><strong>ἐπανερχόμεναι</strong></span> <span class='ocrx_word' id='word_1_321' title='bbox 1742 3338 2008 3396; x_wconf 73' lang='grc' dir='ltr'><strong>ἐκαλοῦντο</strong></span> 
     </span>
     <span class='ocr_line' id='line_1_39' title="bbox 444 3409 2008 3490; baseline 0.003 -23"><span class='ocrx_word' id='word_1_322' title='bbox 444 3412 511 3475; x_wconf 79' lang='grc' dir='ltr'><strong>εἰς</strong></span> <span class='ocrx_word' id='word_1_323' title='bbox 538 3414 737 3465; x_wconf 76' lang='grc' dir='ltr'><strong>δεῖπνον</strong></span> <span class='ocrx_word' id='word_1_324' title='bbox 756 3409 865 3463; x_wconf 68' lang='grc' dir='ltr'><strong>ἔθει</strong></span> <span class='ocrx_word' id='word_1_325' title='bbox 890 3412 987 3465; x_wconf 68' lang='grc' dir='ltr'><strong>τινὶ</strong></span> <span class='ocrx_word' id='word_1_326' title='bbox 1016 3418 1158 3485; x_wconf 82' lang='grc' dir='ltr'><strong>τιμῆς</strong></span> <span class='ocrx_word' id='word_1_327' title='bbox 1184 3415 1349 3483; x_wconf 83' lang='grc' dir='ltr'><strong>χάριν.</strong></span> <span class='ocrx_word' id='word_1_328' title='bbox 1424 3414 1581 3467; x_wconf 87' lang='grc' dir='ltr'><strong>Τοῦτο</strong></span> <span class='ocrx_word' id='word_1_329' title='bbox 1605 3420 1727 3485; x_wconf 90' lang='grc' dir='ltr'><strong>γοῦν</strong></span> <span class='ocrx_word' id='word_1_330' title='bbox 1750 3421 2008 3490; x_wconf 79' lang='grc' dir='ltr'><strong>παραφέρει</strong></span> 
     </span>
     <span class='ocr_line' id='line_1_40' title="bbox 444 3490 2006 3564; baseline 0.004 -18"><span class='ocrx_word' id='word_1_331' title='bbox 444 3492 511 3555; x_wconf 82' lang='grc' dir='ltr'><strong>εἰς</strong></span> <span class='ocrx_word' id='word_1_332' title='bbox 538 3492 749 3562; x_wconf 82' lang='grc' dir='ltr'><strong>ἔλεγχον</strong></span> <span class='ocrx_word' id='word_1_333' title='bbox 792 3490 949 3543; x_wconf 72' lang='grc' dir='ltr'><strong>αὐτῶν</strong></span> <span class='ocrx_word' id='word_1_334' title='bbox 976 3496 1061 3559; x_wconf 76' lang='grc' dir='ltr'><strong>τῆς</strong></span> <span class='ocrx_word' id='word_1_335' title='bbox 1083 3494 1339 3563; x_wconf 87' lang='grc' dir='ltr'><strong>προδοσίας</strong></span> <span class='ocrx_word' id='word_1_336' title='bbox 1355 3532 1369 3556; x_wconf 91' lang='grc'><strong>,</strong></span> <span class='ocrx_word' id='word_1_337' title='bbox 1388 3493 1465 3545; x_wconf 79' lang='grc' dir='ltr'><strong>δτι</strong></span> <span class='ocrx_word' id='word_1_338' title='bbox 1490 3492 1555 3554; x_wconf 81' lang='grc' dir='ltr'><strong>ὡς</strong></span> <span class='ocrx_word' id='word_1_339' title='bbox 1572 3496 1822 3564; x_wconf 82' lang='grc' dir='ltr'><strong>προδοτῶν</strong></span> <span class='ocrx_word' id='word_1_340' title='bbox 1856 3518 2006 3551; x_wconf 91' lang='grc' dir='ltr'><strong>κατα-</strong></span> 
     </span>
     <span class='ocr_line' id='line_1_41' title="bbox 442 3564 2008 3641; baseline 0.006 -19"><span class='ocrx_word' id='word_1_341' title='bbox 442 3574 628 3641; x_wconf 89' lang='grc' dir='ltr'><strong>γνοῦσα</strong></span> <span class='ocrx_word' id='word_1_342' title='bbox 648 3568 680 3635; x_wconf 74' lang='grc' dir='ltr'><strong>ἦ</strong></span> <span class='ocrx_word' id='word_1_343' title='bbox 702 3564 854 3639; x_wconf 80' lang='grc' dir='ltr'><strong>βουλὴ</strong></span> <span class='ocrx_word' id='word_1_344' title='bbox 879 3567 966 3622; x_wconf 70' lang='grc' dir='ltr'><strong>οὔκ</strong></span> <span class='ocrx_word' id='word_1_345' title='bbox 992 3568 1219 3624; x_wconf 78' lang='grc' dir='ltr'><strong>ἐκάλεσεν</strong></span> <span class='ocrx_word' id='word_1_346' title='bbox 1244 3570 1417 3632; x_wconf 65' lang='grc' dir='ltr'><strong>αὐτοὺς</strong></span> <span class='ocrx_word' id='word_1_347' title='bbox 1432 3570 1497 3634; x_wconf 90' lang='grc' dir='ltr'><strong>εἰς</strong></span> <span class='ocrx_word' id='word_1_348' title='bbox 1522 3573 1738 3630; x_wconf 78' lang='grc' dir='ltr'><strong>δεῖπνον.</strong></span> <span class='ocrx_word' id='word_1_349' title='bbox 1769 3578 2008 3633; x_wconf 82' lang='lat' dir='ltr'><strong>ACDGR</strong></span> 
     </span>
     <span class='ocr_line' id='line_1_42' title="bbox 441 3646 2006 3726; baseline 0.006 -25"><span class='ocrx_word' id='word_1_350' title='bbox 441 3649 559 3701; x_wconf 88' lang='lat' dir='ltr'><strong>TV.</strong></span> <span class='ocrx_word' id='word_1_351' title='bbox 591 3647 782 3715; x_wconf 76' lang='grc' dir='ltr'><strong>Μετέὸη</strong></span> <span class='ocrx_word' id='word_1_352' title='bbox 808 3646 955 3701; x_wconf 87' lang='grc' dir='ltr'><strong>πάλιν</strong></span> <span class='ocrx_word' id='word_1_353' title='bbox 984 3646 1207 3701; x_wconf 75' lang='grc' dir='ltr'><strong>ἐντεῦθεν</strong></span> <span class='ocrx_word' id='word_1_354' title='bbox 1240 3647 1320 3701; x_wconf 72' lang='grc' dir='ltr'><strong>ἐπὶ</strong></span> <span class='ocrx_word' id='word_1_355' title='bbox 1359 3650 1417 3703; x_wconf 80' lang='grc' dir='ltr'><strong>τδ</strong></span> <span class='ocrx_word' id='word_1_356' title='bbox 1454 3650 1738 3721; x_wconf 85' lang='grc' dir='ltr'><strong>κεφάλαιον,</strong></span> <span class='ocrx_word' id='word_1_357' title='bbox 1766 3650 1914 3726; x_wconf 74' lang='grc' dir='ltr'><strong>οὗπερ</strong></span> <span class='ocrx_word' id='word_1_358' title='bbox 1947 3652 2006 3723; x_wconf 72' lang='grc' dir='ltr'><strong>ἦν</strong></span> 
     </span>
    </p>

    <p class='ocr_par' dir='ltr' id='par_1_6' title="bbox 426 3724 2014 5221">
     <span class='ocr_line' id='line_1_43' title="bbox 426 3724 2004 3801; baseline 0.005 -22"><span class='ocrx_word' id='word_1_359' title='bbox 426 3726 493 3788; x_wconf 75' lang='grc' dir='ltr'><strong>-ἐξ</strong></span> <span class='ocrx_word' id='word_1_360' title='bbox 514 3724 669 3796; x_wconf 84' lang='grc' dir='ltr'><strong>ἀρχῆς</strong></span> <span class='ocrx_word' id='word_1_361' title='bbox 690 3727 747 3780; x_wconf 75' lang='grc' dir='ltr'><strong>τὸ</strong></span> <span class='ocrx_word' id='word_1_362' title='bbox 767 3728 1041 3798; x_wconf 86' lang='grc' dir='ltr'><strong>προοίμιον,</strong></span> <span class='ocrx_word' id='word_1_363' title='bbox 1066 3727 1201 3797; x_wconf 80' lang='grc' dir='ltr'><strong>λέγω</strong></span> <span class='ocrx_word' id='word_1_364' title='bbox 1214 3726 1271 3791; x_wconf 86' lang='grc' dir='ltr'><strong>δὴ</strong></span> <span class='ocrx_word' id='word_1_365' title='bbox 1296 3732 1383 3780; x_wconf 84' lang='grc' dir='ltr'><strong>τοῦ</strong></span> <span class='ocrx_word' id='word_1_366' title='bbox 1400 3726 1483 3781; x_wconf 88' lang='grc' dir='ltr'><strong>ἀπ’</strong></span> <span class='ocrx_word' id='word_1_367' title='bbox 1502 3728 1659 3801; x_wconf 77' lang='grc' dir='ltr'><strong>ἀρχῆς</strong></span> <span class='ocrx_word' id='word_1_368' title='bbox 1682 3730 1799 3801; x_wconf 78' lang='grc' dir='ltr'><strong>ἀχρι</strong></span> <span class='ocrx_word' id='word_1_369' title='bbox 1820 3734 2004 3797; x_wconf 87' lang='grc' dir='ltr'><strong>τέλους,</strong></span> 
     </span>
     <span class='ocr_line' id='line_1_44' title="bbox 447 3805 2009 3882; baseline 0.006 -26"><span class='ocrx_word' id='word_1_370' title='bbox 447 3805 673 3875; x_wconf 78' lang='grc' dir='ltr'><strong>Ἀρχεται</strong></span> <span class='ocrx_word' id='word_1_371' title='bbox 701 3805 751 3858; x_wconf 77' lang='grc' dir='ltr'><strong>δὲ</strong></span> <span class='ocrx_word' id='word_1_372' title='bbox 780 3806 833 3858; x_wconf 82' lang='grc' dir='ltr'><strong>ἐκ</strong></span> <span class='ocrx_word' id='word_1_373' title='bbox 864 3806 1257 3877; x_wconf 87' lang='grc' dir='ltr'><strong>μεταληπτικοῦ,</strong></span> <span class='ocrx_word' id='word_1_374' title='bbox 1296 3828 1318 3855; x_wconf 73' lang='grc' dir='ltr'><strong>α</strong></span> <span class='ocrx_word' id='word_1_375' title='bbox 1354 3810 1437 3859; x_wconf 86' lang='grc' dir='ltr'><strong>νῦν</strong></span> <span class='ocrx_word' id='word_1_376' title='bbox 1466 3806 1588 3876; x_wconf 73' lang='grc' dir='ltr'><strong>ἡμῖν</strong></span> <span class='ocrx_word' id='word_1_377' title='bbox 1610 3808 1768 3879; x_wconf 84' lang='grc' dir='ltr'><strong>λέγεις</strong></span> <span class='ocrx_word' id='word_1_378' title='bbox 1798 3812 2009 3882; x_wconf 76' lang='grc' dir='ltr'><strong>περὶτῆς</strong></span> 
     </span>
     <span class='ocr_line' id='line_1_45' title="bbox 442 3885 2007 4041; baseline 0.001 -28"><span class='ocrx_word' id='word_1_379' title='bbox 442 3885 702 4014; x_wconf 58' lang='grc' dir='ltr'><strong>’ἷὸοὲἷσὲἵῖ</strong></span> <span class='ocrx_word' id='word_1_380' title='bbox 715 3885 2007 4041; x_wconf 52' lang='grc' dir='ltr'><strong>ἑιῗῖζιῗξῖἷέζνΞῖζζίῗῗαξεῗῖᾃῖἷῖἷιᾝέἑιῖ</strong></span> 
     </span>
     <span class='ocr_line' id='line_1_46' title="bbox 444 4038 2007 4121; baseline 0.006 -27"><span class='ocrx_word' id='word_1_381' title='bbox 444 4040 619 4111; x_wconf 77' lang='grc' dir='ltr'><strong>λευμα·</strong></span> <span class='ocrx_word' id='word_1_382' title='bbox 659 4038 788 4092; x_wconf 79' lang='grc' dir='ltr'><strong>εἶναι</strong></span> <span class='ocrx_word' id='word_1_383' title='bbox 812 4040 908 4111; x_wconf 74' lang='grc' dir='ltr'><strong>γὰρ</strong></span> <span class='ocrx_word' id='word_1_384' title='bbox 938 4044 1142 4112; x_wconf 74' lang='grc' dir='ltr'><strong>σημεῖον</strong></span> <span class='ocrx_word' id='word_1_385' title='bbox 1172 4048 1269 4095; x_wconf 85' lang='grc' dir='ltr'><strong>τῶν</strong></span> <span class='ocrx_word' id='word_1_386' title='bbox 1294 4042 1441 4095; x_wconf 71' lang='grc' dir='ltr'><strong>αὐτοῦ</strong></span> <span class='ocrx_word' id='word_1_387' title='bbox 1470 4044 1639 4116; x_wconf 87' lang='grc' dir='ltr'><strong>λόγων</strong></span> <span class='ocrx_word' id='word_1_388' title='bbox 1657 4086 1673 4110; x_wconf 94' lang='grc'><strong>,</strong></span> <span class='ocrx_word' id='word_1_389' title='bbox 1700 4048 1817 4117; x_wconf 76' lang='grc' dir='ltr'><strong>ὅπερ</strong></span> <span class='ocrx_word' id='word_1_390' title='bbox 1840 4049 2007 4121; x_wconf 76' lang='grc' dir='ltr'><strong>ἐψηφί-</strong></span> 
     </span>
     <span class='ocr_line' id='line_1_47' title="bbox 446 4118 2008 4196; baseline 0.005 -23"><span class='ocrx_word' id='word_1_391' title='bbox 446 4138 569 4173; x_wconf 89' lang='grc' dir='ltr'><strong>σατο</strong></span> <span class='ocrx_word' id='word_1_392' title='bbox 606 4118 723 4189; x_wconf 73' lang='grc' dir='ltr'><strong>πρὸς</strong></span> <span class='ocrx_word' id='word_1_393' title='bbox 763 4118 847 4181; x_wconf 75' lang='grc' dir='ltr'><strong>τὰς</strong></span> <span class='ocrx_word' id='word_1_394' title='bbox 886 4120 1180 4190; x_wconf 76' lang='grc' dir='ltr'><strong>ἐπαγγελίας</strong></span> <span class='ocrx_word' id='word_1_395' title='bbox 1214 4126 1300 4174; x_wconf 86' lang='grc' dir='ltr'><strong>τοῦ</strong></span> <span class='ocrx_word' id='word_1_396' title='bbox 1344 4121 1560 4193; x_wconf 82' lang='grc' dir='ltr'><strong>ῥήτορος.</strong></span> <span class='ocrx_word' id='word_1_397' title='bbox 1638 4124 1909 4196; x_wconf 84' lang='grc' dir='ltr'><strong>Πληρώσας</strong></span> <span class='ocrx_word' id='word_1_398' title='bbox 1957 4130 2008 4183; x_wconf 74' lang='grc' dir='ltr'><strong>δὲ</strong></span> 
     </span>
     <span class='ocr_line' id='line_1_48' title="bbox 445 4198 2007 4276; baseline 0.006 -25"><span class='ocrx_word' id='word_1_399' title='bbox 445 4198 527 4251; x_wconf 78' lang='grc' dir='ltr'><strong>διὰ</strong></span> <span class='ocrx_word' id='word_1_400' title='bbox 553 4201 638 4263; x_wconf 84' lang='grc' dir='ltr'><strong>τῆς</strong></span> <span class='ocrx_word' id='word_1_401' title='bbox 662 4198 993 4267; x_wconf 84' lang='grc' dir='ltr'><strong>προσηκούσης</strong></span> <span class='ocrx_word' id='word_1_402' title='bbox 1020 4198 1294 4271; x_wconf 71' lang='grc' dir='ltr'><strong>ἐξεργασίας</strong></span> <span class='ocrx_word' id='word_1_403' title='bbox 1336 4202 1422 4255; x_wconf 72' lang='grc' dir='ltr'><strong>τὸν</strong></span> <span class='ocrx_word' id='word_1_404' title='bbox 1462 4205 1639 4273; x_wconf 83' lang='grc' dir='ltr'><strong>τρόπον</strong></span> <span class='ocrx_word' id='word_1_405' title='bbox 1684 4206 2007 4276; x_wconf 78' lang='grc' dir='ltr'><strong>μεταὸέὸηκεν</strong></span> 
     </span>
     <span class='ocr_line' id='line_1_49' title="bbox 447 4274 2007 4353; baseline 0.006 -22"><span class='ocrx_word' id='word_1_406' title='bbox 447 4278 522 4332; x_wconf 80' lang='grc' dir='ltr'><strong>ἐπ’</strong></span> <span class='ocrx_word' id='word_1_407' title='bbox 549 4276 670 4329; x_wconf 78' lang='grc' dir='ltr'><strong>αὖτὰ</strong></span> <span class='ocrx_word' id='word_1_408' title='bbox 699 4276 759 4328; x_wconf 80' lang='grc' dir='ltr'><strong>τὰ</strong></span> <span class='ocrx_word' id='word_1_409' title='bbox 784 4274 866 4330; x_wconf 88' lang='grc' dir='ltr'><strong>ἀπ’</strong></span> <span class='ocrx_word' id='word_1_410' title='bbox 913 4275 1068 4347; x_wconf 83' lang='grc' dir='ltr'><strong>ἀρχῆς</strong></span> <span class='ocrx_word' id='word_1_411' title='bbox 1106 4278 1223 4349; x_wconf 82' lang='grc' dir='ltr'><strong>ἀχρι</strong></span> <span class='ocrx_word' id='word_1_412' title='bbox 1264 4280 1462 4346; x_wconf 82' lang='grc' dir='ltr'><strong>τέλους,</strong></span> <span class='ocrx_word' id='word_1_413' title='bbox 1511 4282 1730 4353; x_wconf 81' lang='grc' dir='ltr'><strong>καθαρῶς</strong></span> <span class='ocrx_word' id='word_1_414' title='bbox 1774 4283 1869 4339; x_wconf 78' lang='grc' dir='ltr'><strong>ἀπὸ</strong></span> <span class='ocrx_word' id='word_1_415' title='bbox 1910 4294 2007 4339; x_wconf 84' lang='grc' dir='ltr'><strong>τῶν</strong></span> 
     </span>
     <span class='ocr_line' id='line_1_50' title="bbox 447 4354 2007 4433; baseline 0.007 -24"><span class='ocrx_word' id='word_1_416' title='bbox 447 4359 643 4428; x_wconf 88' lang='grc' dir='ltr'><strong>χρόνων</strong></span> <span class='ocrx_word' id='word_1_417' title='bbox 672 4354 949 4426; x_wconf 83' lang='grc' dir='ltr'><strong>ἀρξάμενος.</strong></span> <span class='ocrx_word' id='word_1_418' title='bbox 1029 4356 1249 4411; x_wconf 79' lang='grc' dir='ltr'><strong>Λίτιᾶται</strong></span> <span class='ocrx_word' id='word_1_419' title='bbox 1276 4359 1373 4431; x_wconf 73' lang='grc' dir='ltr'><strong>γὰρ</strong></span> <span class='ocrx_word' id='word_1_420' title='bbox 1392 4361 1477 4413; x_wconf 72' lang='grc' dir='ltr'><strong>τὸν</strong></span> <span class='ocrx_word' id='word_1_421' title='bbox 1506 4360 1742 4433; x_wconf 81' lang='grc' dir='ltr'><strong>Αἰσχίνην</strong></span> <span class='ocrx_word' id='word_1_422' title='bbox 1766 4364 1831 4425; x_wconf 80' lang='grc' dir='ltr'><strong>ὡς</strong></span> <span class='ocrx_word' id='word_1_423' title='bbox 1855 4364 2007 4427; x_wconf 82' lang='grc' dir='ltr'><strong>ἐξεπί-</strong></span> 
     </span>
     <span class='ocr_line' id='line_1_51' title="bbox 445 4436 2008 4518; baseline 0.008 -30"><span class='ocrx_word' id='word_1_424' title='bbox 445 4439 588 4505; x_wconf 89' lang='grc' dir='ltr'><strong>τηδες</strong></span> <span class='ocrx_word' id='word_1_425' title='bbox 613 4436 972 4490; x_wconf 74' lang='grc' dir='ltr'><strong>ἀποκλείσαντα</strong></span> <span class='ocrx_word' id='word_1_426' title='bbox 1000 4443 1097 4489; x_wconf 91' lang='grc' dir='ltr'><strong>τῶν</strong></span> <span class='ocrx_word' id='word_1_427' title='bbox 1145 4445 1325 4510; x_wconf 87' lang='grc' dir='ltr'><strong>καιρῶν</strong></span> <span class='ocrx_word' id='word_1_428' title='bbox 1355 4439 1443 4506; x_wconf 85' lang='grc' dir='ltr'><strong>τὴν</strong></span> <span class='ocrx_word' id='word_1_429' title='bbox 1479 4442 1623 4495; x_wconf 81' lang='grc' dir='ltr'><strong>πόλιν</strong></span> <span class='ocrx_word' id='word_1_430' title='bbox 1642 4483 1657 4507; x_wconf 90' lang='grc'><strong>,</strong></span> <span class='ocrx_word' id='word_1_431' title='bbox 1678 4444 1747 4505; x_wconf 76' lang='grc' dir='ltr'><strong>ὡς</strong></span> <span class='ocrx_word' id='word_1_432' title='bbox 1775 4446 1897 4515; x_wconf 69' lang='grc' dir='ltr'><strong>μηδὲ</strong></span> <span class='ocrx_word' id='word_1_433' title='bbox 1925 4445 2008 4518; x_wconf 82' lang='grc' dir='ltr'><strong>ἐγ-</strong></span> 
     </span>
     <span class='ocr_line' id='line_1_52' title="bbox 447 4515 2010 4589; baseline 0.006 -20"><span class='ocrx_word' id='word_1_434' title='bbox 447 4517 673 4587; x_wconf 78' lang='grc' dir='ltr'><strong>γενέσθαι</strong></span> <span class='ocrx_word' id='word_1_435' title='bbox 690 4515 1007 4587; x_wconf 78' lang='grc' dir='ltr'><strong>βουλεύεσθαι</strong></span> <span class='ocrx_word' id='word_1_436' title='bbox 1034 4518 1255 4589; x_wconf 71' lang='grc' dir='ltr'><strong>περὶτῶν</strong></span> <span class='ocrx_word' id='word_1_437' title='bbox 1280 4520 1623 4588; x_wconf 80' lang='grc' dir='ltr'><strong>προκειμένων,</strong></span> <span class='ocrx_word' id='word_1_438' title='bbox 1648 4526 1735 4574; x_wconf 85' lang='grc' dir='ltr'><strong>τοῦ</strong></span> <span class='ocrx_word' id='word_1_439' title='bbox 1758 4524 2010 4579; x_wconf 86' lang='grc' dir='ltr'><strong>Φιλίππου</strong></span> 
     </span>
     <span class='ocr_line' id='line_1_53' title="bbox 447 4596 2008 4668; baseline 0.005 -18"><span class='ocrx_word' id='word_1_440' title='bbox 447 4597 795 4666; x_wconf 84' lang='grc' dir='ltr'><strong>κατειληφότος</strong></span> <span class='ocrx_word' id='word_1_441' title='bbox 817 4596 902 4658; x_wconf 74' lang='grc' dir='ltr'><strong>τὰς</strong></span> <span class='ocrx_word' id='word_1_442' title='bbox 931 4598 1109 4658; x_wconf 86' lang='grc' dir='ltr'><strong>Πύλας·</strong></span> <span class='ocrx_word' id='word_1_443' title='bbox 1140 4598 1243 4668; x_wconf 80' lang='grc' dir='ltr'><strong>ἅμα</strong></span> <span class='ocrx_word' id='word_1_444' title='bbox 1269 4617 1322 4651; x_wconf 91' lang='grc' dir='ltr'><strong>τε</strong></span> <span class='ocrx_word' id='word_1_445' title='bbox 1348 4598 1444 4668; x_wconf 79' lang='grc' dir='ltr'><strong>γὰρ</strong></span> <span class='ocrx_word' id='word_1_446' title='bbox 1466 4597 1643 4663; x_wconf 78' lang='grc' dir='ltr'><strong>ἤκουσε</strong></span> <span class='ocrx_word' id='word_1_447' title='bbox 1666 4598 1887 4665; x_wconf 77' lang='grc' dir='ltr'><strong>κάκεῖνος</strong></span> <span class='ocrx_word' id='word_1_448' title='bbox 1916 4624 2008 4658; x_wconf 87' lang='grc' dir='ltr'><strong>πα-</strong></span> 
     </span>
     <span class='ocr_line' id='line_1_54' title="bbox 450 4674 2010 4755; baseline 0.005 -27"><span class='ocrx_word' id='word_1_449' title='bbox 450 4680 559 4745; x_wconf 79' lang='grc' dir='ltr'><strong>ρῆν.</strong></span> <span class='ocrx_word' id='word_1_450' title='bbox 631 4674 860 4743; x_wconf 72' lang='grc' dir='ltr'><strong>Ἐὔδηλον</strong></span> <span class='ocrx_word' id='word_1_451' title='bbox 883 4675 949 4738; x_wconf 78' lang='grc' dir='ltr'><strong>ὡς</strong></span> <span class='ocrx_word' id='word_1_452' title='bbox 974 4675 1238 4730; x_wconf 83' lang='grc' dir='ltr'><strong>ἀπωλώλει</strong></span> <span class='ocrx_word' id='word_1_453' title='bbox 1260 4680 1346 4743; x_wconf 77' lang='grc' dir='ltr'><strong>τῆς</strong></span> <span class='ocrx_word' id='word_1_454' title='bbox 1372 4678 1593 4745; x_wconf 77' lang='grc' dir='ltr'><strong>βοηθείας</strong></span> <span class='ocrx_word' id='word_1_455' title='bbox 1613 4678 1641 4729; x_wconf 84' lang='grc' dir='ltr'>ὁ</span> <span class='ocrx_word' id='word_1_456' title='bbox 1659 4679 1837 4747; x_wconf 82' lang='grc' dir='ltr'><strong>χρόνος</strong></span> <span class='ocrx_word' id='word_1_457' title='bbox 1854 4720 1869 4743; x_wconf 92' lang='grc'><strong>,</strong></span> <span class='ocrx_word' id='word_1_458' title='bbox 1896 4680 1946 4736; x_wconf 75' lang='grc' dir='ltr'><strong>ἐν</strong></span> <span class='ocrx_word' id='word_1_459' title='bbox 1966 4680 2010 4755; x_wconf 79' lang='grc' dir='ltr'><em>ᾧ</em></span> 
     </span>
     <span class='ocr_line' id='line_1_55' title="bbox 442 4750 2008 4827; baseline 0.004 -22"><span class='ocrx_word' id='word_1_460' title='bbox 442 4753 644 4805; x_wconf 75' lang='grc' dir='ltr'><strong>κλεῖσαι</strong></span> <span class='ocrx_word' id='word_1_461' title='bbox 672 4752 759 4815; x_wconf 66' lang='grc' dir='ltr'><strong>τὰς</strong></span> <span class='ocrx_word' id='word_1_462' title='bbox 786 4754 949 4816; x_wconf 89' lang='grc' dir='ltr'><strong>Πύλας</strong></span> <span class='ocrx_word' id='word_1_463' title='bbox 992 4754 1098 4808; x_wconf 87' lang='grc' dir='ltr'><strong>οἷόν</strong></span> <span class='ocrx_word' id='word_1_464' title='bbox 1147 4773 1199 4807; x_wconf 88' lang='grc' dir='ltr'><strong>τε</strong></span> <span class='ocrx_word' id='word_1_465' title='bbox 1234 4750 1295 4821; x_wconf 73' lang='grc' dir='ltr'><strong>ἦν</strong></span> <span class='ocrx_word' id='word_1_466' title='bbox 1330 4761 1401 4827; x_wconf 83' lang='grc' dir='ltr'><strong>τῷ</strong></span> <span class='ocrx_word' id='word_1_467' title='bbox 1428 4757 1592 4827; x_wconf 81' lang='grc' dir='ltr'><strong>δήμῳ.</strong></span> <span class='ocrx_word' id='word_1_468' title='bbox 1665 4754 1800 4822; x_wconf 77' lang='grc' dir='ltr'><strong>Εἶτ’,</strong></span> <span class='ocrx_word' id='word_1_469' title='bbox 1844 4758 2008 4827; x_wconf 74' lang='grc' dir='ltr'><strong>ἐπειδὴ</strong></span> 
     </span>
     <span class='ocr_line' id='line_1_56' title="bbox 452 4829 2011 4905; baseline 0.006 -22"><span class='ocrx_word' id='word_1_470' title='bbox 452 4830 750 4893; x_wconf 86' lang='grc' dir='ltr'><strong>ἀντέπιπτεν,</strong></span> <span class='ocrx_word' id='word_1_471' title='bbox 778 4832 847 4885; x_wconf 80' lang='grc' dir='ltr'><strong>Οὖ</strong></span> <span class='ocrx_word' id='word_1_472' title='bbox 868 4834 964 4905; x_wconf 77' lang='grc' dir='ltr'><strong>γὰρ</strong></span> <span class='ocrx_word' id='word_1_473' title='bbox 991 4829 1051 4900; x_wconf 73' lang='grc' dir='ltr'><strong>ἦν</strong></span> <span class='ocrx_word' id='word_1_474' title='bbox 1076 4833 1247 4905; x_wconf 76' lang='grc' dir='ltr'><strong>ἑτέρως</strong></span> <span class='ocrx_word' id='word_1_475' title='bbox 1272 4835 1467 4904; x_wconf 76' lang='grc' dir='ltr'><strong>βοηθεῖν</strong></span> <span class='ocrx_word' id='word_1_476' title='bbox 1492 4834 1523 4901; x_wconf 84' lang='grc' dir='ltr'>ἢ</span> <span class='ocrx_word' id='word_1_477' title='bbox 1552 4838 1865 4904; x_wconf 82' lang='grc' dir='ltr'><strong>προειπόντας</strong></span> <span class='ocrx_word' id='word_1_478' title='bbox 1892 4839 2011 4893; x_wconf 80' lang='grc' dir='ltr'><strong>Φω-</strong></span> 
     </span>
     <span class='ocr_line' id='line_1_57' title="bbox 446 4908 2012 4983; baseline 0.006 -23"><span class='ocrx_word' id='word_1_479' title='bbox 446 4911 614 4960; x_wconf 87' lang='grc' dir='ltr'><strong>αεῦσιν</strong></span> <span class='ocrx_word' id='word_1_480' title='bbox 652 4908 1006 4981; x_wconf 83' lang='grc' dir='ltr'><strong>ἀσφαλέστερόν</strong></span> <span class='ocrx_word' id='word_1_481' title='bbox 1033 4930 1080 4965; x_wconf 92' lang='grc' dir='ltr'><strong>τι</strong></span> <span class='ocrx_word' id='word_1_482' title='bbox 1105 4912 1216 4983; x_wconf 77' lang='grc' dir='ltr'><strong>περὶ</strong></span> <span class='ocrx_word' id='word_1_483' title='bbox 1248 4911 1407 4964; x_wconf 72' lang='grc' dir='ltr'><strong>αὐτῶν</strong></span> <span class='ocrx_word' id='word_1_484' title='bbox 1438 4911 1821 4981; x_wconf 86' lang='grc' dir='ltr'><strong>βουλεύσασθαι,</strong></span> <span class='ocrx_word' id='word_1_485' title='bbox 1866 4914 2012 4970; x_wconf 82' lang='grc' dir='ltr'><strong>ἔλυσε</strong></span> 
     </span>
     <span class='ocr_line' id='line_1_58' title="bbox 452 4987 2010 5066; baseline 0.004 -23"><span class='ocrx_word' id='word_1_486' title='bbox 452 4988 539 5043; x_wconf 78' lang='grc' dir='ltr'><strong>δύο</strong></span> <span class='ocrx_word' id='word_1_487' title='bbox 565 4987 748 5043; x_wconf 86' lang='grc' dir='ltr'><strong>λύσεσι·</strong></span> <span class='ocrx_word' id='word_1_488' title='bbox 778 4994 868 5061; x_wconf 85' lang='grc' dir='ltr'><strong>μιᾷ</strong></span> <span class='ocrx_word' id='word_1_489' title='bbox 899 4991 984 5062; x_wconf 80' lang='grc' dir='ltr'><strong>μὲν</strong></span> <span class='ocrx_word' id='word_1_490' title='bbox 1004 5032 1019 5056; x_wconf 93' lang='grc'><strong>,</strong></span> <span class='ocrx_word' id='word_1_491' title='bbox 1053 4992 1128 5044; x_wconf 79' lang='grc' dir='ltr'><strong>ὅτι</strong></span> <span class='ocrx_word' id='word_1_492' title='bbox 1151 4991 1306 5053; x_wconf 73' lang='grc' dir='ltr'><strong>οὗδεὶς</strong></span> <span class='ocrx_word' id='word_1_493' title='bbox 1340 4990 1529 5062; x_wconf 88' lang='grc' dir='ltr'><strong>ἀνέγνω</strong></span> <span class='ocrx_word' id='word_1_494' title='bbox 1554 4998 1626 5064; x_wconf 77' lang='grc' dir='ltr'><strong>τῷ</strong></span> <span class='ocrx_word' id='word_1_495' title='bbox 1646 4993 1791 5065; x_wconf 77' lang='grc' dir='ltr'><strong>δήμῳ</strong></span> <span class='ocrx_word' id='word_1_496' title='bbox 1810 4994 1867 5047; x_wconf 80' lang='grc' dir='ltr'><strong>τὸ</strong></span> <span class='ocrx_word' id='word_1_497' title='bbox 1892 5015 2010 5066; x_wconf 89' lang='grc' dir='ltr'><strong>προ-</strong></span> 
     </span>
     <span class='ocr_line' id='line_1_59' title="bbox 450 5064 2014 5144; baseline 0.007 -26"><span class='ocrx_word' id='word_1_498' title='bbox 450 5065 699 5137; x_wconf 79' lang='grc' dir='ltr'><strong>ὅούλευμα</strong></span> <span class='ocrx_word' id='word_1_499' title='bbox 723 5088 733 5099; x_wconf 93' lang='grc'><em>·</em></span> <span class='ocrx_word' id='word_1_500' title='bbox 776 5064 927 5141; x_wconf 70' lang='grc' dir='ltr'><strong>ἢγὰρ</strong></span> <span class='ocrx_word' id='word_1_501' title='bbox 942 5072 1007 5121; x_wconf 75' lang='grc' dir='ltr'><strong>ἀν</strong></span> <span class='ocrx_word' id='word_1_502' title='bbox 1026 5070 1059 5122; x_wconf 83' lang='grc' dir='ltr'><strong>’ὁ</strong></span> <span class='ocrx_word' id='word_1_503' title='bbox 1093 5072 1247 5142; x_wconf 82' lang='grc' dir='ltr'><strong>δῆμος</strong></span> <span class='ocrx_word' id='word_1_504' title='bbox 1269 5070 1607 5125; x_wconf 77' lang='grc' dir='ltr'><strong>ἐὸουλεύσατο·</strong></span> <span class='ocrx_word' id='word_1_505' title='bbox 1648 5070 1785 5144; x_wconf 75' lang='grc' dir='ltr'><strong>ἑτέρᾳ</strong></span> <span class='ocrx_word' id='word_1_506' title='bbox 1815 5074 1897 5139; x_wconf 84' lang='grc' dir='ltr'><strong>δὲ,</strong></span> <span class='ocrx_word' id='word_1_507' title='bbox 1935 5076 2014 5129; x_wconf 79' lang='grc' dir='ltr'><strong>ὅτι</strong></span> 
     </span>
     <span class='ocr_line' id='line_1_60' title="bbox 450 5144 2012 5221; baseline 0.004 -19"><span class='ocrx_word' id='word_1_508' title='bbox 450 5144 499 5202; x_wconf 77' lang='grc' dir='ltr'><strong>εί</strong></span> <span class='ocrx_word' id='word_1_509' title='bbox 537 5146 620 5199; x_wconf 74' lang='grc' dir='ltr'><strong>καὶ</strong></span> <span class='ocrx_word' id='word_1_510' title='bbox 646 5146 996 5217; x_wconf 82' lang='grc' dir='ltr'><strong>βουλεύσασθαι</strong></span> <span class='ocrx_word' id='word_1_511' title='bbox 1020 5148 1051 5203; x_wconf 81' lang='grc' dir='ltr'><strong>ό</strong></span> <span class='ocrx_word' id='word_1_512' title='bbox 1077 5150 1231 5221; x_wconf 75' lang='grc' dir='ltr'><strong>δῆμος</strong></span> <span class='ocrx_word' id='word_1_513' title='bbox 1257 5146 1361 5213; x_wconf 78' lang='grc' dir='ltr'><strong>οἷός</strong></span> <span class='ocrx_word' id='word_1_514' title='bbox 1386 5170 1439 5205; x_wconf 91' lang='grc' dir='ltr'><strong>τε</strong></span> <span class='ocrx_word' id='word_1_515' title='bbox 1467 5146 1528 5219; x_wconf 72' lang='grc' dir='ltr'><strong>ἦν</strong></span> <span class='ocrx_word' id='word_1_516' title='bbox 1543 5191 1559 5217; x_wconf 93' lang='grc'><strong>,</strong></span> <span class='ocrx_word' id='word_1_517' title='bbox 1602 5150 1896 5221; x_wconf 82' lang='grc' dir='ltr'><strong>ἐξηπάτησεν</strong></span> <span class='ocrx_word' id='word_1_518' title='bbox 1927 5154 2012 5207; x_wconf 78' lang='grc' dir='ltr'><strong>αύ-</strong></span> 
     </span>
    </p>
   </div>
   <div class='ocr_carea' id='block_1_3' title="bbox 1552 354 2590 419">
    <p class='ocr_par' dir='ltr' id='par_1_7' title="bbox 1552 354 2590 419">
     <span class='ocr_line' id='line_1_61' title="bbox 1552 354 2590 419; baseline 0.006 -6"><span class='ocrx_word' id='word_1_519' title='bbox 1552 354 1836 414; x_wconf 77' lang='grc' dir='ltr'><strong>ΣΧΟΛΙΑ</strong></span> <span class='ocrx_word' id='word_1_520' title='bbox 1880 354 2010 414; x_wconf 83' lang='grc' dir='ltr'><strong>ΕΙΣ</strong></span> <span class='ocrx_word' id='word_1_521' title='bbox 2049 356 2590 419; x_wconf 79' lang='grc' dir='ltr'><strong>ΔΗΜΟΣΘΕΝΗΝ.</strong></span> 
     </span>
    </p>
   </div>
   <div class='ocr_carea' id='block_1_4' title="bbox 2109 486 3648 1197">
    <p class='ocr_par' dir='ltr' id='par_1_8' title="bbox 2109 486 3642 714">
     <span class='ocr_line' id='line_1_62' title="bbox 2111 486 3640 567; baseline 0.005 -26"><span class='ocrx_word' id='word_1_522' title='bbox 2111 486 2198 541; x_wconf 71' lang='grc' dir='ltr'><strong>τὸν</strong></span> <span class='ocrx_word' id='word_1_523' title='bbox 2226 486 2460 558; x_wconf 81' lang='grc' dir='ltr'><strong>Αἰσχίνης</strong></span> <span class='ocrx_word' id='word_1_524' title='bbox 2495 489 2656 543; x_wconf 75' lang='grc' dir='ltr'><strong>ἐλπίσι</strong></span> <span class='ocrx_word' id='word_1_525' title='bbox 2679 489 2764 543; x_wconf 80' lang='grc' dir='ltr'><strong>καὶ</strong></span> <span class='ocrx_word' id='word_1_526' title='bbox 2791 489 3131 562; x_wconf 74' lang='grc' dir='ltr'><strong>ύποσχέσεσιν.</strong></span> <span class='ocrx_word' id='word_1_527' title='bbox 3209 490 3302 546; x_wconf 84' lang='grc' dir='ltr'><strong>Ἐν</strong></span> <span class='ocrx_word' id='word_1_528' title='bbox 3323 490 3368 567; x_wconf 78' lang='grc' dir='ltr'>ᾧ</span> <span class='ocrx_word' id='word_1_529' title='bbox 3383 494 3464 548; x_wconf 67' lang='grc' dir='ltr'><strong>καὶ</strong></span> <span class='ocrx_word' id='word_1_530' title='bbox 3483 492 3640 567; x_wconf 75' lang='grc' dir='ltr'><strong>εἰσάγει</strong></span> 
     </span>
     <span class='ocr_line' id='line_1_63' title="bbox 2116 563 3642 645; baseline 0.007 -27"><span class='ocrx_word' id='word_1_531' title='bbox 2116 564 2180 618; x_wconf 72' lang='grc' dir='ltr'><strong>τὰ</strong></span> <span class='ocrx_word' id='word_1_532' title='bbox 2224 563 2518 637; x_wconf 86' lang='grc' dir='ltr'><strong>ἰσχυρότατα</strong></span> <span class='ocrx_word' id='word_1_533' title='bbox 2549 572 2648 621; x_wconf 87' lang='grc' dir='ltr'><strong>τῶν</strong></span> <span class='ocrx_word' id='word_1_534' title='bbox 2675 569 2971 641; x_wconf 85' lang='grc' dir='ltr'><strong>τεκμηρίων,</strong></span> <span class='ocrx_word' id='word_1_535' title='bbox 3001 570 3164 643; x_wconf 82' lang='grc' dir='ltr'><strong>λέγων</strong></span> <span class='ocrx_word' id='word_1_536' title='bbox 3191 572 3304 635; x_wconf 71' lang='grc' dir='ltr'><strong>τοὶις</strong></span> <span class='ocrx_word' id='word_1_537' title='bbox 3333 572 3550 645; x_wconf 80' lang='grc' dir='ltr'><strong>Αἰσχίνου</strong></span> <span class='ocrx_word' id='word_1_538' title='bbox 3569 576 3642 628; x_wconf 80' lang='grc' dir='ltr'><strong>λό-</strong></span> 
     </span>
     <span class='ocr_line' id='line_1_64' title="bbox 2109 646 2432 714; baseline 0.006 -17"><span class='ocrx_word' id='word_1_539' title='bbox 2109 663 2242 714; x_wconf 83' lang='grc' dir='ltr'><strong>γους.</strong></span> <span class='ocrx_word' id='word_1_540' title='bbox 2271 646 2432 699; x_wconf 87' lang='grc' dir='ltr'><strong>ΤΟΥ.</strong></span> 
     </span>
    </p>

    <p class='ocr_par' dir='ltr' id='par_1_9' title="bbox 2184 720 3580 797">
     <span class='ocr_line' id='line_1_65' title="bbox 2184 720 3580 797; baseline 0.009 -24"><span class='ocrx_word' id='word_1_541' title='bbox 2184 722 2305 785; x_wconf 88' lang='grc'><strong>350,</strong></span> <span class='ocrx_word' id='word_1_542' title='bbox 2332 726 2418 776; x_wconf 85' lang='grc'><strong>18.</strong></span> <span class='ocrx_word' id='word_1_543' title='bbox 2454 720 2832 795; x_wconf 82' lang='grc' dir='ltr'><strong>Ἐπαγγελίαν]</strong></span> <span class='ocrx_word' id='word_1_544' title='bbox 2863 725 3120 794; x_wconf 79' lang='grc' dir='ltr'><strong>πρόσταξιν</strong></span> <span class='ocrx_word' id='word_1_545' title='bbox 3145 727 3179 794; x_wconf 75' lang='grc' dir='ltr'><strong>ἢ</strong></span> <span class='ocrx_word' id='word_1_546' title='bbox 3203 726 3416 797; x_wconf 87' lang='grc' dir='ltr'><strong>αἴτησιν.</strong></span> <span class='ocrx_word' id='word_1_547' title='bbox 3451 730 3580 789; x_wconf 77' lang='lat' dir='ltr'><strong>BRP.</strong></span> 
     </span>
    </p>

    <p class='ocr_par' dir='ltr' id='par_1_10' title="bbox 2181 799 2959 874">
     <span class='ocr_line' id='line_1_66' title="bbox 2181 799 2959 874; baseline 0.01 -23"><span class='ocrx_word' id='word_1_548' title='bbox 2181 799 2495 873; x_wconf 79' lang='grc' dir='ltr'><strong>Κωλυθεῒσα]</strong></span> <span class='ocrx_word' id='word_1_549' title='bbox 2527 802 2594 863; x_wconf 81' lang='grc' dir='ltr'><strong>ὡς</strong></span> <span class='ocrx_word' id='word_1_550' title='bbox 2619 803 2874 874; x_wconf 85' lang='grc' dir='ltr'><strong>πρότερον.</strong></span> <span class='ocrx_word' id='word_1_551' title='bbox 2900 807 2959 859; x_wconf 89' lang='lat' dir='ltr'><strong>P.</strong></span> 
     </span>
    </p>

    <p class='ocr_par' dir='ltr' id='par_1_11' title="bbox 2180 878 2905 953">
     <span class='ocr_line' id='line_1_67' title="bbox 2180 878 2905 953; baseline 0.006 -21"><span class='ocrx_word' id='word_1_552' title='bbox 2180 878 2414 953; x_wconf 89' lang='grc' dir='ltr'><strong>Τούτους]</strong></span> <span class='ocrx_word' id='word_1_553' title='bbox 2435 882 2546 943; x_wconf 64' lang='grc' dir='ltr'><strong>τοὺς</strong></span> <span class='ocrx_word' id='word_1_554' title='bbox 2565 883 2812 953; x_wconf 74' lang='grc' dir='ltr'><strong>πρεσὸέας.</strong></span> <span class='ocrx_word' id='word_1_555' title='bbox 2844 886 2905 937; x_wconf 92' lang='grc' dir='ltr'><strong>Ρ.</strong></span> 
     </span>
    </p>

    <p class='ocr_par' dir='ltr' id='par_1_12' title="bbox 2110 958 3648 1197">
     <span class='ocr_line' id='line_1_68' title="bbox 2182 958 3646 1040; baseline 0.008 -29"><span class='ocrx_word' id='word_1_556' title='bbox 2182 958 2305 1024; x_wconf 88' lang='grc'><strong>350,</strong></span> <span class='ocrx_word' id='word_1_557' title='bbox 2341 966 2430 1025; x_wconf 75' lang='grc'><strong>24.</strong></span> <span class='ocrx_word' id='word_1_558' title='bbox 2471 960 2596 1015; x_wconf 77' lang='grc' dir='ltr'><strong>Οὔτε</strong></span> <span class='ocrx_word' id='word_1_559' title='bbox 2625 960 2690 1023; x_wconf 87' lang='grc' dir='ltr'><strong>εἰς</strong></span> <span class='ocrx_word' id='word_1_560' title='bbox 2715 961 2773 1015; x_wconf 80' lang='grc' dir='ltr'><strong>τδ</strong></span> <span class='ocrx_word' id='word_1_561' title='bbox 2800 965 3118 1035; x_wconf 77' lang='grc' dir='ltr'><strong>πρυτανεῖον]</strong></span> <span class='ocrx_word' id='word_1_562' title='bbox 3156 962 3442 1037; x_wconf 80' lang='grc' dir='ltr'><strong>Ἐνεδέχετο</strong></span> <span class='ocrx_word' id='word_1_563' title='bbox 3481 967 3646 1040; x_wconf 62' lang='lat' dir='ltr'><strong>suapte·</strong></span> 
     </span>
     <span class='ocr_line' id='line_1_69' title="bbox 2111 1036 3642 1117; baseline 0.008 -29"><span class='ocrx_word' id='word_1_564' title='bbox 2111 1036 2254 1103; x_wconf 86' lang='grc' dir='ltr'><strong>θῆναι</strong></span> <span class='ocrx_word' id='word_1_565' title='bbox 2277 1037 2364 1105; x_wconf 74' lang='grc' dir='ltr'><strong>τὴν</strong></span> <span class='ocrx_word' id='word_1_566' title='bbox 2403 1040 2611 1107; x_wconf 84' lang='grc' dir='ltr'><strong>κλῆσιν,</strong></span> <span class='ocrx_word' id='word_1_567' title='bbox 2641 1041 2734 1102; x_wconf 70' lang='grc' dir='ltr'><strong>ἕως</strong></span> <span class='ocrx_word' id='word_1_568' title='bbox 2769 1042 2828 1093; x_wconf 81' lang='grc' dir='ltr'><strong>ἀν</strong></span> <span class='ocrx_word' id='word_1_569' title='bbox 2860 1042 3020 1113; x_wconf 76' lang='grc' dir='ltr'><strong>γνῷὴ</strong></span> <span class='ocrx_word' id='word_1_570' title='bbox 3053 1042 3204 1112; x_wconf 78' lang='grc' dir='ltr'><strong>βουλὴ</strong></span> <span class='ocrx_word' id='word_1_571' title='bbox 3235 1044 3328 1110; x_wconf 72' lang='grc' dir='ltr'><strong>τὴν</strong></span> <span class='ocrx_word' id='word_1_572' title='bbox 3351 1046 3642 1117; x_wconf 69' lang='grc' dir='ltr'><strong>ἀκρίὸειαν·ἢ</strong></span> 
     </span>
     <span class='ocr_line' id='line_1_70' title="bbox 2110 1115 3648 1197; baseline 0.009 -30"><span class='ocrx_word' id='word_1_573' title='bbox 2110 1116 2188 1168; x_wconf 79' lang='grc' dir='ltr'><strong>ὅτι</strong></span> <span class='ocrx_word' id='word_1_574' title='bbox 2214 1115 2349 1171; x_wconf 74' lang='grc' dir='ltr'><strong>οὔπω</strong></span> <span class='ocrx_word' id='word_1_575' title='bbox 2385 1118 2435 1172; x_wconf 87' lang='grc' dir='ltr'><strong>ἐν</strong></span> <span class='ocrx_word' id='word_1_576' title='bbox 2459 1124 2531 1191; x_wconf 81' lang='grc' dir='ltr'><strong>τῷ</strong></span> <span class='ocrx_word' id='word_1_577' title='bbox 2547 1120 2692 1192; x_wconf 81' lang='grc' dir='ltr'><strong>δήμῳ</strong></span> <span class='ocrx_word' id='word_1_578' title='bbox 2720 1119 3124 1192; x_wconf 75' lang='grc' dir='ltr'><strong>ἀπεπρέσὸευσαν.</strong></span> <span class='ocrx_word' id='word_1_579' title='bbox 3212 1121 3270 1175; x_wconf 87' lang='grc' dir='ltr'><strong>Ὅ</strong></span> <span class='ocrx_word' id='word_1_580' title='bbox 3295 1124 3347 1177; x_wconf 84' lang='grc' dir='ltr'><strong>δὲ</strong></span> <span class='ocrx_word' id='word_1_581' title='bbox 3373 1126 3460 1192; x_wconf 76' lang='grc' dir='ltr'><strong>τήν</strong></span> <span class='ocrx_word' id='word_1_582' title='bbox 3486 1126 3648 1197; x_wconf 61' lang='lat' dir='ltr'><strong>{ar-kp&amp;-</strong></span> 
     </span>
    </p>
   </div>
   <div class='ocr_carea' id='block_1_5' title="bbox 2105 1196 3644 1329">
    <p class='ocr_par' dir='ltr' id='par_1_13' title="bbox 2105 1196 3644 1329">
     <span class='ocr_line' id='line_1_71' title="bbox 2105 1196 3644 1329; baseline 0.007 -81"><span class='ocrx_word' id='word_1_583' title='bbox 2105 1197 2298 1329; x_wconf 45' lang='lat'><strong>{⁸2:5³⁵</strong></span> <span class='ocrx_word' id='word_1_584' title='bbox 2353 1198 2411 1253; x_wconf 83' lang='grc' dir='ltr'><strong>τδ</strong></span> <span class='ocrx_word' id='word_1_585' title='bbox 2461 1196 2528 1271; x_wconf 79' lang='grc' dir='ltr'><strong>μὴ</strong></span> <span class='ocrx_word' id='word_1_586' title='bbox 2583 1200 2808 1270; x_wconf 83' lang='grc' dir='ltr'><strong>γενέσθαι</strong></span> <span class='ocrx_word' id='word_1_587' title='bbox 2860 1198 2982 1271; x_wconf 74' lang='grc' dir='ltr'><strong>μηδὲ</strong></span> <span class='ocrx_word' id='word_1_588' title='bbox 3042 1198 3236 1253; x_wconf 77' lang='grc' dir='ltr'><strong>ἔσεσθαι</strong></span> <span class='ocrx_word' id='word_1_589' title='bbox 3283 1206 3644 1277; x_wconf 63' lang='grc' dir='ltr'><strong>παραλαμβάνει.</strong></span> 
     </span>
    </p>
   </div>
   <div class='ocr_carea' id='block_1_6' title="bbox 2095 1350 3654 5139">
    <p class='ocr_par' dir='ltr' id='par_1_14' title="bbox 2104 1350 3648 1901">
     <span class='ocr_line' id='line_1_72' title="bbox 2181 1350 3644 1433; baseline 0.005 -23"><span class='ocrx_word' id='word_1_590' title='bbox 2181 1356 2304 1421; x_wconf 79' lang='lat'><strong>850,</strong></span> <span class='ocrx_word' id='word_1_591' title='bbox 2335 1361 2422 1411; x_wconf 78' lang='grc'><strong>26.</strong></span> <span class='ocrx_word' id='word_1_592' title='bbox 2447 1350 2520 1411; x_wconf 71' lang='grc' dir='ltr'><strong>Οὗ</strong></span> <span class='ocrx_word' id='word_1_593' title='bbox 2562 1356 2770 1410; x_wconf 90' lang='grc' dir='ltr'><strong>θάνατον</strong></span> <span class='ocrx_word' id='word_1_594' title='bbox 2811 1362 3272 1429; x_wconf 86' lang='grc' dir='ltr'><strong>κατεχειροτόνησεν</strong></span> <span class='ocrx_word' id='word_1_595' title='bbox 3294 1363 3313 1433; x_wconf 95' lang='grc'><strong>]</strong></span> <span class='ocrx_word' id='word_1_596' title='bbox 3341 1362 3612 1418; x_wconf 73' lang='grc' dir='ltr'><strong>Κατεδίκασε</strong></span> <span class='ocrx_word' id='word_1_597' title='bbox 3629 1405 3644 1429; x_wconf 94' lang='grc'><strong>,</strong></span> 
     </span>
     <span class='ocr_line' id='line_1_73' title="bbox 2109 1434 3646 1514; baseline 0.005 -27"><span class='ocrx_word' id='word_1_598' title='bbox 2109 1436 2404 1505; x_wconf 85' lang='grc' dir='ltr'><strong>κατέκρινεν.</strong></span> <span class='ocrx_word' id='word_1_599' title='bbox 2445 1438 2506 1489; x_wconf 91' lang='grc' dir='ltr'><strong>Ρ.</strong></span> <span class='ocrx_word' id='word_1_600' title='bbox 2567 1434 2840 1503; x_wconf 84' lang='grc' dir='ltr'><strong>Ἐνήλλαξε</strong></span> <span class='ocrx_word' id='word_1_601' title='bbox 2894 1437 2979 1490; x_wconf 76' lang='grc' dir='ltr'><strong>τὸν</strong></span> <span class='ocrx_word' id='word_1_602' title='bbox 3025 1440 3228 1509; x_wconf 89' lang='grc' dir='ltr'><strong>χρόνον·</strong></span> <span class='ocrx_word' id='word_1_603' title='bbox 3271 1442 3427 1507; x_wconf 81' lang='grc' dir='ltr'><strong>δῆλον</strong></span> <span class='ocrx_word' id='word_1_604' title='bbox 3469 1443 3558 1514; x_wconf 77' lang='grc' dir='ltr'><strong>γὰρ</strong></span> <span class='ocrx_word' id='word_1_605' title='bbox 3594 1446 3646 1503; x_wconf 74' lang='grc' dir='ltr'><strong>ὥς</strong></span> 
     </span>
     <span class='ocr_line' id='line_1_74' title="bbox 2109 1509 3645 1593; baseline 0.007 -28"><span class='ocrx_word' id='word_1_606' title='bbox 2109 1509 2292 1579; x_wconf 86' lang='grc' dir='ltr'><strong>ἐκλήθη</strong></span> <span class='ocrx_word' id='word_1_607' title='bbox 2339 1514 2572 1585; x_wconf 89' lang='grc' dir='ltr'><strong>πρότερον</strong></span> <span class='ocrx_word' id='word_1_608' title='bbox 2590 1554 2605 1578; x_wconf 91' lang='grc'><strong>,</strong></span> <span class='ocrx_word' id='word_1_609' title='bbox 2655 1513 2750 1567; x_wconf 79' lang='grc' dir='ltr'><strong>εἷθ’</strong></span> <span class='ocrx_word' id='word_1_610' title='bbox 2797 1514 2998 1586; x_wconf 72' lang='grc' dir='ltr'><strong>ὕστερον</strong></span> <span class='ocrx_word' id='word_1_611' title='bbox 3033 1520 3398 1587; x_wconf 78' lang='grc' dir='ltr'><strong>καταγνωσθεὶς</strong></span> <span class='ocrx_word' id='word_1_612' title='bbox 3444 1520 3645 1593; x_wconf 74' lang='grc' dir='ltr'><strong>ἀνῃρέθη.</strong></span> 
     </span>
     <span class='ocr_line' id='line_1_75' title="bbox 2178 1671 3648 1750; baseline 0.005 -26"><span class='ocrx_word' id='word_1_613' title='bbox 2178 1672 2300 1738; x_wconf 92' lang='grc'><strong>351,</strong></span> <span class='ocrx_word' id='word_1_614' title='bbox 2327 1689 2381 1728; x_wconf 85' lang='grc'><strong>2.</strong></span> <span class='ocrx_word' id='word_1_615' title='bbox 2419 1671 2650 1727; x_wconf 85' lang='grc' dir='ltr'><strong>Ἐνταῦθ’</strong></span> <span class='ocrx_word' id='word_1_616' title='bbox 2677 1672 2779 1727; x_wconf 74' lang='grc' dir='ltr'><strong>οὔτ’</strong></span> <span class='ocrx_word' id='word_1_617' title='bbox 2813 1673 3037 1747; x_wconf 72' lang='grc' dir='ltr'><strong>ἔπαινος]</strong></span> <span class='ocrx_word' id='word_1_618' title='bbox 3060 1675 3238 1746; x_wconf 85' lang='grc' dir='ltr'><strong>Τρίτον</strong></span> <span class='ocrx_word' id='word_1_619' title='bbox 3265 1677 3536 1747; x_wconf 74' lang='grc' dir='ltr'><strong>Κεφάλαιον</strong></span> <span class='ocrx_word' id='word_1_620' title='bbox 3558 1678 3648 1750; x_wconf 78' lang='grc' dir='ltr'><strong>περὶ</strong></span> 
     </span>
     <span class='ocr_line' id='line_1_76' title="bbox 2104 1744 3648 1829; baseline 0.006 -27"><span class='ocrx_word' id='word_1_621' title='bbox 2104 1744 2176 1802; x_wconf 80' lang='grc' dir='ltr'><strong>ὧν</strong></span> <span class='ocrx_word' id='word_1_622' title='bbox 2202 1749 2500 1823; x_wconf 85' lang='grc' dir='ltr'><strong>ἀπήγγειλεν</strong></span> <span class='ocrx_word' id='word_1_623' title='bbox 2519 1766 2534 1782; x_wconf 91' lang='grc'><em>·</em></span> <span class='ocrx_word' id='word_1_624' title='bbox 2562 1754 2591 1805; x_wconf 86' lang='grc' dir='ltr'><strong>δ</strong></span> <span class='ocrx_word' id='word_1_625' title='bbox 2617 1757 2702 1818; x_wconf 84' lang='grc' dir='ltr'><strong>τῆς</strong></span> <span class='ocrx_word' id='word_1_626' title='bbox 2727 1759 3118 1824; x_wconf 81' lang='grc' dir='ltr'><strong>προκατασκευῆς</strong></span> <span class='ocrx_word' id='word_1_627' title='bbox 3161 1754 3264 1808; x_wconf 88' lang='grc' dir='ltr'><strong>ἐστι</strong></span> <span class='ocrx_word' id='word_1_628' title='bbox 3303 1763 3494 1826; x_wconf 82' lang='grc' dir='ltr'><strong>πρῶτον</strong></span> <span class='ocrx_word' id='word_1_629' title='bbox 3525 1763 3648 1829; x_wconf 79' lang='grc' dir='ltr'><strong>κεφά.</strong></span> 
     </span>
     <span class='ocr_line' id='line_1_77' title="bbox 2105 1828 3588 1901; baseline 0.007 -20"><span class='ocrx_word' id='word_1_630' title='bbox 2105 1828 2274 1895; x_wconf 89' lang='grc' dir='ltr'><strong>λαιον,</strong></span> <span class='ocrx_word' id='word_1_631' title='bbox 2307 1832 2466 1901; x_wconf 91' lang='grc' dir='ltr'><strong>τρίτον</strong></span> <span class='ocrx_word' id='word_1_632' title='bbox 2499 1831 2550 1884; x_wconf 75' lang='grc' dir='ltr'><strong>δὲ</strong></span> <span class='ocrx_word' id='word_1_633' title='bbox 2571 1835 2656 1898; x_wconf 82' lang='grc' dir='ltr'><strong>τῆς</strong></span> <span class='ocrx_word' id='word_1_634' title='bbox 2679 1836 2979 1899; x_wconf 81' lang='grc' dir='ltr'><strong>κατασκευῆς</strong></span> <span class='ocrx_word' id='word_1_635' title='bbox 3004 1833 3088 1885; x_wconf 79' lang='grc' dir='ltr'><strong>καὶ</strong></span> <span class='ocrx_word' id='word_1_636' title='bbox 3109 1831 3419 1896; x_wconf 81' lang='grc' dir='ltr'><strong>ἀποδείξεως.</strong></span> <span class='ocrx_word' id='word_1_637' title='bbox 3449 1838 3588 1891; x_wconf 81' lang='lat' dir='ltr'><strong>BFY.</strong></span> 
     </span>
    </p>

    <p class='ocr_par' dir='ltr' id='par_1_15' title="bbox 2101 1908 3648 2379">
     <span class='ocr_line' id='line_1_78' title="bbox 2179 1908 3647 1987; baseline 0.005 -26"><span class='ocrx_word' id='word_1_638' title='bbox 2179 1908 2302 1973; x_wconf 84' lang='lat'><strong>351,</strong></span> <span class='ocrx_word' id='word_1_639' title='bbox 2331 1910 2381 1962; x_wconf 87' lang='lat'><strong>5.</strong></span> <span class='ocrx_word' id='word_1_640' title='bbox 2409 1910 2476 1962; x_wconf 84' lang='grc' dir='ltr'><strong>Εἰ</strong></span> <span class='ocrx_word' id='word_1_641' title='bbox 2505 1909 2590 1980; x_wconf 76' lang='grc' dir='ltr'><strong>μὲν</strong></span> <span class='ocrx_word' id='word_1_642' title='bbox 2611 1911 2772 1963; x_wconf 91' lang='grc' dir='ltr'><strong>τοίνυν</strong></span> <span class='ocrx_word' id='word_1_643' title='bbox 2801 1911 2982 1981; x_wconf 81' lang='grc' dir='ltr'><strong>ταύτὰ]</strong></span> <span class='ocrx_word' id='word_1_644' title='bbox 3007 1912 3119 1965; x_wconf 87' lang='grc' dir='ltr'><strong>Δύει</strong></span> <span class='ocrx_word' id='word_1_645' title='bbox 3145 1908 3232 1965; x_wconf 65' lang='grc' dir='ltr'><strong>οὖν</strong></span> <span class='ocrx_word' id='word_1_646' title='bbox 3255 1919 3406 1967; x_wconf 83' lang='grc' dir='ltr'><strong>τοῦτο</strong></span> <span class='ocrx_word' id='word_1_647' title='bbox 3427 1918 3647 1987; x_wconf 77' lang='grc' dir='ltr'><strong>διλημμά-</strong></span> 
     </span>
     <span class='ocr_line' id='line_1_79' title="bbox 2103 1988 3647 2067; baseline 0.008 -28"><span class='ocrx_word' id='word_1_648' title='bbox 2103 2006 2175 2059; x_wconf 82' lang='grc' dir='ltr'><strong>τῳ</strong></span> <span class='ocrx_word' id='word_1_649' title='bbox 2201 1988 2453 2059; x_wconf 87' lang='grc' dir='ltr'><strong>σχήματι,</strong></span> <span class='ocrx_word' id='word_1_650' title='bbox 2479 1992 2585 2055; x_wconf 81' lang='grc' dir='ltr'><strong>ὅτι,</strong></span> <span class='ocrx_word' id='word_1_651' title='bbox 2614 1990 2658 2043; x_wconf 81' lang='grc' dir='ltr'><strong>εἰ</strong></span> <span class='ocrx_word' id='word_1_652' title='bbox 2685 1991 2770 2061; x_wconf 80' lang='grc' dir='ltr'><strong>μὲν</strong></span> <span class='ocrx_word' id='word_1_653' title='bbox 2797 1994 2973 2053; x_wconf 82' lang='grc' dir='ltr'><strong>πάντες</strong></span> <span class='ocrx_word' id='word_1_654' title='bbox 3005 1992 3052 2043; x_wconf 75' lang='grc' dir='ltr'><strong>οἱ</strong></span> <span class='ocrx_word' id='word_1_655' title='bbox 3083 1993 3300 2062; x_wconf 76' lang='grc' dir='ltr'><strong>πρέσὸεις</strong></span> <span class='ocrx_word' id='word_1_656' title='bbox 3341 1996 3494 2049; x_wconf 74' lang='grc' dir='ltr'><strong>ταῦτὰ</strong></span> <span class='ocrx_word' id='word_1_657' title='bbox 3533 1997 3647 2067; x_wconf 81' lang='grc' dir='ltr'><strong>ἐπρε·</strong></span> 
     </span>
     <span class='ocr_line' id='line_1_80' title="bbox 2103 2067 3646 2143; baseline 0.008 -25"><span class='ocrx_word' id='word_1_658' title='bbox 2103 2067 2340 2137; x_wconf 86' lang='grc' dir='ltr'><strong>σ6εύομεν</strong></span> <span class='ocrx_word' id='word_1_659' title='bbox 2359 2106 2376 2134; x_wconf 91' lang='grc'><strong>,</strong></span> <span class='ocrx_word' id='word_1_660' title='bbox 2403 2070 2430 2121; x_wconf 80' lang='grc'><strong>8</strong></span> <span class='ocrx_word' id='word_1_661' title='bbox 2461 2068 2590 2123; x_wconf 85' lang='grc' dir='ltr'><strong>ἐστιν</strong></span> <span class='ocrx_word' id='word_1_662' title='bbox 2615 2068 2659 2123; x_wconf 89' lang='grc' dir='ltr'><strong>εἰ</strong></span> <span class='ocrx_word' id='word_1_663' title='bbox 2679 2072 2854 2133; x_wconf 83' lang='grc' dir='ltr'><strong>πάντες</strong></span> <span class='ocrx_word' id='word_1_664' title='bbox 2883 2070 3150 2143; x_wconf 85' lang='grc' dir='ltr'><strong>ἐγενόμεθα</strong></span> <span class='ocrx_word' id='word_1_665' title='bbox 3187 2076 3428 2143; x_wconf 84' lang='grc' dir='ltr'><strong>προδόται</strong></span> <span class='ocrx_word' id='word_1_666' title='bbox 3445 2116 3462 2141; x_wconf 93' lang='grc'><strong>,</strong></span> <span class='ocrx_word' id='word_1_667' title='bbox 3483 2078 3646 2133; x_wconf 71' lang='grc' dir='ltr'><strong>δικαίως</strong></span> 
     </span>
     <span class='ocr_line' id='line_1_81' title="bbox 2104 2146 3648 2223; baseline 0.007 -26"><span class='ocrx_word' id='word_1_668' title='bbox 2104 2146 2163 2199; x_wconf 75' lang='grc' dir='ltr'><strong>ἀν</strong></span> <span class='ocrx_word' id='word_1_669' title='bbox 2193 2148 2366 2210; x_wconf 83' lang='grc' dir='ltr'><strong>πάντες</strong></span> <span class='ocrx_word' id='word_1_670' title='bbox 2401 2146 2488 2201; x_wconf 79' lang='grc' dir='ltr'><strong>ούκ</strong></span> <span class='ocrx_word' id='word_1_671' title='bbox 2514 2148 2812 2220; x_wconf 83' lang='grc' dir='ltr'><strong>ἐκλήθημεν·</strong></span> <span class='ocrx_word' id='word_1_672' title='bbox 2847 2150 2890 2204; x_wconf 90' lang='grc' dir='ltr'><strong>εἰ</strong></span> <span class='ocrx_word' id='word_1_673' title='bbox 2916 2150 2969 2204; x_wconf 72' lang='grc' dir='ltr'><strong>δὲ</strong></span> <span class='ocrx_word' id='word_1_674' title='bbox 3002 2152 3050 2204; x_wconf 77' lang='grc' dir='ltr'><strong>οἱ</strong></span> <span class='ocrx_word' id='word_1_675' title='bbox 3094 2152 3181 2223; x_wconf 81' lang='grc' dir='ltr'><strong>μὲν</strong></span> <span class='ocrx_word' id='word_1_676' title='bbox 3216 2152 3360 2223; x_wconf 74' lang='grc' dir='ltr'><strong>ἡμῶν</strong></span> <span class='ocrx_word' id='word_1_677' title='bbox 3407 2156 3474 2209; x_wconf 74' lang='grc' dir='ltr'><strong>τὰ</strong></span> <span class='ocrx_word' id='word_1_678' title='bbox 3509 2158 3648 2208; x_wconf 58' lang='lat' dir='ltr'><strong>&amp;han</strong></span> 
     </span>
     <span class='ocr_line' id='line_1_82' title="bbox 2105 2224 3646 2305; baseline 0.008 -28"><span class='ocrx_word' id='word_1_679' title='bbox 2105 2224 2339 2295; x_wconf 76' lang='grc' dir='ltr'><strong>ἔπραττον</strong></span> <span class='ocrx_word' id='word_1_680' title='bbox 2355 2264 2372 2291; x_wconf 95' lang='grc'><strong>,</strong></span> <span class='ocrx_word' id='word_1_681' title='bbox 2405 2228 2454 2281; x_wconf 87' lang='grc' dir='ltr'><strong>οί</strong></span> <span class='ocrx_word' id='word_1_682' title='bbox 2489 2228 2540 2281; x_wconf 73' lang='grc' dir='ltr'><strong>δὲ</strong></span> <span class='ocrx_word' id='word_1_683' title='bbox 2563 2230 2980 2300; x_wconf 75' lang='grc' dir='ltr'><strong>παρεπρέσὸευσαν</strong></span> <span class='ocrx_word' id='word_1_684' title='bbox 3001 2268 3017 2296; x_wconf 94' lang='grc'><strong>,</strong></span> <span class='ocrx_word' id='word_1_685' title='bbox 3057 2230 3140 2283; x_wconf 76' lang='grc' dir='ltr'><strong>διὰ</strong></span> <span class='ocrx_word' id='word_1_686' title='bbox 3173 2233 3285 2295; x_wconf 66' lang='grc' dir='ltr'><strong>τους</strong></span> <span class='ocrx_word' id='word_1_687' title='bbox 3311 2236 3646 2305; x_wconf 53' lang='lat' dir='ltr'><strong>melfis&amp;-</strong></span> 
     </span>
     <span class='ocr_line' id='line_1_83' title="bbox 2101 2306 3517 2379; baseline 0.009 -24"><span class='ocrx_word' id='word_1_688' title='bbox 2101 2320 2279 2365; x_wconf 87' lang='grc' dir='ltr'><strong>σαντας</strong></span> <span class='ocrx_word' id='word_1_689' title='bbox 2302 2306 2474 2373; x_wconf 78' lang='grc' dir='ltr'><strong>συνέὸη</strong></span> <span class='ocrx_word' id='word_1_690' title='bbox 2500 2306 2582 2359; x_wconf 78' lang='grc' dir='ltr'><strong>καὶ</strong></span> <span class='ocrx_word' id='word_1_691' title='bbox 2601 2308 2714 2370; x_wconf 66' lang='grc' dir='ltr'><strong>τοὺς</strong></span> <span class='ocrx_word' id='word_1_692' title='bbox 2733 2307 2914 2369; x_wconf 83' lang='grc' dir='ltr'><strong>ἀλλους</strong></span> <span class='ocrx_word' id='word_1_693' title='bbox 2943 2308 3010 2379; x_wconf 75' lang='grc' dir='ltr'><strong>μὴ</strong></span> <span class='ocrx_word' id='word_1_694' title='bbox 3037 2308 3300 2377; x_wconf 82' lang='grc' dir='ltr'><strong>κληθῆναι.</strong></span> <span class='ocrx_word' id='word_1_695' title='bbox 3323 2316 3517 2367; x_wconf 79' lang='grc' dir='ltr'><strong>Α-Υ.</strong></span> 
     </span>
    </p>

    <p class='ocr_par' dir='ltr' id='par_1_16' title="bbox 2171 2384 2675 2458">
     <span class='ocr_line' id='line_1_84' title="bbox 2171 2384 2675 2458; baseline 0.006 -20"><span class='ocrx_word' id='word_1_696' title='bbox 2171 2384 2349 2458; x_wconf 71' lang='grc' dir='ltr'><strong>Δεινᾶ]</strong></span> <span class='ocrx_word' id='word_1_697' title='bbox 2379 2387 2583 2458; x_wconf 81' lang='grc' dir='ltr'><strong>φοὸερά.</strong></span> <span class='ocrx_word' id='word_1_698' title='bbox 2615 2391 2675 2442; x_wconf 90' lang='grc' dir='ltr'><strong>Ρ.</strong></span> 
     </span>
    </p>

    <p class='ocr_par' dir='ltr' id='par_1_17' title="bbox 2171 2462 3432 2542">
     <span class='ocr_line' id='line_1_85' title="bbox 2171 2462 3432 2542; baseline 0.009 -28"><span class='ocrx_word' id='word_1_699' title='bbox 2171 2462 2604 2539; x_wconf 81' lang='grc' dir='ltr'><strong>Διακρουσαμένῳ]</strong></span> <span class='ocrx_word' id='word_1_700' title='bbox 2631 2466 2916 2538; x_wconf 80' lang='grc' dir='ltr'><strong>ἐκφυγόντι,</strong></span> <span class='ocrx_word' id='word_1_701' title='bbox 2945 2466 3360 2542; x_wconf 56' lang='grc' dir='ltr'><strong>ἀποπεμψαμένα».</strong></span> <span class='ocrx_word' id='word_1_702' title='bbox 3385 2473 3432 2525; x_wconf 88' lang='lat' dir='ltr'><strong>P</strong></span> 
     </span>
    </p>

    <p class='ocr_par' dir='ltr' id='par_1_18' title="bbox 2173 2542 3431 2617">
     <span class='ocr_line' id='line_1_86' title="bbox 2173 2542 3431 2617; baseline 0.007 -23"><span class='ocrx_word' id='word_1_703' title='bbox 2173 2542 2297 2608; x_wconf 85' lang='grc'><strong>351,</strong></span> <span class='ocrx_word' id='word_1_704' title='bbox 2325 2561 2411 2614; x_wconf 86' lang='lat'><strong>19.</strong></span> <span class='ocrx_word' id='word_1_705' title='bbox 2438 2544 2634 2598; x_wconf 85' lang='grc' dir='ltr'><strong>Τούτων</strong></span> <span class='ocrx_word' id='word_1_706' title='bbox 2651 2545 2738 2617; x_wconf 72' lang='grc' dir='ltr'><strong>δὲ]</strong></span> <span class='ocrx_word' id='word_1_707' title='bbox 2759 2549 2868 2609; x_wconf 83' lang='grc' dir='ltr'><strong>ἦτοι</strong></span> <span class='ocrx_word' id='word_1_708' title='bbox 2897 2546 2958 2599; x_wconf 68' lang='grc' dir='ltr'><strong>τὸ</strong></span> <span class='ocrx_word' id='word_1_709' title='bbox 2977 2544 3044 2617; x_wconf 76' lang='grc' dir='ltr'><strong>μὴ</strong></span> <span class='ocrx_word' id='word_1_710' title='bbox 3069 2547 3332 2613; x_wconf 83' lang='grc' dir='ltr'><strong>κληθῆναι.</strong></span> <span class='ocrx_word' id='word_1_711' title='bbox 3361 2552 3431 2603; x_wconf 77' lang='lat' dir='ltr'><strong>R.</strong></span> 
     </span>
    </p>

    <p class='ocr_par' dir='ltr' id='par_1_19' title="bbox 2098 2620 3654 2853">
     <span class='ocr_line' id='line_1_87' title="bbox 2173 2620 3652 2697; baseline 0.003 -23"><span class='ocrx_word' id='word_1_712' title='bbox 2173 2620 2296 2687; x_wconf 87' lang='grc'><strong>351,</strong></span> <span class='ocrx_word' id='word_1_713' title='bbox 2327 2640 2416 2677; x_wconf 81' lang='grc'><strong>20.</strong></span> <span class='ocrx_word' id='word_1_714' title='bbox 2453 2622 2511 2676; x_wconf 81' lang='lat' dir='ltr'><strong>‘fl</strong></span> <span class='ocrx_word' id='word_1_715' title='bbox 2552 2624 2638 2696; x_wconf 79' lang='grc' dir='ltr'><strong>μὲν</strong></span> <span class='ocrx_word' id='word_1_716' title='bbox 2669 2620 2756 2677; x_wconf 75' lang='grc' dir='ltr'><strong>ούν</strong></span> <span class='ocrx_word' id='word_1_717' title='bbox 2788 2623 2940 2695; x_wconf 78' lang='grc' dir='ltr'><strong>βουλὴ</strong></span> <span class='ocrx_word' id='word_1_718' title='bbox 2959 2627 3144 2695; x_wconf 85' lang='grc' dir='ltr'><strong>ταῦτα]</strong></span> <span class='ocrx_word' id='word_1_719' title='bbox 3185 2624 3444 2679; x_wconf 84' lang='grc' dir='ltr'><strong>Ἐντεῦθεν</strong></span> <span class='ocrx_word' id='word_1_720' title='bbox 3469 2628 3652 2697; x_wconf 74' lang='grc' dir='ltr'><strong>ἄρχεται</strong></span> 
     </span>
     <span class='ocr_line' id='line_1_88' title="bbox 2098 2702 3654 2777; baseline 0.007 -26"><span class='ocrx_word' id='word_1_721' title='bbox 2098 2704 2198 2753; x_wconf 88' lang='grc' dir='ltr'><strong>τῶν</strong></span> <span class='ocrx_word' id='word_1_722' title='bbox 2227 2702 2445 2771; x_wconf 87' lang='grc' dir='ltr'><strong>σημείων</strong></span> <span class='ocrx_word' id='word_1_723' title='bbox 2461 2743 2476 2768; x_wconf 93' lang='grc'><strong>,</strong></span> <span class='ocrx_word' id='word_1_724' title='bbox 2517 2704 2635 2772; x_wconf 75' lang='grc' dir='ltr'><strong>ὅπερ</strong></span> <span class='ocrx_word' id='word_1_725' title='bbox 2675 2704 2940 2775; x_wconf 85' lang='grc' dir='ltr'><strong>κεφάλαιον</strong></span> <span class='ocrx_word' id='word_1_726' title='bbox 2983 2704 3239 2770; x_wconf 78' lang='grc' dir='ltr'><strong>καλεῖται,</strong></span> <span class='ocrx_word' id='word_1_727' title='bbox 3293 2706 3358 2759; x_wconf 76' lang='grc' dir='ltr'><strong>τὰ</strong></span> <span class='ocrx_word' id='word_1_728' title='bbox 3399 2706 3485 2761; x_wconf 81' lang='grc' dir='ltr'><strong>ἀπ’</strong></span> <span class='ocrx_word' id='word_1_729' title='bbox 3521 2706 3654 2777; x_wconf 72' lang='grc' dir='ltr'><strong>ἀρχῆς</strong></span> 
     </span>
     <span class='ocr_line' id='line_1_89' title="bbox 2099 2782 2814 2853; baseline 0.004 -18"><span class='ocrx_word' id='word_1_730' title='bbox 2099 2783 2216 2853; x_wconf 82' lang='grc' dir='ltr'><strong>ἀχρι</strong></span> <span class='ocrx_word' id='word_1_731' title='bbox 2242 2782 2425 2844; x_wconf 88' lang='grc' dir='ltr'><strong>τέλους.</strong></span> <span class='ocrx_word' id='word_1_732' title='bbox 2461 2784 2814 2839; x_wconf 75' lang='grc' dir='ltr'><strong>ΑΟΒΟΒΤΥ.</strong></span> 
     </span>
    </p>

    <p class='ocr_par' dir='ltr' id='par_1_20' title="bbox 2099 2859 3648 3169">
     <span class='ocr_line' id='line_1_90' title="bbox 2171 2859 3648 2935; baseline 0.005 -22"><span class='ocrx_word' id='word_1_733' title='bbox 2171 2862 2294 2925; x_wconf 83' lang='grc'><strong>352,</strong></span> <span class='ocrx_word' id='word_1_734' title='bbox 2332 2878 2378 2914; x_wconf 83' lang='lat'><strong>1.</strong></span> <span class='ocrx_word' id='word_1_735' title='bbox 2419 2860 2654 2924; x_wconf 81' lang='grc' dir='ltr'><strong>Ἀναστὰς</strong></span> <span class='ocrx_word' id='word_1_736' title='bbox 2691 2862 2736 2914; x_wconf 86' lang='grc' dir='ltr'><strong>δ’</strong></span> <span class='ocrx_word' id='word_1_737' title='bbox 2765 2860 2906 2922; x_wconf 74' lang='grc' dir='ltr'><strong>οὗτος</strong></span> <span class='ocrx_word' id='word_1_738' title='bbox 2949 2859 3282 2935; x_wconf 79' lang='grc' dir='ltr'><strong>ἐδημηγόρει]</strong></span> <span class='ocrx_word' id='word_1_739' title='bbox 3312 2864 3410 2917; x_wconf 87' lang='grc' dir='ltr'><strong>Δύο</strong></span> <span class='ocrx_word' id='word_1_740' title='bbox 3459 2866 3554 2927; x_wconf 79' lang='grc' dir='ltr'><strong>θεὶς</strong></span> <span class='ocrx_word' id='word_1_741' title='bbox 3577 2865 3648 2919; x_wconf 77' lang='grc' dir='ltr'><strong>ἀπ’</strong></span> 
     </span>
     <span class='ocr_line' id='line_1_91' title="bbox 2099 2938 3648 3014; baseline 0.003 -23"><span class='ocrx_word' id='word_1_742' title='bbox 2099 2938 2256 3011; x_wconf 87' lang='grc' dir='ltr'><strong>ἀρχῆς</strong></span> <span class='ocrx_word' id='word_1_743' title='bbox 2281 2940 2396 3010; x_wconf 78' lang='grc' dir='ltr'><strong>ἄχρι</strong></span> <span class='ocrx_word' id='word_1_744' title='bbox 2421 2940 2604 3005; x_wconf 84' lang='grc' dir='ltr'><strong>τέλους,</strong></span> <span class='ocrx_word' id='word_1_745' title='bbox 2635 2942 2722 2993; x_wconf 90' lang='grc' dir='ltr'><strong>τόν</strong></span> <span class='ocrx_word' id='word_1_746' title='bbox 2743 2959 2796 2994; x_wconf 86' lang='grc' dir='ltr'><strong>τε</strong></span> <span class='ocrx_word' id='word_1_747' title='bbox 2823 2942 3027 3011; x_wconf 89' lang='grc' dir='ltr'><strong>χρόνον,</strong></span> <span class='ocrx_word' id='word_1_748' title='bbox 3053 2944 3135 2994; x_wconf 78' lang='grc' dir='ltr'><strong>καὶ</strong></span> <span class='ocrx_word' id='word_1_749' title='bbox 3163 2943 3276 3003; x_wconf 61' lang='grc' dir='ltr'><strong>τοὺς</strong></span> <span class='ocrx_word' id='word_1_750' title='bbox 3291 2944 3474 3014; x_wconf 85' lang='grc' dir='ltr'><strong>λόγους</strong></span> <span class='ocrx_word' id='word_1_751' title='bbox 3493 2944 3648 3014; x_wconf 83' lang='grc' dir='ltr'><strong>Αἰσχί-</strong></span> 
     </span>
     <span class='ocr_line' id='line_1_92' title="bbox 2099 3016 3648 3092; baseline 0.004 -23"><span class='ocrx_word' id='word_1_752' title='bbox 2099 3037 2203 3082; x_wconf 89' lang='grc' dir='ltr'><strong>νου,</strong></span> <span class='ocrx_word' id='word_1_753' title='bbox 2226 3016 2501 3089; x_wconf 88' lang='grc' dir='ltr'><strong>ἀναγκαίως</strong></span> <span class='ocrx_word' id='word_1_754' title='bbox 2523 3019 2606 3071; x_wconf 74' lang='grc' dir='ltr'>καὶ</span> <span class='ocrx_word' id='word_1_755' title='bbox 2627 3024 2808 3090; x_wconf 85' lang='grc' dir='ltr'><strong>χρῶμα</strong></span> <span class='ocrx_word' id='word_1_756' title='bbox 2827 3018 3093 3089; x_wconf 85' lang='grc' dir='ltr'><strong>ἐπήγαγεν·</strong></span> <span class='ocrx_word' id='word_1_757' title='bbox 3127 3019 3316 3092; x_wconf 75' lang='grc' dir='ltr'><strong>ἑκάστῳ</strong></span> <span class='ocrx_word' id='word_1_758' title='bbox 3338 3021 3436 3091; x_wconf 80' lang='grc' dir='ltr'><strong>γὰρ</strong></span> <span class='ocrx_word' id='word_1_759' title='bbox 3459 3028 3554 3075; x_wconf 84' lang='grc' dir='ltr'><strong>τῶν</strong></span> <span class='ocrx_word' id='word_1_760' title='bbox 3575 3022 3648 3075; x_wconf 67' lang='grc' dir='ltr'><strong>ἀπ’</strong></span> 
     </span>
     <span class='ocr_line' id='line_1_93' title="bbox 2099 3094 3501 3169; baseline 0.007 -22"><span class='ocrx_word' id='word_1_761' title='bbox 2099 3094 2255 3167; x_wconf 82' lang='grc' dir='ltr'><strong>ἀρχῆς</strong></span> <span class='ocrx_word' id='word_1_762' title='bbox 2273 3098 2389 3168; x_wconf 75' lang='grc' dir='ltr'><strong>ἄχρι</strong></span> <span class='ocrx_word' id='word_1_763' title='bbox 2419 3098 2585 3160; x_wconf 82' lang='grc' dir='ltr'><strong>τέλους</strong></span> <span class='ocrx_word' id='word_1_764' title='bbox 2616 3097 2878 3153; x_wconf 84' lang='grc' dir='ltr'><strong>ἀποδοτέον</strong></span> <span class='ocrx_word' id='word_1_765' title='bbox 2902 3104 3099 3169; x_wconf 82' lang='grc' dir='ltr'><strong>χρῶμα.</strong></span> <span class='ocrx_word' id='word_1_766' title='bbox 3127 3099 3501 3158; x_wconf 75' lang='lat' dir='ltr'><strong>BFRSYTCV.</strong></span> 
     </span>
    </p>

    <p class='ocr_par' dir='ltr' id='par_1_21' title="bbox 2095 3173 3650 3472">
     <span class='ocr_line' id='line_1_94' title="bbox 2172 3173 3644 3249; baseline 0.003 -21"><span class='ocrx_word' id='word_1_767' title='bbox 2172 3176 2294 3240; x_wconf 85' lang='grc'><strong>352,</strong></span> <span class='ocrx_word' id='word_1_768' title='bbox 2326 3181 2377 3240; x_wconf 68' lang='grc' dir='ltr'><strong>ί..</strong></span> <span class='ocrx_word' id='word_1_769' title='bbox 2421 3175 2883 3249; x_wconf 86' lang='grc' dir='ltr'><strong>Ἐπικεκηρυχέναι]</strong></span> <span class='ocrx_word' id='word_1_770' title='bbox 2917 3173 3096 3230; x_wconf 85' lang='grc' dir='ltr'><strong>Ὁπότε</strong></span> <span class='ocrx_word' id='word_1_771' title='bbox 3123 3178 3354 3248; x_wconf 88' lang='grc' dir='ltr'><strong>βούλοιτο</strong></span> <span class='ocrx_word' id='word_1_772' title='bbox 3387 3181 3644 3246; x_wconf 47' lang='lat' dir='ltr'><strong>numaga</strong></span> 
     </span>
     <span class='ocr_line' id='line_1_95' title="bbox 2097 3253 3648 3327; baseline 0.005 -22"><span class='ocrx_word' id='word_1_773' title='bbox 2097 3253 2267 3325; x_wconf 71' lang='grc' dir='ltr'><strong>ἅρχων</strong></span> <span class='ocrx_word' id='word_1_774' title='bbox 2285 3293 2300 3320; x_wconf 96' lang='grc'><strong>,</strong></span> <span class='ocrx_word' id='word_1_775' title='bbox 2330 3253 2641 3323; x_wconf 86' lang='grc' dir='ltr'><strong>ἀναιρεθῆναί</strong></span> <span class='ocrx_word' id='word_1_776' title='bbox 2659 3274 2768 3308; x_wconf 89' lang='grc' dir='ltr'><strong>τινα</strong></span> <span class='ocrx_word' id='word_1_777' title='bbox 2803 3262 2901 3309; x_wconf 84' lang='grc' dir='ltr'><strong>τῶν</strong></span> <span class='ocrx_word' id='word_1_778' title='bbox 2926 3254 2994 3327; x_wconf 78' lang='grc' dir='ltr'><strong>μὴ</strong></span> <span class='ocrx_word' id='word_1_779' title='bbox 3019 3258 3175 3309; x_wconf 85' lang='grc' dir='ltr'><strong>ὄντων</strong></span> <span class='ocrx_word' id='word_1_780' title='bbox 3211 3257 3291 3327; x_wconf 77' lang='grc' dir='ltr'><strong>δφ’</strong></span> <span class='ocrx_word' id='word_1_781' title='bbox 3315 3258 3522 3324; x_wconf 67' lang='grc' dir='ltr'><strong>ἑαυτοῖς,</strong></span> <span class='ocrx_word' id='word_1_782' title='bbox 3545 3259 3648 3324; x_wconf 64' lang='lat' dir='ltr'><strong>bni-</strong></span> 
     </span>
     <span class='ocr_line' id='line_1_96' title="bbox 2098 3332 3650 3405; baseline 0.002 -21"><span class='ocrx_word' id='word_1_783' title='bbox 2098 3350 2268 3403; x_wconf 88' lang='grc' dir='ltr'><strong>ρυττον</strong></span> <span class='ocrx_word' id='word_1_784' title='bbox 2309 3334 2482 3385; x_wconf 81' lang='grc' dir='ltr'><strong>δώσειν</strong></span> <span class='ocrx_word' id='word_1_785' title='bbox 2510 3334 2778 3405; x_wconf 87' lang='grc' dir='ltr'><strong>χρήματα,</strong></span> <span class='ocrx_word' id='word_1_786' title='bbox 2808 3332 2858 3387; x_wconf 76' lang='grc' dir='ltr'><strong>εἰ</strong></span> <span class='ocrx_word' id='word_1_787' title='bbox 2890 3352 2962 3396; x_wconf 89' lang='grc' dir='ltr'><strong>τις</strong></span> <span class='ocrx_word' id='word_1_788' title='bbox 2983 3333 3131 3389; x_wconf 76' lang='grc' dir='ltr'><strong>αύτὸν</strong></span> <span class='ocrx_word' id='word_1_789' title='bbox 3172 3334 3374 3403; x_wconf 83' lang='grc' dir='ltr'><strong>ἀνέλοι,</strong></span> <span class='ocrx_word' id='word_1_790' title='bbox 3419 3340 3536 3391; x_wconf 83' lang='grc' dir='ltr'><strong>τόσα</strong></span> <span class='ocrx_word' id='word_1_791' title='bbox 3575 3337 3650 3389; x_wconf 71' lang='grc' dir='ltr'><strong>καὶ</strong></span> 
     </span>
     <span class='ocr_line' id='line_1_97' title="bbox 2095 3414 2633 3472; baseline 0.009 -7"><span class='ocrx_word' id='word_1_792' title='bbox 2095 3414 2239 3472; x_wconf 89' lang='grc' dir='ltr'><strong>τόσα.</strong></span> <span class='ocrx_word' id='word_1_793' title='bbox 2263 3414 2370 3469; x_wconf 84' lang='lat' dir='ltr'><strong>BF.</strong></span> <span class='ocrx_word' id='word_1_794' title='bbox 2627 3464 2633 3469; x_wconf 82' lang='lat'><strong>.</strong></span> 
     </span>
    </p>

    <p class='ocr_par' dir='ltr' id='par_1_22' title="bbox 2167 3490 2826 3563">
     <span class='ocr_line' id='line_1_98' title="bbox 2167 3490 2826 3563; baseline -0.002 -18"><span class='ocrx_word' id='word_1_795' title='bbox 2167 3492 2448 3563; x_wconf 82' lang='grc' dir='ltr'><strong>Παρουσίᾳ]</strong></span> <span class='ocrx_word' id='word_1_796' title='bbox 2475 3490 2731 3562; x_wconf 76' lang='grc' dir='ltr'><strong>ἐπιδημίᾳ.</strong></span> <span class='ocrx_word' id='word_1_797' title='bbox 2764 3491 2826 3545; x_wconf 87' lang='lat' dir='ltr'><strong>P.</strong></span> 
     </span>
    </p>

    <p class='ocr_par' dir='ltr' id='par_1_23' title="bbox 2167 3570 2884 3643">
     <span class='ocr_line' id='line_1_99' title="bbox 2167 3570 2884 3643; baseline 0.001 -20"><span class='ocrx_word' id='word_1_798' title='bbox 2167 3572 2398 3643; x_wconf 87' lang='grc' dir='ltr'><strong>Τούτοις]</strong></span> <span class='ocrx_word' id='word_1_799' title='bbox 2423 3573 2528 3633; x_wconf 78' lang='grc' dir='ltr'><strong>τοῖς</strong></span> <span class='ocrx_word' id='word_1_800' title='bbox 2549 3570 2793 3640; x_wconf 77' lang='grc' dir='ltr'><strong>πρέσὸεσι.</strong></span> <span class='ocrx_word' id='word_1_801' title='bbox 2823 3571 2884 3624; x_wconf 88' lang='grc' dir='ltr'><strong>Ρ.</strong></span> 
     </span>
    </p>

    <p class='ocr_par' dir='ltr' id='par_1_24' title="bbox 2167 3646 3403 3721">
     <span class='ocr_line' id='line_1_100' title="bbox 2167 3646 3403 3721; baseline 0 -18"><span class='ocrx_word' id='word_1_802' title='bbox 2167 3650 2606 3721; x_wconf 84' lang='grc' dir='ltr'><strong>Προηγγελκέναι]</strong></span> <span class='ocrx_word' id='word_1_803' title='bbox 2633 3649 2698 3710; x_wconf 83' lang='grc' dir='ltr'><strong>ὡς</strong></span> <span class='ocrx_word' id='word_1_804' title='bbox 2715 3648 2774 3701; x_wconf 77' lang='grc' dir='ltr'><strong>τὸ</strong></span> <span class='ocrx_word' id='word_1_805' title='bbox 2809 3648 3050 3717; x_wconf 77' lang='grc' dir='ltr'><strong>βοηθῆσαι</strong></span> <span class='ocrx_word' id='word_1_806' title='bbox 3067 3646 3316 3701; x_wconf 83' lang='grc' dir='ltr'><strong>Φωκεῦσι.</strong></span> <span class='ocrx_word' id='word_1_807' title='bbox 3341 3652 3403 3703; x_wconf 89' lang='grc' dir='ltr'><strong>Ρ.</strong></span> 
     </span>
    </p>

    <p class='ocr_par' dir='ltr' id='par_1_25' title="bbox 2095 3726 3646 3957">
     <span class='ocr_line' id='line_1_101' title="bbox 2169 3726 3646 3800; baseline -0.003 -17"><span class='ocrx_word' id='word_1_808' title='bbox 2169 3730 2292 3793; x_wconf 85' lang='grc'><strong>352,</strong></span> <span class='ocrx_word' id='word_1_809' title='bbox 2330 3748 2383 3800; x_wconf 83' lang='grc'><strong>7.</strong></span> <span class='ocrx_word' id='word_1_810' title='bbox 2411 3730 2709 3799; x_wconf 81' lang='grc' dir='ltr'><strong>Πρᾳοτέρους</strong></span> <span class='ocrx_word' id='word_1_811' title='bbox 2739 3728 2965 3798; x_wconf 86' lang='grc' dir='ltr'><strong>γενέσθαι</strong></span> <span class='ocrx_word' id='word_1_812' title='bbox 3003 3728 3166 3795; x_wconf 71' lang='grc' dir='ltr'><strong>τινὸς]</strong></span> <span class='ocrx_word' id='word_1_813' title='bbox 3189 3728 3223 3794; x_wconf 75' lang='grc' dir='ltr'><strong>ἢ</strong></span> <span class='ocrx_word' id='word_1_814' title='bbox 3257 3729 3436 3789; x_wconf 78' lang='grc' dir='ltr'><strong>παντὸς</strong></span> <span class='ocrx_word' id='word_1_815' title='bbox 3469 3726 3646 3798; x_wconf 73' lang='grc' dir='ltr'><strong>ἀνθρώ-</strong></span> 
     </span>
     <span class='ocr_line' id='line_1_102' title="bbox 2095 3806 3646 3879; baseline -0.002 -18"><span class='ocrx_word' id='word_1_816' title='bbox 2095 3826 2188 3861; x_wconf 89' lang='grc' dir='ltr'><strong>που</strong></span> <span class='ocrx_word' id='word_1_817' title='bbox 2219 3807 2444 3877; x_wconf 89' lang='grc' dir='ltr'><strong>βούλεται</strong></span> <span class='ocrx_word' id='word_1_818' title='bbox 2477 3807 2537 3861; x_wconf 75' lang='grc' dir='ltr'><strong>τὸ</strong></span> <span class='ocrx_word' id='word_1_819' title='bbox 2575 3809 2736 3870; x_wconf 90' lang='grc' dir='ltr'><strong>τινός,</strong></span> <span class='ocrx_word' id='word_1_820' title='bbox 2765 3807 2796 3872; x_wconf 80' lang='grc' dir='ltr'>ἢ</span> <span class='ocrx_word' id='word_1_821' title='bbox 2832 3807 2962 3868; x_wconf 91' lang='grc' dir='ltr'><strong>τίνος</strong></span> <span class='ocrx_word' id='word_1_822' title='bbox 2989 3806 3124 3876; x_wconf 84' lang='grc' dir='ltr'><strong>λέγει</strong></span> <span class='ocrx_word' id='word_1_823' title='bbox 3143 3826 3156 3837; x_wconf 87' lang='grc'><em>·</em></span> <span class='ocrx_word' id='word_1_824' title='bbox 3199 3808 3365 3878; x_wconf 83' lang='grc' dir='ltr'><strong>πόρρω</strong></span> <span class='ocrx_word' id='word_1_825' title='bbox 3385 3806 3478 3879; x_wconf 75' lang='grc' dir='ltr'><strong>γὰρ</strong></span> <span class='ocrx_word' id='word_1_826' title='bbox 3499 3806 3646 3877; x_wconf 73' lang='grc' dir='ltr'><strong>είιρεῖν</strong></span> 
     </span>
     <span class='ocr_line' id='line_1_103' title="bbox 2095 3884 3114 3957; baseline 0 -16"><span class='ocrx_word' id='word_1_827' title='bbox 2095 3885 2434 3957; x_wconf 81' lang='grc' dir='ltr'><strong>παραπλήσιον</strong></span> <span class='ocrx_word' id='word_1_828' title='bbox 2463 3884 2528 3947; x_wconf 82' lang='grc' dir='ltr'><strong>εἰς</strong></span> <span class='ocrx_word' id='word_1_829' title='bbox 2544 3886 2926 3957; x_wconf 83' lang='grc' dir='ltr'><strong>φιλανθρωπίαν.</strong></span> <span class='ocrx_word' id='word_1_830' title='bbox 2949 3886 3114 3941; x_wconf 88' lang='grc' dir='ltr'><strong>ΤΟΥ.</strong></span> 
     </span>
    </p>

    <p class='ocr_par' dir='ltr' id='par_1_26' title="bbox 2168 3962 3256 4037">
     <span class='ocr_line' id='line_1_104' title="bbox 2168 3962 3256 4037; baseline 0 -20"><span class='ocrx_word' id='word_1_831' title='bbox 2168 3965 2290 4029; x_wconf 85' lang='lat'><strong>352,</strong></span> <span class='ocrx_word' id='word_1_832' title='bbox 2329 3982 2409 4017; x_wconf 83' lang='grc' dir='ltr'><strong>ιο.</strong></span> <span class='ocrx_word' id='word_1_833' title='bbox 2439 3964 2531 4017; x_wconf 77' lang='grc' dir='ltr'><strong>Καὶ</strong></span> <span class='ocrx_word' id='word_1_834' title='bbox 2559 3965 2681 4035; x_wconf 77' lang='grc' dir='ltr'><strong>μετὰ</strong></span> <span class='ocrx_word' id='word_1_835' title='bbox 2703 3967 2887 4037; x_wconf 83' lang='grc' dir='ltr'><strong>ταῦτα]</strong></span> <span class='ocrx_word' id='word_1_836' title='bbox 2927 3962 2991 4015; x_wconf 83' lang='grc' dir='ltr'><strong>Ἥ</strong></span> <span class='ocrx_word' id='word_1_837' title='bbox 3018 3964 3171 4025; x_wconf 87' lang='grc' dir='ltr'><strong>λύσις.</strong></span> <span class='ocrx_word' id='word_1_838' title='bbox 3197 3964 3256 4017; x_wconf 84' lang='grc'><strong>8.</strong></span> 
     </span>
    </p>

    <p class='ocr_par' dir='ltr' id='par_1_27' title="bbox 2095 4041 3650 4591">
     <span class='ocr_line' id='line_1_105' title="bbox 2169 4041 3650 4115; baseline 0 -20"><span class='ocrx_word' id='word_1_839' title='bbox 2169 4044 2261 4095; x_wconf 67' lang='grc' dir='ltr'><strong>Καὶ</strong></span> <span class='ocrx_word' id='word_1_840' title='bbox 2285 4044 2407 4114; x_wconf 74' lang='grc' dir='ltr'><strong>μετὰ</strong></span> <span class='ocrx_word' id='word_1_841' title='bbox 2431 4048 2583 4098; x_wconf 87' lang='grc' dir='ltr'><strong>ταῦτα</strong></span> <span class='ocrx_word' id='word_1_842' title='bbox 2600 4044 2958 4115; x_wconf 80' lang='grc' dir='ltr'><strong>ἀνεγινώσκετο</strong></span> <span class='ocrx_word' id='word_1_843' title='bbox 2975 4042 3006 4108; x_wconf 76' lang='grc' dir='ltr'><strong>ἡ</strong></span> <span class='ocrx_word' id='word_1_844' title='bbox 3027 4041 3260 4109; x_wconf 83' lang='grc' dir='ltr'><strong>ἐπιστολὴ</strong></span> <span class='ocrx_word' id='word_1_845' title='bbox 3281 4042 3314 4109; x_wconf 82' lang='grc' dir='ltr'>ἡ</span> <span class='ocrx_word' id='word_1_846' title='bbox 3333 4042 3460 4113; x_wconf 76' lang='grc' dir='ltr'><strong>παρὰ</strong></span> <span class='ocrx_word' id='word_1_847' title='bbox 3481 4042 3650 4095; x_wconf 80' lang='grc' dir='ltr'><strong>Φιλίπ-</strong></span> 
     </span>
     <span class='ocr_line' id='line_1_106' title="bbox 2095 4118 3646 4195; baseline -0.003 -18"><span class='ocrx_word' id='word_1_848' title='bbox 2095 4126 2215 4194; x_wconf 87' lang='grc' dir='ltr'><strong>που]</strong></span> <span class='ocrx_word' id='word_1_849' title='bbox 2238 4124 2396 4177; x_wconf 86' lang='grc' dir='ltr'><strong>Τοῦτο</strong></span> <span class='ocrx_word' id='word_1_850' title='bbox 2414 4124 2466 4177; x_wconf 89' lang='grc' dir='ltr'><strong>δέ</strong></span> <span class='ocrx_word' id='word_1_851' title='bbox 2485 4124 2586 4177; x_wconf 85' lang='grc' dir='ltr'><strong>ἐστι</strong></span> <span class='ocrx_word' id='word_1_852' title='bbox 2611 4124 2669 4177; x_wconf 77' lang='grc' dir='ltr'><strong>τὸ</strong></span> <span class='ocrx_word' id='word_1_853' title='bbox 2697 4130 2878 4195; x_wconf 86' lang='grc' dir='ltr'><strong>χρῶμα</strong></span> <span class='ocrx_word' id='word_1_854' title='bbox 2903 4123 2960 4177; x_wconf 76' lang='grc' dir='ltr'><strong>τὸ</strong></span> <span class='ocrx_word' id='word_1_855' title='bbox 2989 4122 3105 4192; x_wconf 66' lang='grc' dir='ltr'><strong>ὑπὲρ</strong></span> <span class='ocrx_word' id='word_1_856' title='bbox 3127 4126 3226 4175; x_wconf 83' lang='grc' dir='ltr'><strong>τῶν</strong></span> <span class='ocrx_word' id='word_1_857' title='bbox 3247 4123 3444 4191; x_wconf 88' lang='grc' dir='ltr'><strong>χρόνων</strong></span> <span class='ocrx_word' id='word_1_858' title='bbox 3461 4121 3508 4175; x_wconf 90' lang='grc' dir='ltr'><strong>ἐν</strong></span> <span class='ocrx_word' id='word_1_859' title='bbox 3528 4118 3598 4183; x_wconf 76' lang='grc' dir='ltr'><strong>οἷς</strong></span> <span class='ocrx_word' id='word_1_860' title='bbox 3617 4122 3646 4174; x_wconf 80' lang='grc' dir='ltr'>ὁ</span> 
     </span>
     <span class='ocr_line' id='line_1_107' title="bbox 2096 4200 3646 4275; baseline -0.002 -19"><span class='ocrx_word' id='word_1_861' title='bbox 2096 4204 2342 4266; x_wconf 85' lang='grc' dir='ltr'><strong>Φίλιππος</strong></span> <span class='ocrx_word' id='word_1_862' title='bbox 2364 4205 2570 4275; x_wconf 79' lang='grc' dir='ltr'><strong>κατέσχε</strong></span> <span class='ocrx_word' id='word_1_863' title='bbox 2597 4204 2682 4266; x_wconf 79' lang='grc' dir='ltr'><strong>τὰς</strong></span> <span class='ocrx_word' id='word_1_864' title='bbox 2701 4204 2864 4267; x_wconf 86' lang='grc' dir='ltr'><strong>Πύλας</strong></span> <span class='ocrx_word' id='word_1_865' title='bbox 2883 4243 2899 4269; x_wconf 93' lang='grc'><strong>,</strong></span> <span class='ocrx_word' id='word_1_866' title='bbox 2943 4203 3028 4257; x_wconf 75' lang='grc' dir='ltr'><strong>καὶ</strong></span> <span class='ocrx_word' id='word_1_867' title='bbox 3053 4203 3227 4255; x_wconf 88' lang='grc' dir='ltr'><strong>τούτου</strong></span> <span class='ocrx_word' id='word_1_868' title='bbox 3251 4204 3450 4273; x_wconf 88' lang='grc' dir='ltr'><strong>γέγονεν</strong></span> <span class='ocrx_word' id='word_1_869' title='bbox 3473 4200 3646 4261; x_wconf 76' lang='grc' dir='ltr'><strong>ἐκεῖνος</strong></span> 
     </span>
     <span class='ocr_line' id='line_1_108' title="bbox 2097 4278 3644 4353; baseline -0.001 -19"><span class='ocrx_word' id='word_1_870' title='bbox 2097 4281 2268 4345; x_wconf 80' lang='grc' dir='ltr'><strong>αἴτιος.</strong></span> <span class='ocrx_word' id='word_1_871' title='bbox 2347 4280 2479 4336; x_wconf 83' lang='grc' dir='ltr'><strong>Εἶτα</strong></span> <span class='ocrx_word' id='word_1_872' title='bbox 2503 4281 2536 4349; x_wconf 76' lang='grc' dir='ltr'><strong>ἢ</strong></span> <span class='ocrx_word' id='word_1_873' title='bbox 2560 4282 2696 4345; x_wconf 88' lang='grc' dir='ltr'><strong>λύσις</strong></span> <span class='ocrx_word' id='word_1_874' title='bbox 2727 4283 2878 4346; x_wconf 86' lang='grc' dir='ltr'><strong>εὗθύς·</strong></span> <span class='ocrx_word' id='word_1_875' title='bbox 2911 4279 3053 4345; x_wconf 74' lang='grc' dir='ltr'><strong>οὗτος</strong></span> <span class='ocrx_word' id='word_1_876' title='bbox 3079 4281 3257 4353; x_wconf 79' lang='grc' dir='ltr'><strong>ἔγραψε</strong></span> <span class='ocrx_word' id='word_1_877' title='bbox 3283 4280 3374 4347; x_wconf 80' lang='grc' dir='ltr'><strong>τὴν</strong></span> <span class='ocrx_word' id='word_1_878' title='bbox 3402 4278 3644 4343; x_wconf 69' lang='grc' dir='ltr'><strong>ἐπιστολὴν</strong></span> 
     </span>
     <span class='ocr_line' id='line_1_109' title="bbox 2099 4356 3643 4433; baseline -0.005 -19"><span class='ocrx_word' id='word_1_879' title='bbox 2099 4360 2409 4433; x_wconf 79' lang='grc' dir='ltr'><strong>ἀπολειφθεὶς</strong></span> <span class='ocrx_word' id='word_1_880' title='bbox 2429 4360 2568 4432; x_wconf 78' lang='grc' dir='ltr'><strong>ἡμῶν</strong></span> <span class='ocrx_word' id='word_1_881' title='bbox 2588 4400 2604 4427; x_wconf 87' lang='grc'><strong>,</strong></span> <span class='ocrx_word' id='word_1_882' title='bbox 2632 4362 2804 4415; x_wconf 74' lang='grc' dir='ltr'><strong>οίοινεὶ</strong></span> <span class='ocrx_word' id='word_1_883' title='bbox 2829 4362 3102 4433; x_wconf 82' lang='grc' dir='ltr'><strong>χωρισθείς·</strong></span> <span class='ocrx_word' id='word_1_884' title='bbox 3127 4362 3243 4431; x_wconf 68' lang='grc' dir='ltr'><strong>πρὸς</strong></span> <span class='ocrx_word' id='word_1_885' title='bbox 3269 4360 3321 4414; x_wconf 78' lang='grc' dir='ltr'><strong>δὲ</strong></span> <span class='ocrx_word' id='word_1_886' title='bbox 3347 4361 3454 4422; x_wconf 68' lang='grc' dir='ltr'><strong>τοὺς</strong></span> <span class='ocrx_word' id='word_1_887' title='bbox 3485 4356 3643 4427; x_wconf 78' lang='grc' dir='ltr'><strong>Αἰσχί-</strong></span> 
     </span>
     <span class='ocr_line' id='line_1_110' title="bbox 2097 4436 3646 4512; baseline -0.003 -19"><span class='ocrx_word' id='word_1_888' title='bbox 2097 4460 2184 4493; x_wconf 93' lang='grc' dir='ltr'><strong>νου</strong></span> <span class='ocrx_word' id='word_1_889' title='bbox 2221 4440 2400 4512; x_wconf 87' lang='grc' dir='ltr'><strong>λόγους</strong></span> <span class='ocrx_word' id='word_1_890' title='bbox 2423 4438 2699 4507; x_wconf 84' lang='grc' dir='ltr'><strong>ἀπήντησεν</strong></span> <span class='ocrx_word' id='word_1_891' title='bbox 2723 4440 2854 4493; x_wconf 76' lang='grc' dir='ltr'><strong>οὔτω</strong></span> <span class='ocrx_word' id='word_1_892' title='bbox 2887 4441 3066 4511; x_wconf 89' lang='grc' dir='ltr'><strong>λέγων·</strong></span> <span class='ocrx_word' id='word_1_893' title='bbox 3106 4440 3352 4501; x_wconf 80' lang='grc' dir='ltr'><strong>Φίλιππος</strong></span> <span class='ocrx_word' id='word_1_894' title='bbox 3379 4438 3464 4492; x_wconf 75' lang='grc' dir='ltr'><strong>οὔκ</strong></span> <span class='ocrx_word' id='word_1_895' title='bbox 3483 4436 3646 4503; x_wconf 76' lang='grc' dir='ltr'><strong>ἐξηπά-</strong></span> 
     </span>
     <span class='ocr_line' id='line_1_111' title="bbox 2097 4520 2868 4591; baseline 0.004 -18"><span class='ocrx_word' id='word_1_896' title='bbox 2097 4539 2240 4588; x_wconf 88' lang='grc' dir='ltr'><strong>τησεν</strong></span> <span class='ocrx_word' id='word_1_897' title='bbox 2255 4561 2270 4583; x_wconf 93' lang='grc'><strong>,</strong></span> <span class='ocrx_word' id='word_1_898' title='bbox 2291 4520 2405 4572; x_wconf 86' lang='grc' dir='ltr'><strong>ἀλλ’</strong></span> <span class='ocrx_word' id='word_1_899' title='bbox 2430 4520 2680 4591; x_wconf 84' lang='grc' dir='ltr'><strong>Αἰσχίνης.</strong></span> <span class='ocrx_word' id='word_1_900' title='bbox 2706 4522 2868 4576; x_wconf 84' lang='grc' dir='ltr'><strong>ΤΟΥ.</strong></span> 
     </span>
    </p>

    <p class='ocr_par' dir='ltr' id='par_1_28' title="bbox 2097 4592 3640 5139">
     <span class='ocr_line' id='line_1_112' title="bbox 2169 4592 3638 4671; baseline -0.003 -19"><span class='ocrx_word' id='word_1_901' title='bbox 2169 4600 2292 4665; x_wconf 86' lang='grc'><strong>352,</strong></span> <span class='ocrx_word' id='word_1_902' title='bbox 2328 4616 2411 4653; x_wconf 78' lang='grc'><strong>11.</strong></span> <span class='ocrx_word' id='word_1_903' title='bbox 2438 4600 2534 4653; x_wconf 72' lang='grc' dir='ltr'><strong>’Ἢν</strong></span> <span class='ocrx_word' id='word_1_904' title='bbox 2555 4594 2698 4663; x_wconf 73' lang='grc' dir='ltr'><strong>οὗτος</strong></span> <span class='ocrx_word' id='word_1_905' title='bbox 2727 4600 2934 4671; x_wconf 80' lang='grc' dir='ltr'><strong>ἔγραψεν</strong></span> <span class='ocrx_word' id='word_1_906' title='bbox 2955 4597 3260 4671; x_wconf 75' lang='grc' dir='ltr'><strong>ἀπολειφθεὶς</strong></span> <span class='ocrx_word' id='word_1_907' title='bbox 3277 4598 3445 4670; x_wconf 70' lang='grc' dir='ltr'><strong>ἡμῶν]</strong></span> <span class='ocrx_word' id='word_1_908' title='bbox 3473 4596 3536 4648; x_wconf 83' lang='grc' dir='ltr'><strong>Τὸ</strong></span> <span class='ocrx_word' id='word_1_909' title='bbox 3557 4592 3638 4665; x_wconf 71' lang='grc' dir='ltr'><strong>μὲν</strong></span> 
     </span>
     <span class='ocr_line' id='line_1_113' title="bbox 2099 4674 3640 4751; baseline -0.003 -20"><span class='ocrx_word' id='word_1_910' title='bbox 2099 4678 2403 4749; x_wconf 74' lang='grc' dir='ltr'><strong>ἀπολειφθεὶς</strong></span> <span class='ocrx_word' id='word_1_911' title='bbox 2439 4678 2580 4749; x_wconf 64' lang='lat' dir='ltr'><strong>{nat-&#39;w</strong></span> <span class='ocrx_word' id='word_1_912' title='bbox 2598 4719 2615 4745; x_wconf 85' lang='lat'><strong>,</strong></span> <span class='ocrx_word' id='word_1_913' title='bbox 2648 4680 2735 4731; x_wconf 80' lang='grc' dir='ltr'><strong>ἵνα</strong></span> <span class='ocrx_word' id='word_1_914' title='bbox 2763 4676 2830 4750; x_wconf 86' lang='grc' dir='ltr'><strong>μὴ</strong></span> <span class='ocrx_word' id='word_1_915' title='bbox 2859 4677 2975 4751; x_wconf 75' lang='grc' dir='ltr'><strong>δόξῃ</strong></span> <span class='ocrx_word' id='word_1_916' title='bbox 3003 4681 3258 4731; x_wconf 75' lang='grc' dir='ltr'><strong>κοινωνεῖν</strong></span> <span class='ocrx_word' id='word_1_917' title='bbox 3285 4684 3383 4731; x_wconf 80' lang='grc' dir='ltr'><strong>τῶν</strong></span> <span class='ocrx_word' id='word_1_918' title='bbox 3416 4674 3640 4746; x_wconf 79' lang='grc' dir='ltr'><strong>πραχθέν-</strong></span> 
     </span>
     <span class='ocr_line' id='line_1_114' title="bbox 2097 4754 3636 4832; baseline -0.001 -20"><span class='ocrx_word' id='word_1_919' title='bbox 2097 4778 2213 4813; x_wconf 90' lang='grc' dir='ltr'><strong>των·</strong></span> <span class='ocrx_word' id='word_1_920' title='bbox 2243 4760 2300 4813; x_wconf 75' lang='grc' dir='ltr'><strong>τδ</strong></span> <span class='ocrx_word' id='word_1_921' title='bbox 2335 4758 2388 4813; x_wconf 73' lang='grc' dir='ltr'><strong>δὲ</strong></span> <span class='ocrx_word' id='word_1_922' title='bbox 2417 4756 2558 4823; x_wconf 66' lang='grc' dir='ltr'><strong>οὗτος</strong></span> <span class='ocrx_word' id='word_1_923' title='bbox 2594 4760 2800 4831; x_wconf 70' lang='grc' dir='ltr'><strong>ἔγραψεν</strong></span> <span class='ocrx_word' id='word_1_924' title='bbox 2819 4800 2835 4826; x_wconf 95' lang='grc'><strong>,</strong></span> <span class='ocrx_word' id='word_1_925' title='bbox 2864 4760 2950 4813; x_wconf 84' lang='grc' dir='ltr'><strong>ἵνα</strong></span> <span class='ocrx_word' id='word_1_926' title='bbox 2981 4758 3048 4832; x_wconf 77' lang='grc' dir='ltr'><strong>μὴ</strong></span> <span class='ocrx_word' id='word_1_927' title='bbox 3069 4759 3147 4814; x_wconf 72' lang='grc' dir='ltr'><strong>ἐπὶ</strong></span> <span class='ocrx_word' id='word_1_928' title='bbox 3168 4759 3417 4814; x_wconf 81' lang='grc' dir='ltr'><strong>Φίλιππον</strong></span> <span class='ocrx_word' id='word_1_929' title='bbox 3443 4758 3533 4829; x_wconf 72' lang='grc' dir='ltr'><strong>ἄγῃ</strong></span> <span class='ocrx_word' id='word_1_930' title='bbox 3553 4754 3636 4819; x_wconf 69' lang='grc' dir='ltr'><strong>τὴν</strong></span> 
     </span>
     <span class='ocr_line' id='line_1_115' title="bbox 2097 4832 3640 4909; baseline -0.001 -18"><span class='ocrx_word' id='word_1_931' title='bbox 2097 4836 2276 4891; x_wconf 83' lang='grc' dir='ltr'><strong>αἰτίαν·</strong></span> <span class='ocrx_word' id='word_1_932' title='bbox 2303 4837 2384 4891; x_wconf 74' lang='grc' dir='ltr'><strong>ἐπὶ</strong></span> <span class='ocrx_word' id='word_1_933' title='bbox 2405 4837 2488 4900; x_wconf 80' lang='grc' dir='ltr'><strong>τὰς</strong></span> <span class='ocrx_word' id='word_1_934' title='bbox 2507 4837 2674 4900; x_wconf 89' lang='grc' dir='ltr'><strong>πόλεις</strong></span> <span class='ocrx_word' id='word_1_935' title='bbox 2695 4837 2777 4903; x_wconf 77' lang='grc' dir='ltr'><strong>δέ,</strong></span> <span class='ocrx_word' id='word_1_936' title='bbox 2801 4838 2890 4889; x_wconf 82' lang='grc' dir='ltr'><strong>ἵνα</strong></span> <span class='ocrx_word' id='word_1_937' title='bbox 2915 4837 3002 4900; x_wconf 74' lang='grc' dir='ltr'><strong>τὰς</strong></span> <span class='ocrx_word' id='word_1_938' title='bbox 3042 4836 3356 4909; x_wconf 71' lang='grc' dir='ltr'><strong>συμμαχικὰς</strong></span> <span class='ocrx_word' id='word_1_939' title='bbox 3391 4835 3556 4903; x_wconf 77' lang='grc' dir='ltr'><strong>δηλοῖ,</strong></span> <span class='ocrx_word' id='word_1_940' title='bbox 3587 4832 3640 4889; x_wconf 71' lang='grc' dir='ltr'><strong>ἃς</strong></span> 
     </span>
     <span class='ocr_line' id='line_1_116' title="bbox 2099 4906 3634 4987; baseline -0.001 -18"><span class='ocrx_word' id='word_1_941' title='bbox 2099 4916 2182 4969; x_wconf 76' lang='grc' dir='ltr'><strong>καὶ</strong></span> <span class='ocrx_word' id='word_1_942' title='bbox 2210 4916 2384 4987; x_wconf 81' lang='grc' dir='ltr'><strong>ὁρκοῦν</strong></span> <span class='ocrx_word' id='word_1_943' title='bbox 2415 4916 2528 4969; x_wconf 78' lang='grc' dir='ltr'><strong>ἔδει·</strong></span> <span class='ocrx_word' id='word_1_944' title='bbox 2560 4916 2647 4969; x_wconf 77' lang='grc' dir='ltr'><strong>οὒκ</strong></span> <span class='ocrx_word' id='word_1_945' title='bbox 2675 4914 2772 4969; x_wconf 79' lang='grc' dir='ltr'><strong>ἀπο</strong></span> <span class='ocrx_word' id='word_1_946' title='bbox 2807 4915 3116 4986; x_wconf 80' lang='grc' dir='ltr'><strong>ταῦτομάτου</strong></span> <span class='ocrx_word' id='word_1_947' title='bbox 3154 4914 3240 4981; x_wconf 72' lang='grc' dir='ltr'><strong>δέ,</strong></span> <span class='ocrx_word' id='word_1_948' title='bbox 3279 4916 3366 4967; x_wconf 76' lang='grc' dir='ltr'><strong>ἵνα</strong></span> <span class='ocrx_word' id='word_1_949' title='bbox 3401 4912 3522 4985; x_wconf 76' lang='grc' dir='ltr'><strong>δείξῃ</strong></span> <span class='ocrx_word' id='word_1_950' title='bbox 3553 4906 3634 4974; x_wconf 61' lang='grc' dir='ltr'><strong>τὴν</strong></span> 
     </span>
     <span class='ocr_line' id='line_1_117' title="bbox 2099 4992 3638 5071; baseline -0.003 -20"><span class='ocrx_word' id='word_1_951' title='bbox 2099 5000 2424 5070; x_wconf 87' lang='grc' dir='ltr'><strong>κακουργίαν,</strong></span> <span class='ocrx_word' id='word_1_952' title='bbox 2461 5000 2540 5053; x_wconf 78' lang='grc' dir='ltr'><strong>δτι</strong></span> <span class='ocrx_word' id='word_1_953' title='bbox 2573 4998 2856 5071; x_wconf 80' lang='grc' dir='ltr'><strong>ἐμερίσαντο</strong></span> <span class='ocrx_word' id='word_1_954' title='bbox 2889 4996 2979 5065; x_wconf 75' lang='grc' dir='ltr'><strong>τὴν</strong></span> <span class='ocrx_word' id='word_1_955' title='bbox 3007 4995 3270 5065; x_wconf 75' lang='grc' dir='ltr'><strong>ἐπιδουλὴν</strong></span> <span class='ocrx_word' id='word_1_956' title='bbox 3309 4997 3530 5069; x_wconf 82' lang='grc' dir='ltr'><strong>Αἰσχίνης</strong></span> <span class='ocrx_word' id='word_1_957' title='bbox 3563 4992 3638 5046; x_wconf 78' lang='grc' dir='ltr'><strong>καὶ</strong></span> 
     </span>
     <span class='ocr_line' id='line_1_118' title="bbox 2100 5078 2562 5139; baseline 0.004 -10"><span class='ocrx_word' id='word_1_958' title='bbox 2100 5078 2364 5139; x_wconf 85' lang='grc' dir='ltr'><strong>Φίλιππος.</strong></span> <span class='ocrx_word' id='word_1_959' title='bbox 2399 5078 2562 5131; x_wconf 81' lang='grc' dir='ltr'><strong>ΤΟΥ.</strong></span> 
     </span>
    </p>
   </div>
   <div class='ocr_carea' id='block_1_7' title="bbox 2173 5156 3242 5230">
    <p class='ocr_par' dir='ltr' id='par_1_29' title="bbox 2173 5156 3242 5230">
     <span class='ocr_line' id='line_1_119' title="bbox 2173 5156 3242 5230; baseline 0 -19"><span class='ocrx_word' id='word_1_960' title='bbox 2173 5156 2295 5223; x_wconf 86' lang='grc'><strong>352,</strong></span> <span class='ocrx_word' id='word_1_961' title='bbox 2334 5158 2414 5213; x_wconf 80' lang='lat'><strong>13.</strong></span> <span class='ocrx_word' id='word_1_962' title='bbox 2446 5157 2748 5229; x_wconf 86' lang='grc' dir='ltr'><strong>Διαρρήδην]</strong></span> <span class='ocrx_word' id='word_1_963' title='bbox 2772 5156 3150 5230; x_wconf 62' lang='grc' dir='ltr'><strong>μεγαλοφώνους.</strong></span> <span class='ocrx_word' id='word_1_964' title='bbox 3181 5159 3242 5215; x_wconf 82' lang='grc' dir='ltr'><strong>Ρ.</strong></span> 
     </span>
    </p>
   </div>
   <div class='ocr_carea' id='block_1_8' title="bbox 3765 1473 3767 2017">
    <p class='ocr_par' dir='ltr' id='par_1_30' title="bbox 3765 1473 3767 2017">
     <span class='ocr_line' id='line_1_120' title="bbox 3765 1473 3767 2017; baseline 0 0"><span class='ocrx_word' id='word_1_965' title='bbox 3765 1473 3767 2017; x_wconf 95' lang='lat' dir='ltr'><strong> </strong></span> 
     </span>
    </p>
   </div>
  </div>
 </body>
</html>
