3825 5834
1401 457 1554 519 ΧΧΙ.
1599 457 1803 520 ΚΑΤΑ
1849 459 2190 520 ΜΕΙΔΙΟΥ.

184 591 363 659 ροῦντα
384 586 471 642 τὸν
496 587 691 660 ἐχθρόν.
766 583 837 639 Ού
861 584 957 658 γὰρ
976 586 1024 650 ἐξ
1050 584 1121 640 ὧν
1152 589 1410 652 πεποίηκεν
1428 629 1443 654 ,
1465 588 1579 642 ἀλλ’
1598 588 1645 651 ἐξ
1666 585 1736 642 ὧν

182 667 273 720 οὖκ
308 667 522 721 ἐκώλυσε
560 667 797 720 δείκνυσιν
824 667 973 719 αὑτὸν
1013 665 1249 739 ἀφέμενον
1288 667 1372 720 καὶ
1397 669 1508 738 παρ’
1534 668 1735 722 ἐκείνου.

184 747 279 798 Καὶ
298 745 403 799 ἔστι
428 745 765 818 παραπλήσιον
785 748 890 807 τοῖς
909 745 1017 815 περὶ
1040 751 1127 800 τοῦ
1150 747 1406 817 στεφάνου,
1426 741 1534 800 οἷον
1560 768 1581 796 ιι
1605 747 1736 800 ἔστιν

188 847 213 872 ιι
242 820 331 876 οὖν
357 827 481 879 ὅπου
504 825 563 877 eb
588 824 756 895 παρὼν
782 823 1079 892 τηλικαύτην
1104 826 1295 895 πρᾶξιν.
1330 847 1352 875 ι
1392 826 1483 878 Καὶ
1509 825 1605 898 γὰρ
1638 826 1745 880 ἐκεῖ

180 902 525 973 συλλογίζεται
543 903 627 956 τὸν
647 903 881 974 Αἰσχίνην
905 902 953 965 ἐξ
968 901 1039 957 ὧν
1054 903 1142 957 οὔκ
1169 903 1362 972 ἐποίησε
1383 906 1569 977 ψευδεῖς
1588 905 1740 968 αἰτίας

180 981 401 1052 ἐπάγειν.
476 981 729 1052 Εἰσιτήρια
762 982 816 1035 δὲ
855 982 1080 1054 ἐγίγνετο
1108 983 1382 1054 μελλούσης
1420 984 1615 1039 εἰσιέναι
1652 989 1738 1052 τῆς

182 1060 365 1128 βουλῆς
392 1059 458 1123 εἰς
482 1061 541 1114 τὸ
569 1061 911 1132 βουλευτήριον
925 1100 942 1126 ,
970 1063 1095 1115 ὥστε
1124 1061 1251 1115 κατὰ
1283 1066 1489 1133 γνώμην
1518 1063 1733 1130 ἀπαντῆ-

178 1157 265 1190 σαι
288 1145 385 1192 τῶν
412 1141 715 1210 πραγμάτων
742 1139 831 1206 τὴν
854 1141 1014 1210 σκέψιν
1031 1180 1048 1205 ,
1072 1141 1157 1194 καὶ
1182 1141 1361 1209 ταύτην
1384 1141 1589 1195 ἐκάλουν
1618 1142 1734 1194 εἰσι-

178 1217 342 1288 τῆρια.

252 1299 377 1360 552,
406 1303 459 1360 4.
508 1296 657 1350 Είασε
684 1297 737 1350 δὲ
787 1296 1205 1370 ἀρχιθεωροῦντα]
1254 1300 1591 1370 Φροντίζοντα
1638 1305 1734 1352 τῶν

180 1377 346 1431 θείων.
376 1378 490 1430 ΒΥ.
514 1377 669 1430 Δοκεῖ
695 1377 781 1448 μὲν
810 1381 961 1429 ταῦτα
987 1377 1117 1448 παρᾶ
1157 1379 1359 1432 Μειδίου
1384 1379 1545 1449 λέγειν
1561 1415 1577 1444 ,
1604 1377 1660 1432 τὸ
1683 1377 1735 1432 δὲ

176 1455 359 1522 ἀληθές
384 1456 622 1526 μάρτυρας
648 1457 859 1510 ποιεῖται
885 1456 997 1518 τοὺς
1022 1457 1157 1518 θεοὺς
1178 1457 1235 1510 τὸ
1263 1458 1413 1529 μηδὲν
1440 1458 1735 1528 πεπραχέναι

174 1539 426 1588 τοιοῦτον.
498 1534 608 1594 Πῶς
629 1533 725 1605 γὰρ
761 1534 821 1586 ἀν
848 1533 1163 1604 προσεδέξατο
1188 1535 1277 1602 τὴν
1314 1537 1480 1590 θυσίαν
1517 1537 1547 1590 ὃ
1567 1537 1681 1598 Ζεὺς
1706 1538 1734 1589 ὁ

178 1615 445 1684 βουλαῖος,
471 1613 501 1668 ὁ
517 1615 631 1675 Ζεὺς
660 1614 689 1666 ὁ
716 1615 952 1686 Νέμειος,
987 1613 1031 1668 εἰ
1051 1620 1273 1679 τοιοῦτος
1306 1613 1367 1684 ἦν
1394 1617 1729 1687 Δημοσθένης;

184 1693 595 1764 Ἀρχιθεωροῦντα
613 1692 668 1746 δέ
688 1693 823 1765 λέγει
844 1694 1065 1764 ἄρχοντα
1082 1695 1283 1768 θεωρόν.
1332 1695 1521 1768 θεωροὶ
1536 1696 1588 1750 δέ
1610 1691 1732 1763 ἦσαν

172 1773 223 1825 οἱ
250 1772 337 1834 τὰς
359 1773 521 1834 θυσίας
540 1771 631 1834 ἔξω
654 1774 758 1834 τοῖς
784 1773 912 1834 θεοῖς
942 1771 1276 1844 ἀποφέροντες.

250 1851 377 1916 552,
404 1857 458 1907 6.
480 1850 698 1920 θεωρίαν
720 1852 738 1922 ]
764 1851 1017 1921 Φροντίδα
1036 1853 1191 1908 θείαν.
1222 1853 1331 1906 ΒΥ.

244 1931 471 2000 Περιεῖδε
506 1929 559 1982 δὲ
602 1933 710 1992 ταῖς
744 1933 949 2001 σεμναῖς
986 1932 1118 1992 θεαῖς
1162 1929 1403 2000 ἱεροποιὸν
1435 1927 1684 2000 αἱρεθέντα
1710 1931 1730 2002 ]

174 2009 379 2069 Μείζων
410 2007 529 2073 ἐτιῆ
550 2009 708 2071 πίστις
729 2008 851 2075 αὕτη
878 2013 967 2061 τοῦ
1002 2009 1213 2080 καθαρὸν
1248 2007 1377 2062 εἶναι
1404 2009 1491 2060 τὸν
1517 2007 1697 2079 ῥήτορα
1713 2047 1730 2073 ,

173 2087 261 2138 καὶ
288 2086 373 2138 διὰ
404 2091 551 2140 τοῦτο
583 2085 712 2139 ἔοικε
766 2087 1025 2140 τελευταῖα
1060 2087 1263 2158 φυλάξαι
1306 2085 1367 2140 τὰ
1404 2087 1583 2156 καίρια.
1621 2107 1642 2135 ιι
1676 2087 1735 2138 Τί

178 2189 201 2212 ιι
246 2165 347 2236 γὰρ
367 2189 389 2214 ι
426 2165 571 2235 φησὶν
602 2188 623 2214 ιι
660 2165 807 2218 ἔθυσα
841 2167 950 2228 ταῖς
976 2167 1177 2236 σεμναῖς
1218 2167 1349 2229 θεαῖς
1367 2186 1378 2197 ·
1412 2165 1457 2218 εἰ
1482 2166 1535 2218 δὲ
1571 2165 1734 2235 ἔφοροι

177 2267 199 2290 α
242 2244 332 2297 καὶ
357 2244 565 2314 τιμωροὶ
589 2250 687 2298 τῶν
720 2245 881 2314 φόνων
919 2240 1089 2309 αὗται,
1118 2251 1219 2306 πῶς
1247 2245 1305 2297 ἂν
1347 2243 1617 2312 ἠνέγκαντο
1644 2243 1732 2308 τὴν

178 2345 201 2370 ι
246 2324 453 2388 θυσίαν;
476 2322 611 2375 ἀλλὰ
632 2323 715 2376 καὶ
748 2321 779 2389 ἡ
806 2323 853 2384 ἐξ
886 2321 1061 2394 Ἀρείου
1084 2325 1243 2394 πάγου
1273 2321 1428 2393 βουλὴ
1468 2323 1633 2376 εἵλετό
1670 2343 1731 2394 με

176 2425 199 2450 ι
242 2403 526 2472 ίεροπυιδν,
552 2403 657 2468 ἥτις
686 2403 901 2474 μάλιστα
924 2403 1010 2465 τὰς
1046 2403 1245 2472 φονικὰς
1268 2404 1401 2466 δίκας
1428 2402 1634 2473 ἀκριὸῶς
1667 2404 1735 2454 δι-

176 2506 199 2531 ·
241 2485 413 2544 κάζειν
438 2484 767 2538 πεπίστευται.
803 2505 826 2534 ιι
852 2483 945 2534 Καὶ
968 2481 1057 2536 οὖκ
1082 2482 1217 2536 εἶπεν
1242 2484 1319 2536 ὅτι
1343 2505 1365 2534 ιι
1398 2483 1583 2552 ἔλαχον
1607 2483 1731 2553 ἱερο-

176 2585 197 2608 ·
240 2564 440 2625 ποιεῖν,
467 2583 488 2610 ε
514 2560 630 2612 ἀλλ’
665 2583 687 2612 ε
729 2561 937 2634 ᾑρέθην,
974 2583 997 2610 ιι
1026 2561 1111 2614 ἵνα
1157 2559 1224 2632 μὴ
1261 2563 1346 2626 τῆς
1373 2561 1559 2630 τύχης,
1602 2560 1735 2612 ἀλλὰ

168 2643 379 2710 γνώμης
398 2644 529 2712 φανῇ
568 2641 626 2693 τὸ
653 2639 821 2710 ἔργον.
904 2638 1167 2709 Ἱεροποιδν
1194 2640 1247 2692 δέ
1268 2639 1473 2692 καλοῦσι
1500 2641 1587 2692 τὸν
1621 2639 1733 2694 ἐπο-

168 2722 417 2774 πτεύοντα
444 2721 555 2781 τοὶις
578 2720 797 2790 μάντεις,
828 2720 911 2771 ὅτε
940 2719 1137 2782 θύουσι,
1166 2718 1233 2788 μή
1262 2718 1355 2770 πού
1382 2736 1427 2770 τι
1450 2723 1733 2788 κακουργῶ·

166 2818 247 2851 σιν
266 2797 325 2851 ἐν
340 2801 449 2860 ταῖς
473 2799 671 2860 θυσίαις.
755 2821 776 2846 ιι
810 2799 983 2868 Τρίτον
1006 2797 1058 2851 δέ
1082 2797 1226 2850 αὖτδν
1253 2820 1274 2847 ι
1300 2797 1449 2852 εἰπὼν
1468 2797 1525 2850 τὸ
1546 2796 1733 2869 ἀξίωμα

168 2876 351 2930 ἐαυτοῦ
371 2876 549 2944 δηλοῖ·
576 2877 655 2929 διδ
680 2877 761 2928 καὶ
784 2875 952 2948 ἔκρυψε
974 2883 1072 2930 τῶν
1094 2875 1262 2929 ἄλλων
1282 2875 1367 2938 τὰς
1388 2876 1729 2946 προσηγορίας.

165 2957 317 3026 Τρεῖς
340 2955 395 3008 δὲ
422 2953 537 3017 ἴσως
562 2955 827 3021 ἐπέστησαν
845 2994 862 3020 ,
890 2955 995 3009 ἐπεὶ
1012 2955 1096 3008 καὶ
1117 2957 1243 3024 τρεῖς
1261 2956 1487 3008 δοκοῦσιν
1524 2953 1655 3008 εἶναι
1682 2955 1733 3008 αἱ

166 3035 299 3088 θεαί.
386 3032 447 3086 Ἥ
472 3032 521 3095 ἐξ
546 3031 721 3103 Ἀρείου
738 3033 791 3086 δὲ
812 3035 973 3104 πάγου
996 3032 1151 3102 βουλὴ
1174 3033 1259 3086 τὸν
1283 3033 1524 3104 ἱεροποιὸν
1544 3033 1731 3104 ᾑρεῖτο.

172 3112 383 3180 Ἐπειδὴ
435 3113 531 3185 γὰρ
558 3113 609 3167 ἰν
642 3112 803 3186 Ἀρείῳ
828 3117 975 3186 πάγῳ
1002 3111 1064 3167 τὰ
1093 3119 1191 3168 τῶν
1236 3113 1377 3184 ἱερῶν
1402 3119 1501 3166 τῶν
1536 3113 1737 3185 Εὐμενί-

163 3194 269 3246 δων
302 3193 627 3264 ἐπετέτραπτο
652 3193 737 3246 καὶ
752 3193 963 3261 πλησίον
988 3193 1157 3263 ἵδρυτο
1184 3195 1270 3258 τῆς
1292 3191 1491 3261 βουλῆς.
1566 3193 1660 3245 Καὶ
1686 3193 1733 3245 οἱ

168 3277 257 3344 μέν
288 3291 440 3344 φασιν
476 3275 553 3326 ὅτι
578 3272 659 3325 διὰ
695 3273 781 3326 τὸν
821 3272 1053 3344 Ὀρέστην
1082 3271 1189 3326 ἐκεῖ
1212 3273 1471 3341 καθιδρύθη
1491 3291 1503 3303 ·
1542 3273 1731 3342 βέλτιον

162 3353 217 3406 δέ
262 3354 437 3424 λέγειν
463 3354 541 3406 ὅτι
566 3352 647 3404 διὰ
682 3351 770 3415 τὰς
802 3353 1017 3423 φονικάς.
1099 3349 1298 3416 Ἐπειδὴ
1335 3351 1432 3422 γὰρ
1468 3351 1518 3405 ἐν
1572 3351 1735 3424 Ἀρείῳ

164 3435 321 3503 πάγῳ
350 3431 413 3484 τὰ
436 3437 533 3484 τῶν
558 3431 721 3501 φόνων
748 3429 1048 3502 ἐγυμνάζετο
1064 3471 1078 3492 ,
1108 3431 1177 3482 ἵν’
1192 3471 1207 3494 ,
1240 3428 1353 3483 εἴτι
1373 3431 1455 3484 καὶ
1476 3431 1733 3486 λανθάνειν

166 3511 355 3582 μέλλοι
376 3509 469 3574 τὴν
498 3508 710 3580 βουλὴν,
740 3507 884 3564 αὗται
912 3511 1339 3580 συναγωνίζωνται
1358 3510 1476 3580 πρὸς
1492 3511 1578 3564 τὸν
1596 3511 1735 3582 ἔλεγ·

165 3609 263 3656 χον
284 3629 303 3654 ,
332 3589 480 3660 ἔγγὺς
504 3589 783 3659 ἐφεστῶσαι.

239 3671 373 3733 552,
410 3685 493 3722 12.
528 3666 730 3734 Ἐπειδὴ
758 3669 921 3721 τοίνυν
948 3671 1093 3721 τοῦτο
1118 3666 1176 3719 τὸ
1214 3669 1451 3738 πρᾶγμα]
1487 3665 1734 3734 Ἐπανῆλ·

163 3751 251 3802 θεν
276 3747 363 3802 ἐπὶ
384 3745 477 3812 τὴν
500 3746 549 3808 ἐξ
572 3746 728 3818 ἀρχῆς
750 3747 1041 3801 ἀκολουθίαν
1059 3767 1071 3779 ·
1100 3747 1159 3799 τὸ
1195 3745 1289 3818 γὰρ
1312 3746 1435 3799 κατὰ
1466 3747 1551 3800 τὸν
1576 3748 1731 3819 νόμον

166 3829 295 3897 με’ση
328 3845 401 3888 τις
425 3821 486 3891 ἦν
503 3825 789 3896 παρεμὸολὴ
807 3865 823 3890 ,
849 3825 1091 3896 ληφθεῖσα
1116 3823 1197 3876 διὰ
1217 3825 1275 3878 τὸ
1302 3825 1567 3895 χρήσιμον.

240 3905 374 3968 552,
410 3908 493 3967 14.
539 3904 613 3955 Δι’
646 3903 767 3974 ἐμοῦ
796 3904 883 3957 τὸν
917 3903 1267 3974 Ἀρίσταρχον]
1306 3902 1394 3954 Διὰ
1432 3903 1519 3968 τὴν
1548 3903 1729 3975 ἔχθραν

164 3989 257 4048 τήν
288 3983 413 4053 πρδς
438 3980 555 4052 ἐμὲ,
588 3983 821 4052 προφάσει
846 3985 988 4051 τιμῆς
1019 3981 1375 4052 (τιμωρίαςῖ).
1407 3981 1499 4035 Καὶ
1520 3983 1607 4034 ἵνα
1643 3983 1729 4054 μὲν

162 4061 250 4132 ἀφ’
276 4061 457 4114 ἑαυτοῦ
482 4059 571 4126 τὴν
606 4059 764 4113 αἰτίαν
798 4059 1083 4126 ἀπώσηται,
1106 4060 1191 4112 τὸν
1224 4058 1535 4130 Ἀρίσταρχον
1556 4059 1693 4114 εἶπεν
1710 4101 1726 4126 ,

156 4143 251 4193 ἵνα
268 4140 329 4193 δέ
360 4139 586 4192 κάκεῖνον
614 4138 857 4205 ἐξέληται,
880 4139 941 4192 τὸ
969 4159 991 4188 ιι
1019 4138 1327 4207 ἐσυκοφάντει
1353 4159 1376 4187 ιι
1415 4141 1727 4208 προσέθηκεν.

238 4221 373 4285 552,
405 4222 489 4273 18.
516 4218 611 4270 Καὶ
646 4219 731 4272 τὸν
768 4218 1029 4288 αύτόχειρα
1071 4216 1303 4287 ἔχοντες]
1326 4216 1513 4270 Οὐκοῦν
1548 4218 1619 4280 τίς
1643 4217 1729 4288 μὲν

160 4300 409 4371 αὖτόχειρ
438 4303 651 4368 φανερῶς
670 4295 873 4362 ἔδειξεν,
903 4296 990 4350 ἵνα
1012 4296 1063 4350 δέ
1084 4295 1151 4366 μὴ
1174 4296 1290 4368 δόξῃ
1328 4296 1452 4350 κατὰ
1472 4297 1615 4366 φίλου
1646 4297 1727 4352 λέ·

160 4398 277 4448 γειν
294 4419 315 4444 ,
350 4383 421 4448 τῷ
443 4376 605 4447 ἐχθρῷ
623 4376 735 4438 τοὺς
761 4375 940 4446 λόγους
960 4374 1257 4445 περιέθηκεν.

238 4461 373 4521 552,
412 4477 498 4526 19.
516 4455 739 4510 Μέλλετε
756 4454 839 4508 καὶ
869 4457 1061 4522 ζητεῖτε
1086 4453 1169 4507 καὶ
1186 4455 1456 4524 τετύφωσθε
1478 4457 1499 4526 ]
1525 4455 1727 4522 Πολλὴν

160 4539 425 4610 εὖχέρειαν
475 4535 557 4589 καὶ
600 4534 811 4606 ἀλογίαν
836 4533 987 4586 αὐτοῦ
1012 4535 1335 4603 κατηγόρησε.
1413 4533 1613 4603 Πρῶτον
1640 4529 1725 4587 οὖν

158 4621 241 4670 ὅτι
266 4617 341 4678 ὡς
360 4615 435 4686 ἐφ’
469 4614 875 4685 ὡμολογημένοις
912 4612 1157 4682 παρώξυνε
1180 4608 1269 4677 τὴν
1300 4610 1515 4682 βουλὴν,
1550 4613 1635 4666 καὶ
1666 4613 1727 4666 τὰ

155 4699 377 4750 τοιαῦτα
400 4693 662 4763 κατηγόρει
688 4695 776 4744 τοῦ
798 4691 1099 4760 σεμνοτάτου
1116 4695 1211 4742 τῶν
1236 4691 1515 4760 συνεδρίων.
1572 4691 1727 4744 Τοῦτο

156 4775 213 4828 δὲ
236 4774 401 4841 πόσης
420 4769 744 4840 θρασύτητοςς
776 4767 823 4831 ἐξ
866 4763 923 4820 οὗ
960 4769 1237 4834 συνίστησιν
1263 4770 1341 4822 ὅτι
1372 4769 1481 4822 πότ’
1511 4770 1569 4822 ἀν
1602 4769 1725 4840 ἐφεί-

154 4873 291 4908 σατο
318 4849 655 4920 Δημοσθένους
674 4847 705 4900 ό
726 4850 812 4912 τῆς
831 4845 1009 4916 βουλῆς
1040 4843 1107 4916 μὴ
1128 4847 1443 4917 φεισάμενος;

236 4931 370 4993 552,
396 4944 487 4982 22.
522 4924 855 4992 Ἐξεληλυθὼς
879 4929 941 4996 τῇ
976 4925 1273 4995 προτεραίᾳ]
1312 4923 1412 4990 Τὴν
1437 4925 1725 4993 δυστροπίαν

154 5012 321 5066 αὖτοῦ
350 5005 436 5060 καὶ
462 5003 553 5072 τὴν
596 5004 821 5058 ἀπιστίαν
866 5003 1104 5074 [δηλοῖ,]
1131 5004 1207 5056 ὅτι
1232 4999 1277 5074 ᾧ
1320 5002 1415 5073 πρὸ
1440 5004 1551 5073 μιᾶς
1576 5002 1727 5056 διελέ-

152 5105 285 5156 γετο
302 5125 321 5151 ,
342 5085 517 5138 τούτου
542 5085 835 5154 κατηγορεῖν
858 5082 947 5136 οὒκ
970 5083 1133 5137 ὤκνει.

232 5165 367 5229 552,
398 5165 489 5218 23.
526 5162 623 5215 Καὶ
637 5164 891 5235 χρώμενος
912 5163 1073 5230 ὥσπερ
1105 5161 1163 5212 ἂν
1184 5159 1337 5221 ἄλλος
1358 5162 1453 5227 τις]
1473 5157 1573 5226 Τὴν
1603 5157 1723 5214 ἀπό-

156 5243 307 5298 νοιαν
356 5242 515 5309 δηλοῖ
552 5245 641 5294 τοῦ
678 5240 879 5296 Μειδίου
896 5281 911 5306 ,
956 5239 1001 5294 εἰ
1049 5241 1151 5302 τοῖς
1194 5231 1547 5313 Ἀρεοπαγίταις
1581 5239 1723 5312 ἔλεγε
1788 5263 1805 5278 ’

3274 471 3382 524 681

1842 610 1863 638 ιι
1904 589 2194 642 τετύφωσθε.
2232 611 2253 639 ιι
2283 589 2376 641 Καὶ
2413 588 2617 643 ἐνταῦθα
2639 590 2692 643 δέ
2732 590 2956 660 βούλεται
2983 591 3144 663 τρέψαι
3172 593 3258 658 τήν
3288 615 3390 647 κοι·

1836 669 2012 722 νωνίαν
2040 674 2127 722 τοῦ
2169 671 2319 740 φόνου
2357 668 2436 724 ἐπὶ
2459 669 2544 723 τδν
2586 671 2811 724 Μειδίαν.
2887 671 2946 723 Εἰ
2972 671 3067 743 γὰρ
3092 672 3190 742 ἐγὼ
3215 674 3294 725 διὰ
3330 675 3387 728 τδ

1832 751 2046 802 συνεῖναι
2063 747 2196 820 αύτῷ
2223 749 2484 820 νομίζομαι
2503 751 2766 803 συνειδέναι
2777 755 2848 821 τῷ
2863 753 2998 822 φόνῳ
3012 791 3028 816 ,
3049 751 3222 824 πολλῷ
3238 753 3386 807 πλέον

1832 827 1890 879 ἀν
1929 827 2063 898 ἔχοις
2103 827 2246 889 avt-rb<
2283 825 2370 893 τὴν
2401 827 2558 881 αἰτίαν
2579 867 2593 892 ,
2625 828 2654 881 ὅ
2693 829 2926 896 πλείστην
2955 830 3072 900 πρὸς
3097 830 3244 884 αὐτὸν
3293 831 3384 898 τὴν

1831 904 2044 976 ἑταιρίαν
2097 905 2453 976 ἀσπασάμενος.
2527 905 2656 960 Εἶτα
2726 906 2998 973 κατασκευὴ
3049 912 3136 974 τῆς
3205 909 3384 978 φιλίας.

1834 983 2010 1038 Πολλὰ
2031 983 2148 1055 γὰρ,
2178 986 2323 1056 φησὶν
2341 1025 2357 1050 ,
2389 984 2466 1038 ἀεί
2493 1005 2577 1056 μοι
2610 989 2814 1057 παρεῖχε
2833 987 3098 1058 πράγματα
3123 987 3206 1040 καὶ
3229 989 3388 1059 ὥχλει

1830 1066 2046 1136 σφοδρῶς
2066 1064 2096 1116 ὁ
2141 1063 2479 1135 Ἀρίσταρχος,
2501 1065 2607 1135 πρὶν
2639 1064 2865 1135 ἐμπεσεῖν
2895 1065 2962 1128 εἰς
2995 1064 3084 1132 τὴν
3105 1065 3262 1120 αἰτίαν
3299 1072 3388 1121 τοῦ

1828 1146 2009 1214 φόνου,
2040 1145 2269 1216 δεόμενός
2291 1163 2384 1214 μου
2405 1143 2724 1196 διαλύσασθαι
2745 1145 2862 1214 πρὸς
2889 1144 3036 1198 αὺτὸν
3061 1145 3146 1197 καὶ
3169 1145 3386 1214 ἀποστῆ·

1827 1241 1908 1274 ναι
1927 1225 2014 1288 τῆς
2035 1221 2160 1274 κατὰ
2189 1221 2396 1274 Μειδίου
2425 1223 2732 1293 κατηγορίας.
2809 1223 2999 1284 Βαθέως
3020 1217 3107 1276 οὖν
3133 1225 3388 1294 μεθίστησι

1824 1299 1912 1366 τὴν
1940 1301 2108 1372 φήμην
2136 1299 2214 1354 ἐπὶ
2241 1301 2328 1354 τὸν
2354 1301 2582 1354 Μειδίαν
2617 1301 2660 1355 εἰ
2678 1301 2776 1373 γὰρ
2795 1302 2951 1372 φίλων
2980 1301 3088 1354 ἐστὶ
3128 1303 3186 1355 τὸ
3213 1323 3388 1357 κοινω-

1829 1379 1932 1430 νεῖν
1970 1381 2075 1440 τοῖς
2101 1385 2200 1434 τῶν
2223 1379 2380 1450 φίλων
2423 1379 2797 1452 ἁμαρτήμασιν,
2825 1379 2961 1434 οὐδὲν
2997 1374 3146 1445 ἧττον
3183 1382 3386 1445 Μειδίας

1827 1460 2021 1530 μετέχει
2053 1462 2142 1512 τοῦ
2167 1459 2338 1528 φόνου·
2379 1458 2561 1528 ἐχρῆτο
2596 1457 2692 1529 γὰρ
2718 1457 2849 1530 αύτῷ
2875 1457 2991 1528 πρὸς
3015 1459 3179 1531 φιλίαν
3220 1463 3385 1533 ὥσπερ

1826 1536 1885 1586 ἂν
1910 1534 2063 1597 ἀλλος
2083 1554 2178 1597 τις·
2207 1535 2290 1588 καὶ
2317 1534 2626 1602 ἀπεσιώπησε
2648 1536 2708 1589 τὸ
2736 1537 2842 1588 καθ’
2871 1535 3044 1589 ἑαυτὸν
3062 1537 3238 1608 ὄνομα.

1899 1615 2001 1667 552
2019 1653 2034 1678 ,
2067 1618 2156 1678 24.
2189 1614 2282 1666 Καὶ
2320 1615 2394 1668 ὅτ’
2419 1614 2607 1685 εὖτύχει
2641 1615 2851 1669 πλεῖστα
2884 1617 3288 1688 παρεσχηκότος]
3315 1618 3386 1672 Tb

1824 1691 2040 1754 ἐξισάζον
2068 1693 2272 1764 διαφορᾷ
2307 1691 2450 1746 ἔλυσε
2469 1713 2480 1724 ·
2509 1693 2558 1746 τί
2585 1687 2692 1757 οὖν,
2723 1691 2765 1745 εἰ
2805 1690 3089 1764 ἀμφοτέροις
3127 1695 3267 1764 φίλος
3299 1691 3381 1762 ἦν,

1822 1771 1960 1825 οῦδὲν
1987 1766 2137 1838 ἧττον
2177 1772 2259 1824 καὶ
2288 1771 2456 1836 αὐτὸς,
2495 1769 2540 1826 ὦ
2578 1772 2881 1843 Δημόσθενες
2899 1813 2912 1834 ,
2951 1772 3208 1836 ὑπεύθυνος
3232 1772 3281 1827 εἰ
3317 1781 3387 1848 τῷ

1823 1849 2130 1922 ἐγκλήματις
2161 1851 2190 1902 ὁ
2213 1851 2264 1904 δὲ
2285 1852 2522 1904 δείκνυσιν
2548 1852 2626 1904 ὅτι
2657 1849 2850 1922 μᾶλλον
2880 1845 2941 1917 ἦν
2967 1851 3107 1921 φίλος
3145 1853 3380 1919 Μειδίου,

1820 1930 1887 1992 ὥς
1914 1929 2018 1984 ἴστε
2046 1930 2129 1984 καὶ
2149 1929 2306 1995 αὐτοὶ,
2329 1931 2362 1996 ἢ
2384 1930 2738 2002 Δημοσθένους.
2813 1930 3032 1992 Φιλικῶς
3054 1931 3150 2002 γὰρ
3165 1933 3385 2003 φαίνετα.

1820 2009 1938 2080 πρὸς
1961 2010 2108 2064 αὖτδν
2129 2012 2429 2082 διακείμενος
2457 2010 2650 2082 μᾶλλον
2677 2011 2710 2076 ἢ
2745 2011 2863 2080 πρδς
2903 2009 3006 2082 έμέ.
3085 2013 3178 2065 Καὶ
3205 2013 3262 2066 οὖ
3285 2034 3382 2084 χα-

1822 2087 1982 2150 λεπῶς
2007 2089 2240 2159 παρέσχες
2265 2087 2326 2140 τὰ
2349 2088 2613 2158 πράγματα
2629 2126 2645 2152 ,
2673 2085 2804 2138 ἀλλὰ
2827 2087 2910 2140 καὶ
2933 2087 3048 2159 ὓπὲρ
3075 2091 3256 2153 πάντας
3273 2092 3385 2154 tob:

1820 2164 2020 2226 ἀλλους.
2079 2165 2266 2218 Οὐκοῦν
2291 2163 2462 2218 οὖδένα
2487 2167 2706 2218 τοιοῦτον
2737 2163 2847 2235 εἶχε
2871 2165 3014 2236 φίλον
3043 2167 3244 2230 Μειδίας
3259 2189 3384 2222 κατα

1822 2241 1909 2308 τὴν
1952 2242 2115 2296 πόλιν.
2199 2241 2284 2294 Ἐν
2331 2241 2494 2313 ταύτῷ
2521 2242 2574 2294 δὲ
2609 2242 3032 2296 συναποδείκνυσιν
3070 2247 3148 2298 ὅτι
3184 2246 3266 2299 καὶ
3295 2267 3384 2300 κα-

1820 2323 1980 2391 τέγνω
2001 2321 2172 2374 ἑαυτοῦ
2194 2321 2396 2383 Μειδίας
2412 2339 2425 2352 ·
2455 2320 2498 2374 εἰ
2520 2320 2614 2392 γὰρ
2637 2318 2770 2386 ἠξίου
2795 2321 3076 2376 διαλύεσθαι
3091 2363 3109 2389 ,
3135 2324 3380 2394 πρόδηλον

1821 2399 1898 2452 ὅτι
1921 2397 2149 2452 ἐδεδοίκει
2171 2396 2258 2463 τὴν
2287 2398 2461 2468 κρίσιν.

1895 2477 1990 2544 55,
2017 2482 2106 2532 26.
2140 2476 2205 2531 Εἰ
2231 2476 2318 2547 μὲν
2353 2471 2442 2530 οὖν
2471 2475 2723 2547 εἰργάσθαι
2751 2494 2800 2528 τι
2825 2477 3047 2545 τούτων]
3090 2476 3382 2550 Ἀμφίδολον

1820 2557 1879 2610 τὸ
1916 2559 2120 2628 πρᾶγμα
2158 2555 2460 2621 καθίστησιν,
2503 2557 2620 2608 ὅταν
2651 2554 2717 2614 ὣς
2763 2552 2958 2624 ἀποριῖιν
2997 2554 3140 2628 λέγῃ,
3177 2560 3382 2629 πότερον

1821 2633 2042 2706 ἐνόμιζεν
2079 2633 2224 2688 αὐτὸν
2255 2634 2566 2704 δεδρακέναι,
2611 2633 2642 2699 ἢ
2678 2631 2734 2685 οὗ
2773 2635 3099 2696 πεπιστευκὼς
3139 2639 3243 2699 τοῖς
3283 2641 3382 2688 τῶν

1821 2713 2174 2785 αἰτιασαμένων
2213 2713 2402 2784 λόγοις.
2477 2711 2795 2782 Πανταχόθεν
2852 2706 2940 2765 οὖν
2987 2711 3246 2784 ἠμαύρωσε
3291 2717 3380 2784 τὴν

1819 2793 2008 2864 φήμην.
2081 2791 2141 2844 Εἰ
2167 2791 2262 2864 γὰρ
2285 2789 2438 2857 ἀκοὴν
2465 2793 2722 2862 μαρτυρεῖν
2751 2789 2840 2843 οὔκ
2869 2789 3072 2856 ἔξεστιν,
3099 2791 3242 2856 οὗτος
3265 2797 3308 2848 δ’
3333 2797 3382 2860 ἐξ

1822 2871 1970 2938 ἀκοῆς
1997 2872 2256 2943 κατηγόρει
2289 2871 2430 2940 (τοῖς
2471 2869 2567 2941 γὰρ
2602 2870 2771 2940 λόγοις
2799 2875 2898 2923 τῶν
2943 2870 3240 2944 αἰτιωμένων
3279 2873 3383 2930 ἐπί-

1820 2969 2040 3016 στευσεν,
2065 2950 2122 3002 οὗ
2149 2955 2210 3022 τῇ
2237 2951 2342 3021 ὄψει
2360 2955 2457 3003 τῶν
2484 2949 2857 3020 θεασαμένων),
2879 2949 3053 3003 οὐκοῦν
3078 2955 3382 3009 παντάπασιν

1828 3029 1988 3082 ἕωλον
2019 3029 2076 3082 *rb
2102 3028 2356 3101 ἔγκλημα.

1895 3109 1995 3163 553
2011 3148 2026 3173 ,
2058 3125 2110 3163 2.
2143 3109 2332 3177 Μηκέτι
2353 3112 2440 3175 τῆς
2465 3107 2639 3174 λοιπῆς
2665 3106 2866 3177 φιλίας]
2896 3106 3054 3178 Ὁμοῦ
3096 3110 3178 3162 καὶ
3201 3109 3380 3164 ἀπελο-

1820 3188 2010 3259 γήσατο
2035 3189 2149 3259 ὑπὲρ
2171 3188 2318 3241 αὓτοῦ
2337 3186 2420 3240 καὶ
2442 3193 2512 3258 τῷ
2529 3187 2708 3256 Μειδίᾳ
2731 3185 2786 3239 τὸ
2813 3185 3044 3258 ἔγκλημα
3062 3190 3375 3261 περιέτρεψεν.

1823 3267 1971 3329 Αὐτὸς
2001 3267 2086 3338 μὲν
2113 3266 2208 3337 γὰρ
2233 3267 2292 3320 τδ
2315 3265 2600 3320 ἀντιπῖπτον
2623 3265 2764 3318 ἔλυσε
2796 3287 2816 3315 ιι
2847 3266 2928 3317 διὰ
2950 3266 2998 3318 τί
3018 3266 3114 3337 γὰρ
3139 3267 3194 3320 οὗ
3227 3289 3376 3337 κατη·

1827 3368 1849 3397 ιι
1872 3349 2032 3416 γόρεις
2057 3351 2144 3399 τοῦ
2173 3345 2510 3417 Ἀριστάρχου,
2543 3343 2674 3414 εἴπερ
2701 3341 2766 3414 μὴ
2795 3344 3042 3415 συνῄδεις;
3092 3367 3114 3394 ι
3147 3346 3174 3396 ὁ
3200 3347 3251 3399 δέ
3285 3365 3378 3417 φη-

1822 3445 1897 3478 σιν
1934 3427 2012 3478 ὅτι
2051 3447 2072 3474 ιι
2105 3424 2193 3491 τὴν
2217 3426 2550 3496 ἁρμόττουσαν
2590 3423 2720 3494 φίλῳ
2749 3423 2887 3488 δίκην
2927 3421 3105 3474 ἔλαθον
3129 3444 3140 3454 ·
3169 3422 3377 3492 ἀπέστην

1827 3523 1849 3550 ιι
1876 3501 1974 3573 γὰρ
1999 3502 2144 3555 «fix-ob·
2189 3505 2274 3568 τῆς
2301 3501 2475 3567 λοιπῆς
2513 3501 2694 3573 φιλίας.
2736 3521 2760 3550 υ
2835 3501 2932 3552 Τὸν
2959 3500 3012 3552 δέ
3048 3501 3252 3554 Μειδίαν
3280 3504 3378 3556 δεί-

1821 3597 1958 3632 κνυσι
1993 3583 2075 3632 νῦν
2107 3578 2192 3649 μὲν
2219 3579 2285 3640 ὡς
2313 3578 2491 3649 ἐχθροῦ
2517 3581 2913 3648 κατηγοροῦντα,
2950 3583 3034 3630 νῦν
3073 3579 3126 3632 δὲ
3163 3580 3230 3642 ὡς
3249 3580 3379 3652 φίλῳ

1820 3662 2028 3713 συνόντα
2052 3657 2174 3730 μετὰ
2195 3657 2284 3724 τὴν
2307 3657 2494 3728 φήμην.

1892 3739 1994 3791 553
2009 3778 2024 3802 ,
2058 3739 2108 3792 3.
2140 3737 2256 3799 Τοῖς
2281 3738 2544 3790 πεπονθόσι
2571 3736 2653 3788 καὶ
2676 3737 2780 3798 τοῖς
2801 3736 3026 3808 ἐχθροῖς]
3053 3737 3240 3791 Οὗκοῦν
3264 3741 3382 3811 πρὸς

1818 3826 1924 3886 τοῖς
1947 3824 2119 3885 ἀλλοις
2143 3824 2226 3876 καὶ
2245 3823 2620 3893 φιλοπράγμων,
2646 3823 2722 3874 ὅτι
2763 3823 2794 3874 ἃ
2823 3823 2988 3892 μόνοις
3015 3826 3120 3886 τοῖς
3153 3822 3382 3896 ἠδικημέ-

1818 3923 1918 3964 νοις
1939 3901 2122 3967 ἔξεστι,
2150 3905 2302 3955 ταῦτα
2328 3901 2476 3972 μηδὲν
2500 3901 2750 3962 πεπονθὼς
2773 3900 3023 3970 ἔπραττεν.

1889 3983 1989 4034 553
2008 4021 2022 4046 ,
2059 3982 2108 4034 5.
2141 3980 2201 4034 Εἰ
2224 3981 2278 4034 δὲ
2302 3981 2470 4034 ἀλλων
2508 3979 2592 4052 μέν
2623 3981 2706 4032 καὶ
2742 3979 3050 4051 ὁμωρόφιος]
3083 3979 3379 4054 Ἀριστάρχῳ

1820 4059 1942 4131 μετὰ
1977 4057 2064 4125 τὴν
2091 4059 2258 4130 φήμην
2290 4058 2424 4112 οῦδὲν
2469 4057 2638 4130 ἐκείνῳ
2664 4060 2928 4129 πέπρακται
2966 4060 3146 4113 δεινόν.
3220 4059 3280 4112 Εἰ
3305 4062 3378 4114 δέ·

1817 4139 1962 4208 δρακε
1984 4137 2036 4190 δὲ
2059 4138 2144 4191 τὸν
2174 4141 2343 4207 φόνον,
2365 4139 2599 4190 κοινωνεῖ
2615 4141 2700 4190 τοῦ
2727 4137 2903 4207 μύσους
2917 4175 2934 4202 ,
2965 4137 3217 4208 ἐπειδήπερ
3243 4137 3377 4210 volutas>

1817 4217 1899 4270 καὶ
1921 4219 2092 4287 στέγης
2116 4221 2202 4282 τῆς
2222 4215 2368 4281 αὖτῆς
2389 4215 2724 4282 ἐκοινώνησεν.

1889 4297 2020 4360 553,
2069 4315 2090 4350 1
2107 4315 2149 4351 ι.
2181 4295 2254 4368 Τῇ
2282 4296 2326 4348 δ’
2353 4295 2578 4366 ὑστεραία
2615 4295 2801 4366 πάλιν]
2831 4295 3000 4350 Πᾶσαν
3041 4297 3187 4349 αὗτοῦ
3211 4298 3376 4367 παρεί-

1816 4373 1932 4428 λετο
1970 4378 2222 4445 πρόφασιν.
2313 4374 2420 4428 Ἵνα
2461 4374 2556 4445 γὰρ
2582 4372 2648 4445 μὴ
2690 4372 2802 4447 εἴπῃ
2833 4396 2854 4423 ιι
2898 4378 3046 4441 συνῆν
3082 4374 3378 4447 Ἀριστάρχῳ

1814 4453 1924 4522 πρὶν
1947 4454 1978 4520 ἢ
2004 4455 2226 4524 γενέσθαι
2247 4451 2334 4519 τήν
2369 4475 2394 4502 ε
2418 4453 2606 4525 φήμην,
2638 4474 2660 4502 ι
2689 4455 2982 4523 προσέθηκεν
3015 4455 3092 4505 ὅτι
3125 4475 3147 4504 ι
3175 4459 3304 4518 πῶς,
3333 4455 3378 4506 εἰ

1821 4553 1843 4580 ι
1876 4531 1958 4584 καὶ
1981 4531 2102 4604 μετὰ
2125 4529 2212 4597 τὴν
2240 4532 2556 4603 κατηγορίαν,
2587 4533 2648 4597 ἢν
2675 4530 2818 4592 asub<
2842 4532 3210 4600 κατηγόρησαςς
3241 4553 3262 4580 ιι

1888 4611 2018 4672 553,
2073 4611 2156 4664 13.
2200 4609 2394 4662 Οὓτωσὶ
2434 4611 2786 4680 καθιξόμενος]
2825 4611 3056 4680 Δεικτικιῖ)
3097 4611 3262 4680 τρόπῳ
3298 4613 3374 4664 κέ·

1814 4709 1996 4760 χρηται
2029 4691 2282 4760 σημαίνων
2319 4691 2428 4754 ὅτι,
2463 4691 2625 4758 ὥσπερ
2651 4689 2791 4758 ὑμεῖς
2825 4686 2872 4739 οί
2907 4688 3131 4742 δικασταὶ
3167 4689 3374 4755 πλησίον

1816 4766 2052 4833 ἀλλήλων
2107 4768 2362 4830 καθέζεσθε
2381 4808 2394 4830 ,
2453 4767 2579 4820 οὕτω
2621 4764 2843 4826 κάκεῖνος
2877 4766 3216 4826 συνεκαθέζετο
3259 4765 3376 4838 Ἀρι-

1814 4847 2033 4915 στάρχῳ.
2056 4845 2303 4898 Δείκνυσιν
2321 4839 2408 4896 οὖν
2430 4846 2506 4897 δτι
2531 4843 2619 4910 τὴν
2640 4842 2818 4908 ἐσθῆτα
2839 4845 2902 4914 τῇ
2923 4841 3089 4908 ἐσθῆτι
3115 4847 3372 4910 συνῆπτεν.

1886 4923 1988 4976 553
2006 4964 2022 4991 ,
2057 4927 2140 4986 14.
2169 4921 2268 4989 Τὴν
2297 4921 2452 4983 δεξιὰν
2478 4919 2745 4992 ἐμὸαλὼν]
2781 4919 2867 4981 Εἰς
2892 4918 2980 4986 τὴν
3007 4919 3190 4974 ἐκείνου
3217 4923 3370 4989 δηλο·

1814 5003 1947 5069 νότι,
1977 5005 2103 5058 ὥστε
2131 5001 2219 5068 τὴν
2243 5003 2390 5072 χεῖρα
2416 4999 2661 5066 ἠσπάζετο
2684 4997 2770 5066 τὴν
2801 4999 3136 5072 ἐργασαμένην
3163 5003 3246 5055 τὸν
3286 5004 3372 5075 φό-

1814 5101 1919 5146 νον,
1940 5084 2119 5154 τρόπον
2142 5081 2251 5136 τινὰ
2275 5081 2355 5134 διὰ
2379 5085 2464 5134 τοῦ
2490 5083 2714 5152 σώματος
2736 5084 2799 5152 τῇ
2833 5081 2967 5152 ψυχῇ
2994 5073 3368 5154 συναπτόμενος.

1812 5163 2000 5216 Οὖκοῦν
2023 5162 2243 5232 ἄντικρυς
2263 5161 2552 5228 ἐκοινώνησε
2577 5164 2662 5213 τοῦ
2688 5161 2978 5231 μιάσματος.

1884 5242 1986 5294 553
2003 5280 2022 5307 ,
2056 5241 2144 5295 15.
2167 5239 2312 5294 Μετὰ
2339 5239 2449 5301 τοὺς
2472 5238 2522 5292 ἐν
2545 5243 2607 5311 τῇ
2637 5239 2792 5313 βουλῇ
2821 5239 3016 5300 τούτους
3033 5239 3250 5310 λόγους]
3282 5237 3371 5292 ’ον
