<?xml version="1.0" encoding="UTF-8"?>
<!DOCTYPE html PUBLIC "-//W3C//DTD XHTML 1.0 Transitional//EN"
    "http://www.w3.org/TR/xhtml1/DTD/xhtml1-transitional.dtd">
<html xmlns="http://www.w3.org/1999/xhtml" xml:lang="en" lang="en">
 <head>
  <title>
</title>
<meta http-equiv="Content-Type" content="text/html;charset=utf-8" />
  <meta name='ocr-system' content='tesseract 3.04.00' />
  <meta name='ocr-capabilities' content='ocr_page ocr_carea ocr_par ocr_line ocrx_word'/>
</head>
<body>
  <div class='ocr_page' id='page_1' title='image "./oratoresatticia02unkngoog/oratoresatticia02unkngoog_0219.png"; bbox 0 0 3825 5834; ppageno 0'>
   <div class='ocr_carea' id='block_1_1' title="bbox 1035 454 2394 537">
    <p class='ocr_par' dir='ltr' id='par_1_1' title="bbox 1035 454 2394 537">
     <span class='ocr_line' id='line_1_1' title="bbox 1035 454 2394 537; baseline 0.016 -22"><span class='ocrx_word' id='word_1_1' title='bbox 1035 454 1617 524; x_wconf 76' lang='lat' dir='ltr'><strong>ALCIDAMANTIS</strong></span> <span class='ocrx_word' id='word_1_2' title='bbox 1660 465 1785 528; x_wconf 80' lang='grc' dir='ltr'>ΟΒ.</span> <span class='ocrx_word' id='word_1_3' title='bbox 1830 468 1934 531; x_wconf 84' lang='lat' dir='ltr'>DE</span> <span class='ocrx_word' id='word_1_4' title='bbox 1978 469 2394 537; x_wconf 85' lang='lat' dir='ltr'><strong>SOPHISTIS.</strong></span> 
     </span>
    </p>
   </div>
   <div class='ocr_carea' id='block_1_2' title="bbox 165 578 1683 743">
    <p class='ocr_par' dir='ltr' id='par_1_2' title="bbox 165 578 1683 743">
     <span class='ocr_line' id='line_1_2' title="bbox 165 578 1683 659; baseline 0.013 -20"><span class='ocrx_word' id='word_1_5' title='bbox 165 578 324 639; x_wconf 74' lang='lat' dir='ltr'><strong>Imp}</strong></span> <span class='ocrx_word' id='word_1_6' title='bbox 344 578 495 640; x_wconf 82' lang='grc' dir='ltr'>ΤΩΝ</span> <span class='ocrx_word' id='word_1_7' title='bbox 520 580 723 641; x_wconf 82' lang='grc' dir='ltr'>ΤΟΥΣ</span> <span class='ocrx_word' id='word_1_8' title='bbox 746 583 1155 649; x_wconf 79' lang='grc' dir='ltr'><strong>ΓΡΑΠΤΟΥΣ</strong></span> <span class='ocrx_word' id='word_1_9' title='bbox 1178 592 1485 653; x_wconf 77' lang='grc' dir='ltr'><strong>ΛΟΓΟΥΣ</strong></span> <span class='ocrx_word' id='word_1_10' title='bbox 1505 597 1683 659; x_wconf 86' lang='grc' dir='ltr'><strong>ΓΡΑ·</strong></span> 
     </span>
     <span class='ocr_line' id='line_1_3' title="bbox 364 668 1441 743; baseline 0.015 -17"><span class='ocrx_word' id='word_1_11' title='bbox 364 668 673 730; x_wconf 82' lang='grc' dir='ltr'><strong>ΦΟΝΤΩΝ</strong></span> <span class='ocrx_word' id='word_1_12' title='bbox 701 672 755 731; x_wconf 83' lang='grc' dir='ltr'>Η</span> <span class='ocrx_word' id='word_1_13' title='bbox 784 674 969 734; x_wconf 88' lang='grc' dir='ltr'>ΠΕΡΙ</span> <span class='ocrx_word' id='word_1_14' title='bbox 1014 677 1441 743; x_wconf 81' lang='grc' dir='ltr'><strong>ΣΟΦῙΣΤΩΝ.</strong></span> 
     </span>
    </p>
   </div>
   <div class='ocr_carea' id='block_1_3' title="bbox 78 846 1681 5347">
    <p class='ocr_par' dir='ltr' id='par_1_3' title="bbox 154 846 1681 1209">
     <span class='ocr_line' id='line_1_4' title="bbox 228 846 1681 941; baseline 0.01 -34"><span class='ocrx_word' id='word_1_15' title='bbox 228 846 427 919; x_wconf 78' lang='grc' dir='ltr'>Ἐπειδή</span> <span class='ocrx_word' id='word_1_16' title='bbox 453 870 585 916; x_wconf 78' lang='grc' dir='ltr'>τινες</span> <span class='ocrx_word' id='word_1_17' title='bbox 616 851 723 909; x_wconf 78' lang='grc' dir='ltr'>τῶν</span> <span class='ocrx_word' id='word_1_18' title='bbox 756 854 1091 931; x_wconf 79' lang='grc' dir='ltr'><strong>καλουμένων</strong></span> <span class='ocrx_word' id='word_1_19' title='bbox 1134 863 1399 941; x_wconf 78' lang='grc' dir='ltr'>σοφιστῶν</span> <span class='ocrx_word' id='word_1_20' title='bbox 1450 862 1681 941; x_wconf 77' lang='grc' dir='ltr'>ἱστορίας</span> 
     </span>
     <span class='ocr_line' id='line_1_5' title="bbox 159 932 1679 1030; baseline 0.015 -42"><span class='ocrx_word' id='word_1_21' title='bbox 159 932 238 1009; x_wconf 80' lang='grc' dir='ltr'>μὲν</span> <span class='ocrx_word' id='word_1_22' title='bbox 261 934 343 993; x_wconf 82' lang='grc' dir='ltr'>καὶ</span> <span class='ocrx_word' id='word_1_23' title='bbox 367 936 605 1004; x_wconf 81' lang='grc' dir='ltr'>παιδείας</span> <span class='ocrx_word' id='word_1_24' title='bbox 628 938 954 1015; x_wconf 73' lang='grc' dir='ltr'>ἠμελήκασι,</span> <span class='ocrx_word' id='word_1_25' title='bbox 990 944 1082 1004; x_wconf 75' lang='grc' dir='ltr'>καὶ</span> <span class='ocrx_word' id='word_1_26' title='bbox 1104 950 1197 1004; x_wconf 79' lang='grc' dir='ltr'>τοῦ</span> <span class='ocrx_word' id='word_1_27' title='bbox 1226 946 1481 1010; x_wconf 79' lang='grc' dir='ltr'>δύνασθαι</span> <span class='ocrx_word' id='word_1_28' title='bbox 1508 948 1679 1030; x_wconf 74' lang='grc' dir='ltr'>λέγειν</span> 
     </span>
     <span class='ocr_line' id='line_1_6' title="bbox 154 1023 1679 1117; baseline 0.014 -38"><span class='ocrx_word' id='word_1_29' title='bbox 154 1023 315 1095; x_wconf 78' lang='grc' dir='ltr'>ὁμοίως</span> <span class='ocrx_word' id='word_1_30' title='bbox 337 1025 435 1091; x_wconf 81' lang='grc' dir='ltr'>τοῖς</span> <span class='ocrx_word' id='word_1_31' title='bbox 458 1025 689 1092; x_wconf 77' lang='grc' dir='ltr'>ἰδιώταις</span> <span class='ocrx_word' id='word_1_32' title='bbox 714 1030 939 1109; x_wconf 75' lang='grc' dir='ltr'>ἀπείρως</span> <span class='ocrx_word' id='word_1_33' title='bbox 957 1030 1161 1110; x_wconf 72' lang='grc' dir='ltr'>ἔχουσι,</span> <span class='ocrx_word' id='word_1_34' title='bbox 1184 1035 1401 1117; x_wconf 78' lang='grc' dir='ltr'>γράφειν</span> <span class='ocrx_word' id='word_1_35' title='bbox 1424 1038 1477 1097; x_wconf 78' lang='grc' dir='ltr'>δὲ</span> <span class='ocrx_word' id='word_1_36' title='bbox 1514 1062 1679 1117; x_wconf 83' lang='grc' dir='ltr'>μεμε·</span> 
     </span>
     <span class='ocr_line' id='line_1_7' title="bbox 154 1110 1681 1209; baseline 0.013 -41"><span class='ocrx_word' id='word_1_37' title='bbox 154 1110 389 1183; x_wconf 82' lang='grc' dir='ltr'>λετηκότες</span> <span class='ocrx_word' id='word_1_38' title='bbox 425 1112 609 1192; x_wconf 81' lang='grc' dir='ltr'><strong>λόγους</strong></span> <span class='ocrx_word' id='word_1_39' title='bbox 638 1115 735 1173; x_wconf 80' lang='grc' dir='ltr'>καὶ</span> <span class='ocrx_word' id='word_1_40' title='bbox 762 1116 848 1177; x_wconf 80' lang='grc' dir='ltr'>διὰ</span> <span class='ocrx_word' id='word_1_41' title='bbox 878 1118 1099 1195; x_wconf 75' lang='grc' dir='ltr'>βιὸλίων</span> <span class='ocrx_word' id='word_1_42' title='bbox 1140 1123 1425 1192; x_wconf 73' lang='grc' dir='ltr'>δεικνύντες</span> <span class='ocrx_word' id='word_1_43' title='bbox 1460 1125 1555 1209; x_wconf 83' lang='grc' dir='ltr'>τὴν</span> <span class='ocrx_word' id='word_1_44' title='bbox 1587 1134 1681 1188; x_wconf 76' lang='grc' dir='ltr'>αὖ·</span> 
     </span>
    </p>

    <p class='ocr_par' dir='ltr' id='par_1_4' title="bbox 107 1200 1681 1646">
     <span class='ocr_line' id='line_1_8' title="bbox 107 1200 1675 1289; baseline 0.015 -36"><span class='ocrx_word' id='word_1_45' title='bbox 107 1218 126 1252; x_wconf 80' lang='grc' dir='ltr'>ι</span> <span class='ocrx_word' id='word_1_46' title='bbox 154 1203 239 1256; x_wconf 71' lang='grc' dir='ltr'>τῶν</span> <span class='ocrx_word' id='word_1_47' title='bbox 262 1201 431 1279; x_wconf 87' lang='grc' dir='ltr'>σοφίαν</span> <span class='ocrx_word' id='word_1_48' title='bbox 458 1200 807 1278; x_wconf 79' lang='grc' dir='ltr'>σεμνύνονται</span> <span class='ocrx_word' id='word_1_49' title='bbox 835 1207 927 1264; x_wconf 82' lang='grc' dir='ltr'>καὶ</span> <span class='ocrx_word' id='word_1_50' title='bbox 968 1208 1108 1286; x_wconf 78' lang='grc' dir='ltr'>μέγα</span> <span class='ocrx_word' id='word_1_51' title='bbox 1136 1218 1383 1289; x_wconf 77' lang='grc' dir='ltr'>φρονοῦσι</span> <span class='ocrx_word' id='word_1_52' title='bbox 1423 1215 1515 1274; x_wconf 79' lang='grc' dir='ltr'>καὶ</span> <span class='ocrx_word' id='word_1_53' title='bbox 1543 1220 1675 1277; x_wconf 85' lang='grc' dir='ltr'>πολ·</span> 
     </span>
     <span class='ocr_line' id='line_1_9' title="bbox 155 1286 1681 1377; baseline 0.013 -33"><span class='ocrx_word' id='word_1_54' title='bbox 155 1286 304 1345; x_wconf 78' lang='grc' dir='ltr'>λοστὸν</span> <span class='ocrx_word' id='word_1_55' title='bbox 337 1286 485 1369; x_wconf 78' lang='grc' dir='ltr'>μέρος</span> <span class='ocrx_word' id='word_1_56' title='bbox 512 1294 609 1361; x_wconf 80' lang='grc' dir='ltr'>τῆς</span> <span class='ocrx_word' id='word_1_57' title='bbox 648 1293 929 1372; x_wconf 78' lang='grc' dir='ltr'>ῥητορικῆς</span> <span class='ocrx_word' id='word_1_58' title='bbox 952 1297 1265 1374; x_wconf 77' lang='grc' dir='ltr'>κεκτημένοι</span> <span class='ocrx_word' id='word_1_59' title='bbox 1290 1300 1560 1377; x_wconf 87' lang='grc' dir='ltr'>δυνάμεως</span> <span class='ocrx_word' id='word_1_60' title='bbox 1586 1309 1681 1376; x_wconf 76' lang='grc' dir='ltr'>τῆς</span> 
     </span>
     <span class='ocr_line' id='line_1_10' title="bbox 156 1370 1677 1459; baseline 0.014 -31"><span class='ocrx_word' id='word_1_61' title='bbox 156 1370 253 1444; x_wconf 71' lang='grc' dir='ltr'>ὅλης</span> <span class='ocrx_word' id='word_1_62' title='bbox 274 1374 445 1454; x_wconf 79' lang='grc' dir='ltr'>τέχνης</span> <span class='ocrx_word' id='word_1_63' title='bbox 464 1379 885 1456; x_wconf 75' lang='grc' dir='ltr'>ἀμφισὸητοῧσι,</span> <span class='ocrx_word' id='word_1_64' title='bbox 913 1381 999 1441; x_wconf 70' lang='grc' dir='ltr'>διὰ</span> <span class='ocrx_word' id='word_1_65' title='bbox 1026 1386 1223 1457; x_wconf 87' lang='grc' dir='ltr'>ταύτην</span> <span class='ocrx_word' id='word_1_66' title='bbox 1247 1386 1345 1459; x_wconf 77' lang='grc' dir='ltr'>τὴν</span> <span class='ocrx_word' id='word_1_67' title='bbox 1366 1390 1539 1449; x_wconf 79' lang='grc' dir='ltr'>αἰτίαν</span> <span class='ocrx_word' id='word_1_68' title='bbox 1557 1393 1677 1451; x_wconf 80' lang='grc' dir='ltr'>ἐπι·</span> 
     </span>
     <span class='ocr_line' id='line_1_11' title="bbox 153 1460 1674 1556; baseline 0.015 -40"><span class='ocrx_word' id='word_1_69' title='bbox 153 1460 347 1539; x_wconf 73' lang='grc' dir='ltr'>χειρήσω</span> <span class='ocrx_word' id='word_1_70' title='bbox 371 1468 691 1547; x_wconf 81' lang='grc' dir='ltr'>κατηγορίαν</span> <span class='ocrx_word' id='word_1_71' title='bbox 720 1468 1041 1539; x_wconf 74' lang='grc' dir='ltr'>ποιήσασθαι</span> <span class='ocrx_word' id='word_1_72' title='bbox 1058 1475 1161 1530; x_wconf 80' lang='grc' dir='ltr'>τῶν</span> <span class='ocrx_word' id='word_1_73' title='bbox 1189 1480 1441 1554; x_wconf 82' lang='grc' dir='ltr'>γραπτῶν</span> <span class='ocrx_word' id='word_1_74' title='bbox 1484 1478 1674 1556; x_wconf 88' lang='grc' dir='ltr'>λόγων,</span> 
     </span>
     <span class='ocr_line' id='line_1_12' title="bbox 153 1554 1672 1646; baseline 0.013 -39"><span class='ocrx_word' id='word_1_75' title='bbox 153 1554 231 1627; x_wconf 76' lang='grc' dir='ltr'>οὐχ</span> <span class='ocrx_word' id='word_1_76' title='bbox 244 1556 303 1617; x_wconf 83' lang='grc' dir='ltr'>ὥς</span> <span class='ocrx_word' id='word_1_77' title='bbox 325 1554 595 1633; x_wconf 76' lang='grc' dir='ltr'>ἀλλοτρίαν</span> <span class='ocrx_word' id='word_1_78' title='bbox 630 1559 867 1634; x_wconf 71' lang='grc' dir='ltr'>ἐμαυτοῦ</span> <span class='ocrx_word' id='word_1_79' title='bbox 900 1558 998 1630; x_wconf 87' lang='grc' dir='ltr'>τὴν</span> <span class='ocrx_word' id='word_1_80' title='bbox 1027 1558 1247 1637; x_wconf 88' lang='grc' dir='ltr'>δύναμιν</span> <span class='ocrx_word' id='word_1_81' title='bbox 1284 1566 1457 1623; x_wconf 79' lang='grc' dir='ltr'>αὐτῶν</span> <span class='ocrx_word' id='word_1_82' title='bbox 1504 1567 1672 1646; x_wconf 79' lang='grc' dir='ltr'>ἡγού-</span> 
     </span>
    </p>

    <p class='ocr_par' dir='ltr' id='par_1_5' title="bbox 100 1642 1678 2087">
     <span class='ocr_line' id='line_1_13' title="bbox 100 1642 1677 1734; baseline 0.013 -38"><span class='ocrx_word' id='word_1_83' title='bbox 100 1658 137 1697; x_wconf 83' lang='grc' dir='ltr'>ιο</span> <span class='ocrx_word' id='word_1_84' title='bbox 155 1660 299 1717; x_wconf 80' lang='grc' dir='ltr'>μενος,</span> <span class='ocrx_word' id='word_1_85' title='bbox 328 1642 438 1699; x_wconf 75' lang='grc' dir='ltr'>ἀλλ’</span> <span class='ocrx_word' id='word_1_86' title='bbox 466 1646 537 1709; x_wconf 83' lang='grc' dir='ltr'>ὡς</span> <span class='ocrx_word' id='word_1_87' title='bbox 557 1646 639 1724; x_wconf 75' lang='grc' dir='ltr'>ἐφ’</span> <span class='ocrx_word' id='word_1_88' title='bbox 672 1643 867 1724; x_wconf 80' lang='grc' dir='ltr'>ἑτέροις</span> <span class='ocrx_word' id='word_1_89' title='bbox 894 1650 1069 1723; x_wconf 87' lang='grc' dir='ltr'>μεῖζον</span> <span class='ocrx_word' id='word_1_90' title='bbox 1104 1652 1307 1729; x_wconf 79' lang='grc' dir='ltr'>φρονῶν</span> <span class='ocrx_word' id='word_1_91' title='bbox 1344 1653 1434 1711; x_wconf 78' lang='grc' dir='ltr'>καὶ</span> <span class='ocrx_word' id='word_1_92' title='bbox 1460 1654 1520 1713; x_wconf 84' lang='grc' dir='ltr'>τὸ</span> <span class='ocrx_word' id='word_1_93' title='bbox 1546 1656 1677 1734; x_wconf 87' lang='grc' dir='ltr'>γρά-</span> 
     </span>
     <span class='ocr_line' id='line_1_14' title="bbox 153 1729 1677 1818; baseline 0.016 -38"><span class='ocrx_word' id='word_1_94' title='bbox 153 1748 242 1802; x_wconf 77' lang='grc' dir='ltr'>φειν</span> <span class='ocrx_word' id='word_1_95' title='bbox 264 1730 309 1785; x_wconf 77' lang='grc' dir='ltr'>ἐν</span> <span class='ocrx_word' id='word_1_96' title='bbox 333 1729 573 1811; x_wconf 79' lang='grc' dir='ltr'>παρέργῳ</span> <span class='ocrx_word' id='word_1_97' title='bbox 627 1736 857 1813; x_wconf 74' lang='grc' dir='ltr'>μελετᾷν</span> <span class='ocrx_word' id='word_1_98' title='bbox 894 1734 1125 1812; x_wconf 77' lang='grc' dir='ltr'>οἰόμενος</span> <span class='ocrx_word' id='word_1_99' title='bbox 1148 1742 1375 1818; x_wconf 77' lang='grc' dir='ltr'>χρῆναι,</span> <span class='ocrx_word' id='word_1_100' title='bbox 1418 1742 1510 1801; x_wconf 78' lang='grc' dir='ltr'>καὶ</span> <span class='ocrx_word' id='word_1_101' title='bbox 1556 1744 1677 1814; x_wconf 77' lang='grc' dir='ltr'>τοὺς</span> 
     </span>
     <span class='ocr_line' id='line_1_15' title="bbox 156 1816 1678 1900; baseline 0.015 -31"><span class='ocrx_word' id='word_1_102' title='bbox 156 1816 223 1870; x_wconf 84' lang='grc' dir='ltr'>ἐπ’</span> <span class='ocrx_word' id='word_1_103' title='bbox 262 1818 375 1877; x_wconf 80' lang='grc' dir='ltr'>αὗτὸ</span> <span class='ocrx_word' id='word_1_104' title='bbox 398 1824 549 1878; x_wconf 80' lang='grc' dir='ltr'>τοῦτο</span> <span class='ocrx_word' id='word_1_105' title='bbox 598 1820 693 1880; x_wconf 79' lang='grc' dir='ltr'>τὸν</span> <span class='ocrx_word' id='word_1_106' title='bbox 746 1824 857 1900; x_wconf 85' lang='grc' dir='ltr'>βίον</span> <span class='ocrx_word' id='word_1_107' title='bbox 898 1824 1377 1895; x_wconf 79' lang='grc' dir='ltr'>καταναλίσκοντας</span> <span class='ocrx_word' id='word_1_108' title='bbox 1412 1832 1678 1892; x_wconf 78' lang='grc' dir='ltr'>ἄπολελεῒ·</span> 
     </span>
     <span class='ocr_line' id='line_1_16' title="bbox 155 1906 1673 1995; baseline 0.011 -34"><span class='ocrx_word' id='word_1_109' title='bbox 155 1908 256 1979; x_wconf 71' lang='grc' dir='ltr'>φθαι</span> <span class='ocrx_word' id='word_1_110' title='bbox 283 1906 401 1965; x_wconf 78' lang='grc' dir='ltr'>πολὺ</span> <span class='ocrx_word' id='word_1_111' title='bbox 436 1906 527 1967; x_wconf 79' lang='grc' dir='ltr'>καὶ</span> <span class='ocrx_word' id='word_1_112' title='bbox 580 1910 864 1989; x_wconf 75' lang='grc' dir='ltr'>ῥητορικῆς</span> <span class='ocrx_word' id='word_1_113' title='bbox 906 1910 997 1969; x_wconf 76' lang='grc' dir='ltr'>καὶ</span> <span class='ocrx_word' id='word_1_114' title='bbox 1018 1914 1323 1993; x_wconf 73' lang='grc' dir='ltr'>φιλοσοφίας</span> <span class='ocrx_word' id='word_1_115' title='bbox 1356 1919 1673 1995; x_wconf 78' lang='grc' dir='ltr'>ὑπειληφώς,</span> 
     </span>
     <span class='ocr_line' id='line_1_17' title="bbox 152 1992 1672 2087; baseline 0.013 -40"><span class='ocrx_word' id='word_1_116' title='bbox 152 1992 225 2047; x_wconf 83' lang='grc' dir='ltr'>καὶ</span> <span class='ocrx_word' id='word_1_117' title='bbox 249 1994 359 2053; x_wconf 77' lang='grc' dir='ltr'>πολὺ</span> <span class='ocrx_word' id='word_1_118' title='bbox 402 1996 726 2077; x_wconf 84' lang='grc' dir='ltr'>δικαιότερον</span> <span class='ocrx_word' id='word_1_119' title='bbox 778 1997 839 2055; x_wconf 69' lang='grc' dir='ltr'>ἂν</span> <span class='ocrx_word' id='word_1_120' title='bbox 878 1999 1100 2069; x_wconf 80' lang='grc' dir='ltr'>ποιητὰς</span> <span class='ocrx_word' id='word_1_121' title='bbox 1126 1998 1161 2073; x_wconf 82' lang='grc' dir='ltr'>ἢ</span> <span class='ocrx_word' id='word_1_122' title='bbox 1190 2006 1439 2082; x_wconf 76' lang='grc' dir='ltr'>σοφιστὰς</span> <span class='ocrx_word' id='word_1_123' title='bbox 1470 2029 1672 2087; x_wconf 88' lang='grc' dir='ltr'>προσα-</span> 
     </span>
    </p>

    <p class='ocr_par' dir='ltr' id='par_1_6' title="bbox 96 2079 679 2159">
     <span class='ocr_line' id='line_1_18' title="bbox 96 2079 679 2159; baseline 0.009 -22"><span class='ocrx_word' id='word_1_124' title='bbox 96 2098 133 2137; x_wconf 74' lang='lat'>15</span> <span class='ocrx_word' id='word_1_125' title='bbox 150 2079 405 2159; x_wconf 75' lang='grc' dir='ltr'>γορεύεσθαι</span> <span class='ocrx_word' id='word_1_126' title='bbox 429 2083 679 2159; x_wconf 81' lang='grc' dir='ltr'>νομίζων.</span> 
     </span>
    </p>

    <p class='ocr_par' dir='ltr' id='par_1_7' title="bbox 143 2162 1675 2524">
     <span class='ocr_line' id='line_1_19' title="bbox 210 2162 1671 2257; baseline 0.01 -32"><span class='ocrx_word' id='word_1_127' title='bbox 210 2187 248 2226; x_wconf 79' lang='lat'>2.</span> <span class='ocrx_word' id='word_1_128' title='bbox 262 2170 461 2245; x_wconf 83' lang='grc' dir='ltr'>Πρῶτον</span> <span class='ocrx_word' id='word_1_129' title='bbox 480 2170 575 2247; x_wconf 82' lang='grc' dir='ltr'>μὲν</span> <span class='ocrx_word' id='word_1_130' title='bbox 592 2162 689 2231; x_wconf 65' lang='grc' dir='ltr'>οὖν</span> <span class='ocrx_word' id='word_1_131' title='bbox 712 2172 943 2231; x_wconf 71' lang='grc' dir='ltr'>ἐντεῦθεν</span> <span class='ocrx_word' id='word_1_132' title='bbox 967 2174 1029 2232; x_wconf 80' lang='grc' dir='ltr'>ἄν</span> <span class='ocrx_word' id='word_1_133' title='bbox 1046 2198 1124 2241; x_wconf 91' lang='grc' dir='ltr'>τις</span> <span class='ocrx_word' id='word_1_134' title='bbox 1137 2176 1553 2257; x_wconf 77' lang='grc' dir='ltr'>καταφρονήσειε</span> <span class='ocrx_word' id='word_1_135' title='bbox 1578 2184 1671 2239; x_wconf 76' lang='grc' dir='ltr'>τοῦ</span> 
     </span>
     <span class='ocr_line' id='line_1_20' title="bbox 145 2250 1673 2348; baseline 0.009 -35"><span class='ocrx_word' id='word_1_136' title='bbox 145 2254 341 2333; x_wconf 72' lang='grc' dir='ltr'>γράφειν,</span> <span class='ocrx_word' id='word_1_137' title='bbox 373 2256 425 2327; x_wconf 75' lang='grc' dir='ltr'>ἐξ</span> <span class='ocrx_word' id='word_1_138' title='bbox 450 2250 521 2318; x_wconf 71' lang='grc' dir='ltr'>ὧν</span> <span class='ocrx_word' id='word_1_139' title='bbox 547 2258 695 2318; x_wconf 78' lang='grc' dir='ltr'>ἐστὶν</span> <span class='ocrx_word' id='word_1_140' title='bbox 726 2259 1017 2322; x_wconf 78' lang='grc' dir='ltr'>εὐεπίθετον</span> <span class='ocrx_word' id='word_1_141' title='bbox 1042 2264 1131 2322; x_wconf 76' lang='grc' dir='ltr'>καὶ</span> <span class='ocrx_word' id='word_1_142' title='bbox 1166 2263 1337 2347; x_wconf 76' lang='grc' dir='ltr'>ῥᾴδιον</span> <span class='ocrx_word' id='word_1_143' title='bbox 1366 2266 1461 2324; x_wconf 82' lang='grc' dir='ltr'>καὶ</span> <span class='ocrx_word' id='word_1_144' title='bbox 1487 2272 1555 2348; x_wconf 83' lang='grc' dir='ltr'>τῇ</span> <span class='ocrx_word' id='word_1_145' title='bbox 1573 2291 1673 2327; x_wconf 87' lang='grc' dir='ltr'>τυ-</span> 
     </span>
     <span class='ocr_line' id='line_1_21' title="bbox 146 2342 1675 2435; baseline 0.012 -38"><span class='ocrx_word' id='word_1_146' title='bbox 146 2342 285 2420; x_wconf 75' lang='grc' dir='ltr'>χούσῃ</span> <span class='ocrx_word' id='word_1_147' title='bbox 306 2346 444 2421; x_wconf 83' lang='grc' dir='ltr'>φύσει</span> <span class='ocrx_word' id='word_1_148' title='bbox 474 2346 783 2429; x_wconf 85' lang='grc' dir='ltr'>πρόχειρον.</span> <span class='ocrx_word' id='word_1_149' title='bbox 813 2350 1001 2408; x_wconf 72' lang='lat' dir='ltr'><strong>Eia-etv</strong></span> <span class='ocrx_word' id='word_1_150' title='bbox 1022 2350 1119 2428; x_wconf 85' lang='grc' dir='ltr'>μὲν</span> <span class='ocrx_word' id='word_1_151' title='bbox 1160 2352 1263 2433; x_wconf 79' lang='grc' dir='ltr'>γὰρ</span> <span class='ocrx_word' id='word_1_152' title='bbox 1285 2355 1343 2411; x_wconf 82' lang='grc' dir='ltr'>ἐκ</span> <span class='ocrx_word' id='word_1_153' title='bbox 1379 2358 1469 2413; x_wconf 76' lang='grc' dir='ltr'>τοῦ</span> <span class='ocrx_word' id='word_1_154' title='bbox 1490 2376 1675 2435; x_wconf 85' lang='grc' dir='ltr'>παρα-</span> 
     </span>
     <span class='ocr_line' id='line_1_22' title="bbox 143 2433 1671 2524; baseline 0.009 -35"><span class='ocrx_word' id='word_1_155' title='bbox 143 2434 297 2509; x_wconf 72' lang='grc' dir='ltr'>χρῆμα</span> <span class='ocrx_word' id='word_1_156' title='bbox 308 2433 515 2512; x_wconf 78' lang='grc' dir='ltr'>περὶτοῦ</span> <span class='ocrx_word' id='word_1_157' title='bbox 534 2436 1211 2517; x_wconf 75' lang='grc' dir='ltr'>παρατυχόντοςέπιεικῶς,</span> <span class='ocrx_word' id='word_1_158' title='bbox 1224 2441 1316 2501; x_wconf 86' lang='grc' dir='ltr'>καὶ</span> <span class='ocrx_word' id='word_1_159' title='bbox 1330 2443 1521 2524; x_wconf 68' lang='grc' dir='ltr'>ταχείᾳ</span> <span class='ocrx_word' id='word_1_160' title='bbox 1540 2444 1671 2523; x_wconf 76' lang='grc' dir='ltr'>χρή·</span> 
     </span>
    </p>

    <p class='ocr_par' dir='ltr' id='par_1_8' title="bbox 82 2524 1671 2965">
     <span class='ocr_line' id='line_1_23' title="bbox 82 2524 1670 2613; baseline 0.01 -38"><span class='ocrx_word' id='word_1_161' title='bbox 82 2537 125 2575; x_wconf 66' lang='lat' dir='ltr'>ao</span> <span class='ocrx_word' id='word_1_162' title='bbox 144 2524 411 2580; x_wconf 79' lang='grc' dir='ltr'>σασθαιτῶν</span> <span class='ocrx_word' id='word_1_163' title='bbox 432 2524 820 2601; x_wconf 73' lang='grc' dir='ltr'>ἐνθυμημάτων</span> <span class='ocrx_word' id='word_1_164' title='bbox 850 2526 941 2585; x_wconf 79' lang='grc' dir='ltr'>καὶ</span> <span class='ocrx_word' id='word_1_165' title='bbox 968 2530 1075 2587; x_wconf 82' lang='grc' dir='ltr'>τῶν</span> <span class='ocrx_word' id='word_1_166' title='bbox 1110 2530 1389 2606; x_wconf 75' lang='grc' dir='ltr'>ὀνομάτων</span> <span class='ocrx_word' id='word_1_167' title='bbox 1418 2531 1637 2613; x_wconf 75' lang='grc' dir='ltr'>εὐπορίᾳ</span> <span class='ocrx_word' id='word_1_168' title='bbox 1654 2578 1670 2605; x_wconf 93' lang='grc'>,</span> 
     </span>
     <span class='ocr_line' id='line_1_24' title="bbox 143 2606 1669 2696; baseline 0.009 -33"><span class='ocrx_word' id='word_1_169' title='bbox 143 2606 215 2665; x_wconf 80' lang='grc' dir='ltr'>καὶ</span> <span class='ocrx_word' id='word_1_170' title='bbox 238 2611 305 2689; x_wconf 70' lang='grc' dir='ltr'>τῷ</span> <span class='ocrx_word' id='word_1_171' title='bbox 322 2613 479 2692; x_wconf 77' lang='grc' dir='ltr'>καιρῷ</span> <span class='ocrx_word' id='word_1_172' title='bbox 503 2616 611 2671; x_wconf 80' lang='grc' dir='ltr'>τῶν</span> <span class='ocrx_word' id='word_1_173' title='bbox 636 2612 967 2693; x_wconf 79' lang='grc' dir='ltr'>πραγμάτων</span> <span class='ocrx_word' id='word_1_174' title='bbox 991 2616 1083 2674; x_wconf 82' lang='grc' dir='ltr'>καὶ</span> <span class='ocrx_word' id='word_1_175' title='bbox 1103 2625 1219 2684; x_wconf 86' lang='grc' dir='ltr'>ταῖς</span> <span class='ocrx_word' id='word_1_176' title='bbox 1238 2619 1541 2696; x_wconf 74' lang='grc' dir='ltr'>ἐπιθυμίαις</span> <span class='ocrx_word' id='word_1_177' title='bbox 1560 2624 1669 2679; x_wconf 81' lang='grc' dir='ltr'>τῶν</span> 
     </span>
     <span class='ocr_line' id='line_1_25' title="bbox 145 2692 1671 2787; baseline 0.011 -37"><span class='ocrx_word' id='word_1_178' title='bbox 145 2692 391 2771; x_wconf 73' lang='grc' dir='ltr'>ἀνθρώπων</span> <span class='ocrx_word' id='word_1_179' title='bbox 410 2698 679 2778; x_wconf 75' lang='grc' dir='ltr'>εὐστόχως</span> <span class='ocrx_word' id='word_1_180' title='bbox 698 2703 1045 2773; x_wconf 79' lang='grc' dir='ltr'>ἀκολουθῆσαι</span> <span class='ocrx_word' id='word_1_181' title='bbox 1062 2747 1079 2779; x_wconf 87' lang='grc'>,</span> <span class='ocrx_word' id='word_1_182' title='bbox 1104 2708 1194 2763; x_wconf 79' lang='grc' dir='ltr'>καὶ</span> <span class='ocrx_word' id='word_1_183' title='bbox 1222 2705 1308 2765; x_wconf 79' lang='grc' dir='ltr'>τὸν</span> <span class='ocrx_word' id='word_1_184' title='bbox 1337 2708 1671 2787; x_wconf 82' lang='grc' dir='ltr'>προσήκοντα</span> 
     </span>
     <span class='ocr_line' id='line_1_26' title="bbox 142 2778 1665 2870; baseline 0.016 -36"><span class='ocrx_word' id='word_1_185' title='bbox 142 2778 265 2857; x_wconf 76' lang='grc' dir='ltr'>λόγον</span> <span class='ocrx_word' id='word_1_186' title='bbox 282 2784 427 2843; x_wconf 79' lang='grc' dir='ltr'>εἰπεῖν</span> <span class='ocrx_word' id='word_1_187' title='bbox 445 2783 564 2846; x_wconf 80' lang='grc' dir='ltr'>οὔτε</span> <span class='ocrx_word' id='word_1_188' title='bbox 586 2786 795 2869; x_wconf 83' lang='grc' dir='ltr'>φύσεως</span> <span class='ocrx_word' id='word_1_189' title='bbox 822 2790 1035 2864; x_wconf 81' lang='grc' dir='ltr'>ἁπάσης</span> <span class='ocrx_word' id='word_1_190' title='bbox 1055 2792 1171 2852; x_wconf 73' lang='grc' dir='ltr'>οὔτε</span> <span class='ocrx_word' id='word_1_191' title='bbox 1201 2796 1442 2864; x_wconf 84' lang='grc' dir='ltr'>παιδείας</span> <span class='ocrx_word' id='word_1_192' title='bbox 1465 2802 1557 2870; x_wconf 78' lang='grc' dir='ltr'>τῆς</span> <span class='ocrx_word' id='word_1_193' title='bbox 1578 2821 1665 2857; x_wconf 86' lang='grc' dir='ltr'>τυ·</span> 
     </span>
     <span class='ocr_line' id='line_1_27' title="bbox 141 2869 1667 2965; baseline 0.012 -38"><span class='ocrx_word' id='word_1_194' title='bbox 141 2869 301 2944; x_wconf 81' lang='grc' dir='ltr'>χούσης</span> <span class='ocrx_word' id='word_1_195' title='bbox 316 2872 465 2931; x_wconf 82' lang='grc' dir='ltr'>ἐστίν·</span> <span class='ocrx_word' id='word_1_196' title='bbox 492 2878 549 2934; x_wconf 72' lang='grc' dir='ltr'>ἐν</span> <span class='ocrx_word' id='word_1_197' title='bbox 578 2877 767 2955; x_wconf 78' lang='grc' dir='ltr'>πολλῷ</span> <span class='ocrx_word' id='word_1_198' title='bbox 783 2876 837 2937; x_wconf 81' lang='grc' dir='ltr'>δὲ</span> <span class='ocrx_word' id='word_1_199' title='bbox 852 2878 1025 2959; x_wconf 84' lang='grc' dir='ltr'>χρόνῳ</span> <span class='ocrx_word' id='word_1_200' title='bbox 1043 2880 1245 2961; x_wconf 79' lang='grc' dir='ltr'>γράψαι</span> <span class='ocrx_word' id='word_1_201' title='bbox 1267 2883 1357 2941; x_wconf 79' lang='grc' dir='ltr'>καὶ</span> <span class='ocrx_word' id='word_1_202' title='bbox 1375 2884 1515 2943; x_wconf 78' lang='grc' dir='ltr'>κατὰ</span> <span class='ocrx_word' id='word_1_203' title='bbox 1542 2909 1667 2965; x_wconf 81' lang='grc' dir='ltr'>σχο-</span> 
     </span>
    </p>

    <p class='ocr_par' dir='ltr' id='par_1_9' title="bbox 86 2956 1671 3401">
     <span class='ocr_line' id='line_1_28' title="bbox 86 2956 1667 3051; baseline 0.014 -40"><span class='ocrx_word' id='word_1_204' title='bbox 86 2974 125 3012; x_wconf 68' lang='lat' dir='ltr'>aa</span> <span class='ocrx_word' id='word_1_205' title='bbox 141 2956 219 3027; x_wconf 72' lang='grc' dir='ltr'>λὴν</span> <span class='ocrx_word' id='word_1_206' title='bbox 231 2960 589 3040; x_wconf 76' lang='grc' dir='ltr'>ἐπανορθῶσαι,</span> <span class='ocrx_word' id='word_1_207' title='bbox 606 2966 702 3023; x_wconf 80' lang='grc' dir='ltr'>καὶ</span> <span class='ocrx_word' id='word_1_208' title='bbox 712 2967 1075 3047; x_wconf 81' lang='grc' dir='ltr'>παραθέμενον</span> <span class='ocrx_word' id='word_1_209' title='bbox 1087 2971 1152 3028; x_wconf 82' lang='grc' dir='ltr'>τὰ</span> <span class='ocrx_word' id='word_1_210' title='bbox 1163 2973 1267 3029; x_wconf 82' lang='grc' dir='ltr'>τῶν</span> <span class='ocrx_word' id='word_1_211' title='bbox 1280 2973 1667 3051; x_wconf 86' lang='grc' dir='ltr'>προγεγονότων</span> 
     </span>
     <span class='ocr_line' id='line_1_29' title="bbox 140 3052 1669 3139; baseline 0.012 -37"><span class='ocrx_word' id='word_1_212' title='bbox 140 3052 358 3123; x_wconf 74' lang='grc' dir='ltr'>σοφιστῶν</span> <span class='ocrx_word' id='word_1_213' title='bbox 377 3052 773 3132; x_wconf 85' lang='grc' dir='ltr'>συγγράμματα</span> <span class='ocrx_word' id='word_1_214' title='bbox 796 3054 1121 3135; x_wconf 83' lang='grc' dir='ltr'>πολλαχόθεν</span> <span class='ocrx_word' id='word_1_215' title='bbox 1150 3060 1221 3126; x_wconf 83' lang='grc' dir='ltr'>εἷς</span> <span class='ocrx_word' id='word_1_216' title='bbox 1241 3058 1429 3117; x_wconf 80' lang='grc' dir='ltr'>ταύτὸν</span> <span class='ocrx_word' id='word_1_217' title='bbox 1450 3062 1669 3139; x_wconf 77' lang='grc' dir='ltr'>ἐνθυμῆ·</span> 
     </span>
     <span class='ocr_line' id='line_1_30' title="bbox 142 3138 1671 3225; baseline 0.012 -37"><span class='ocrx_word' id='word_1_218' title='bbox 142 3154 259 3205; x_wconf 79' lang='grc' dir='ltr'>ματα</span> <span class='ocrx_word' id='word_1_219' title='bbox 278 3147 585 3217; x_wconf 84' lang='grc' dir='ltr'>συναγεῖραι,</span> <span class='ocrx_word' id='word_1_220' title='bbox 618 3138 714 3199; x_wconf 80' lang='grc' dir='ltr'>καὶ</span> <span class='ocrx_word' id='word_1_221' title='bbox 742 3141 1077 3217; x_wconf 74' lang='grc' dir='ltr'>μιμήσασθαι</span> <span class='ocrx_word' id='word_1_222' title='bbox 1104 3144 1198 3214; x_wconf 76' lang='grc' dir='ltr'>τὰς</span> <span class='ocrx_word' id='word_1_223' title='bbox 1227 3149 1330 3205; x_wconf 76' lang='grc' dir='ltr'>τῶν</span> <span class='ocrx_word' id='word_1_224' title='bbox 1370 3138 1429 3206; x_wconf 69' lang='grc' dir='ltr'>εὗ</span> <span class='ocrx_word' id='word_1_225' title='bbox 1451 3148 1671 3225; x_wconf 78' lang='grc' dir='ltr'>λεγομέ·</span> 
     </span>
     <span class='ocr_line' id='line_1_31' title="bbox 138 3224 1663 3305; baseline 0.011 -27"><span class='ocrx_word' id='word_1_226' title='bbox 138 3224 506 3303; x_wconf 78' lang='grc' dir='ltr'>νωνέπιτυχίας,</span> <span class='ocrx_word' id='word_1_227' title='bbox 532 3227 627 3286; x_wconf 84' lang='grc' dir='ltr'>καὶ</span> <span class='ocrx_word' id='word_1_228' title='bbox 650 3226 720 3287; x_wconf 77' lang='grc' dir='ltr'>τὰ</span> <span class='ocrx_word' id='word_1_229' title='bbox 743 3228 837 3302; x_wconf 79' lang='grc' dir='ltr'>μὲν</span> <span class='ocrx_word' id='word_1_230' title='bbox 862 3231 925 3288; x_wconf 70' lang='grc' dir='ltr'>ἐκ</span> <span class='ocrx_word' id='word_1_231' title='bbox 942 3235 1037 3303; x_wconf 75' lang='grc' dir='ltr'>τῆς</span> <span class='ocrx_word' id='word_1_232' title='bbox 1060 3236 1165 3291; x_wconf 82' lang='grc' dir='ltr'>τῶν</span> <span class='ocrx_word' id='word_1_233' title='bbox 1187 3233 1407 3293; x_wconf 81' lang='grc' dir='ltr'>ἰδιωτῶν</span> <span class='ocrx_word' id='word_1_234' title='bbox 1428 3235 1663 3305; x_wconf 69' lang='grc' dir='ltr'>συμίου-</span> 
     </span>
     <span class='ocr_line' id='line_1_32' title="bbox 139 3306 1667 3401; baseline 0.012 -38"><span class='ocrx_word' id='word_1_235' title='bbox 139 3306 234 3373; x_wconf 80' lang='grc' dir='ltr'>λίας</span> <span class='ocrx_word' id='word_1_236' title='bbox 254 3312 737 3394; x_wconf 75' lang='grc' dir='ltr'>ἐπανορθώσασθαι,</span> <span class='ocrx_word' id='word_1_237' title='bbox 763 3316 831 3375; x_wconf 76' lang='grc' dir='ltr'>τὰ</span> <span class='ocrx_word' id='word_1_238' title='bbox 860 3317 915 3376; x_wconf 83' lang='grc' dir='ltr'>δὲ</span> <span class='ocrx_word' id='word_1_239' title='bbox 944 3318 1100 3378; x_wconf 80' lang='grc' dir='ltr'>αὐτὸν</span> <span class='ocrx_word' id='word_1_240' title='bbox 1130 3322 1183 3378; x_wconf 78' lang='grc' dir='ltr'>ἐν</span> <span class='ocrx_word' id='word_1_241' title='bbox 1210 3323 1381 3401; x_wconf 77' lang='grc' dir='ltr'>ἐαυτῷ</span> <span class='ocrx_word' id='word_1_242' title='bbox 1413 3323 1667 3392; x_wconf 84' lang='grc' dir='ltr'>πολλάκις</span> 
     </span>
    </p>

    <p class='ocr_par' dir='ltr' id='par_1_10' title="bbox 80 3397 1666 3841">
     <span class='ocr_line' id='line_1_33' title="bbox 80 3397 1666 3490; baseline 0.012 -39"><span class='ocrx_word' id='word_1_243' title='bbox 80 3412 121 3452; x_wconf 78' lang='lat'>³0</span> <span class='ocrx_word' id='word_1_244' title='bbox 140 3397 505 3481; x_wconf 67' lang='grc' dir='ltr'>ἐπισκεψάμενον</span> <span class='ocrx_word' id='word_1_245' title='bbox 542 3410 879 3485; x_wconf 74' lang='grc' dir='ltr'>ἀνακαθᾶραι</span> <span class='ocrx_word' id='word_1_246' title='bbox 919 3406 1011 3465; x_wconf 77' lang='grc' dir='ltr'>καὶ</span> <span class='ocrx_word' id='word_1_247' title='bbox 1052 3408 1389 3490; x_wconf 81' lang='grc' dir='ltr'>μεταγράψαι</span> <span class='ocrx_word' id='word_1_248' title='bbox 1428 3410 1521 3469; x_wconf 79' lang='grc' dir='ltr'>καὶ</span> <span class='ocrx_word' id='word_1_249' title='bbox 1558 3419 1666 3478; x_wconf 83' lang='grc' dir='ltr'>τοῖς</span> 
     </span>
     <span class='ocr_line' id='line_1_34' title="bbox 140 3488 1663 3577; baseline 0.011 -36"><span class='ocrx_word' id='word_1_250' title='bbox 140 3488 424 3559; x_wconf 75' lang='grc' dir='ltr'>ἀπαιδεύτοις</span> <span class='ocrx_word' id='word_1_251' title='bbox 444 3493 625 3573; x_wconf 75' lang='grc' dir='ltr'>ῥᾴδιον</span> <span class='ocrx_word' id='word_1_252' title='bbox 652 3492 905 3574; x_wconf 75' lang='grc' dir='ltr'>πέφυκεν.</span> <span class='ocrx_word' id='word_1_253' title='bbox 994 3494 1155 3556; x_wconf 85' lang='grc' dir='ltr'>Ἔστι</span> <span class='ocrx_word' id='word_1_254' title='bbox 1175 3496 1220 3555; x_wconf 86' lang='grc' dir='ltr'>δ’</span> <span class='ocrx_word' id='word_1_255' title='bbox 1246 3498 1454 3557; x_wconf 83' lang='grc' dir='ltr'>ἅπαντα</span> <span class='ocrx_word' id='word_1_256' title='bbox 1477 3498 1544 3559; x_wconf 70' lang='grc' dir='ltr'>τὰ</span> <span class='ocrx_word' id='word_1_257' title='bbox 1568 3497 1663 3577; x_wconf 85' lang='grc' dir='ltr'>μὲν</span> 
     </span>
     <span class='ocr_line' id='line_1_35' title="bbox 139 3572 1665 3661; baseline 0.011 -33"><span class='ocrx_word' id='word_1_258' title='bbox 139 3572 277 3647; x_wconf 73' lang='grc' dir='ltr'>ἀγαθὰ</span> <span class='ocrx_word' id='word_1_259' title='bbox 296 3578 379 3637; x_wconf 79' lang='grc' dir='ltr'>καὶ</span> <span class='ocrx_word' id='word_1_260' title='bbox 419 3579 560 3639; x_wconf 79' lang='grc' dir='ltr'>καλὰ</span> <span class='ocrx_word' id='word_1_261' title='bbox 604 3580 807 3640; x_wconf 84' lang='grc' dir='ltr'>σπάνια</span> <span class='ocrx_word' id='word_1_262' title='bbox 840 3581 931 3640; x_wconf 82' lang='grc' dir='ltr'>καὶ</span> <span class='ocrx_word' id='word_1_263' title='bbox 972 3583 1185 3661; x_wconf 81' lang='grc' dir='ltr'>χαλεπὰ</span> <span class='ocrx_word' id='word_1_264' title='bbox 1226 3584 1317 3642; x_wconf 79' lang='grc' dir='ltr'>καὶ</span> <span class='ocrx_word' id='word_1_265' title='bbox 1359 3585 1445 3644; x_wconf 83' lang='grc' dir='ltr'>διὰ</span> <span class='ocrx_word' id='word_1_266' title='bbox 1489 3586 1665 3647; x_wconf 87' lang='grc' dir='ltr'>πόνων</span> 
     </span>
     <span class='ocr_line' id='line_1_36' title="bbox 140 3662 1661 3755; baseline 0.011 -36"><span class='ocrx_word' id='word_1_267' title='bbox 140 3662 315 3723; x_wconf 76' lang='grc' dir='ltr'>εἰωθότα</span> <span class='ocrx_word' id='word_1_268' title='bbox 340 3668 637 3747; x_wconf 82' lang='grc' dir='ltr'>γίγνεσθαι,</span> <span class='ocrx_word' id='word_1_269' title='bbox 679 3668 747 3726; x_wconf 84' lang='grc' dir='ltr'>τὰ</span> <span class='ocrx_word' id='word_1_270' title='bbox 780 3668 833 3727; x_wconf 80' lang='grc' dir='ltr'>δὲ</span> <span class='ocrx_word' id='word_1_271' title='bbox 878 3669 1101 3729; x_wconf 80' lang='grc' dir='ltr'>ταπεινὰ</span> <span class='ocrx_word' id='word_1_272' title='bbox 1128 3670 1219 3731; x_wconf 84' lang='grc' dir='ltr'>καὶ</span> <span class='ocrx_word' id='word_1_273' title='bbox 1263 3676 1437 3753; x_wconf 81' lang='grc' dir='ltr'>φαῦλα</span> <span class='ocrx_word' id='word_1_274' title='bbox 1476 3675 1661 3755; x_wconf 73' lang='grc' dir='ltr'>ῥᾳδίαν</span> 
     </span>
     <span class='ocr_line' id='line_1_37' title="bbox 137 3748 1659 3841; baseline 0.007 -31"><span class='ocrx_word' id='word_1_275' title='bbox 137 3748 224 3827; x_wconf 80' lang='grc' dir='ltr'>ἔχει</span> <span class='ocrx_word' id='word_1_276' title='bbox 250 3758 440 3833; x_wconf 74' lang='grc' dir='ltr'>κτῆσιν,</span> <span class='ocrx_word' id='word_1_277' title='bbox 470 3758 601 3816; x_wconf 80' lang='grc' dir='ltr'>ὥστ’</span> <span class='ocrx_word' id='word_1_278' title='bbox 633 3757 815 3829; x_wconf 78' lang='grc' dir='ltr'>ἐπειδὴ</span> <span class='ocrx_word' id='word_1_279' title='bbox 848 3758 909 3817; x_wconf 83' lang='grc' dir='ltr'>τὸ</span> <span class='ocrx_word' id='word_1_280' title='bbox 933 3758 1151 3841; x_wconf 78' lang='grc' dir='ltr'>γράφειν</span> <span class='ocrx_word' id='word_1_281' title='bbox 1180 3766 1271 3820; x_wconf 79' lang='grc' dir='ltr'>τοῦ</span> <span class='ocrx_word' id='word_1_282' title='bbox 1308 3760 1479 3840; x_wconf 83' lang='grc' dir='ltr'>λέγειν</span> <span class='ocrx_word' id='word_1_283' title='bbox 1517 3768 1659 3821; x_wconf 80' lang='grc' dir='ltr'>ἑτοι-</span> 
     </span>
    </p>

    <p class='ocr_par' dir='ltr' id='par_1_11' title="bbox 78 3840 1660 4011">
     <span class='ocr_line' id='line_1_38' title="bbox 78 3840 1660 3924; baseline 0.011 -30"><span class='ocrx_word' id='word_1_284' title='bbox 78 3858 119 3895; x_wconf 70' lang='grc' dir='ltr'>ιε</span> <span class='ocrx_word' id='word_1_285' title='bbox 138 3840 319 3920; x_wconf 84' lang='grc' dir='ltr'>μότερον</span> <span class='ocrx_word' id='word_1_286' title='bbox 342 3848 467 3921; x_wconf 82' lang='grc' dir='ltr'>ἡμῖν</span> <span class='ocrx_word' id='word_1_287' title='bbox 508 3846 679 3919; x_wconf 79' lang='grc' dir='ltr'>ἐστίν,</span> <span class='ocrx_word' id='word_1_288' title='bbox 710 3847 920 3915; x_wconf 79' lang='grc' dir='ltr'>εἰκότως</span> <span class='ocrx_word' id='word_1_289' title='bbox 950 3845 1015 3905; x_wconf 85' lang='grc' dir='ltr'>ἂν</span> <span class='ocrx_word' id='word_1_290' title='bbox 1039 3850 1201 3909; x_wconf 81' lang='grc' dir='ltr'>αὐτοῦ</span> <span class='ocrx_word' id='word_1_291' title='bbox 1230 3850 1321 3909; x_wconf 81' lang='grc' dir='ltr'>καὶ</span> <span class='ocrx_word' id='word_1_292' title='bbox 1352 3850 1447 3924; x_wconf 67' lang='grc' dir='ltr'>τὴν</span> <span class='ocrx_word' id='word_1_293' title='bbox 1474 3855 1660 3924; x_wconf 75' lang='grc' dir='ltr'>κτῆσιν</span> 
     </span>
     <span class='ocr_line' id='line_1_39' title="bbox 138 3926 891 4011; baseline 0.016 -29"><span class='ocrx_word' id='word_1_294' title='bbox 138 3926 362 4000; x_wconf 73' lang='grc' dir='ltr'>ἐλάττονος</span> <span class='ocrx_word' id='word_1_295' title='bbox 389 3932 533 4003; x_wconf 78' lang='grc' dir='ltr'>ἀξίαν</span> <span class='ocrx_word' id='word_1_296' title='bbox 564 3933 891 4011; x_wconf 87' lang='grc' dir='ltr'>νομίζοιμεν.</span> 
     </span>
    </p>

    <p class='ocr_par' dir='ltr' id='par_1_12' title="bbox 138 4016 1661 4285">
     <span class='ocr_line' id='line_1_40' title="bbox 199 4016 1660 4109; baseline 0.005 -29"><span class='ocrx_word' id='word_1_297' title='bbox 199 4036 237 4074; x_wconf 83' lang='lat'>³·</span> <span class='ocrx_word' id='word_1_298' title='bbox 274 4016 487 4081; x_wconf 75' lang='grc' dir='ltr'>Ἔπειτα</span> <span class='ocrx_word' id='word_1_299' title='bbox 510 4031 623 4091; x_wconf 86' lang='grc' dir='ltr'>τοῖς</span> <span class='ocrx_word' id='word_1_300' title='bbox 653 4023 752 4101; x_wconf 85' lang='grc' dir='ltr'>μὲν</span> <span class='ocrx_word' id='word_1_301' title='bbox 780 4023 947 4102; x_wconf 81' lang='grc' dir='ltr'>λέγειν</span> <span class='ocrx_word' id='word_1_302' title='bbox 977 4024 1160 4092; x_wconf 84' lang='grc' dir='ltr'>δεινοῖς</span> <span class='ocrx_word' id='word_1_303' title='bbox 1186 4026 1347 4092; x_wconf 79' lang='grc' dir='ltr'>οὐδεὶς</span> <span class='ocrx_word' id='word_1_304' title='bbox 1375 4024 1439 4084; x_wconf 79' lang='grc' dir='ltr'>ἂν</span> <span class='ocrx_word' id='word_1_305' title='bbox 1461 4033 1660 4109; x_wconf 80' lang='grc' dir='ltr'>φρονῶν</span> 
     </span>
     <span class='ocr_line' id='line_1_41' title="bbox 138 4100 1661 4195; baseline 0.012 -39"><span class='ocrx_word' id='word_1_306' title='bbox 138 4100 423 4178; x_wconf 72' lang='grc' dir='ltr'>ἀπιστήσειεν</span> <span class='ocrx_word' id='word_1_307' title='bbox 450 4114 521 4179; x_wconf 77' lang='grc' dir='ltr'>ὡς</span> <span class='ocrx_word' id='word_1_308' title='bbox 547 4113 609 4171; x_wconf 82' lang='grc' dir='ltr'>οὔ</span> <span class='ocrx_word' id='word_1_309' title='bbox 634 4110 823 4189; x_wconf 81' lang='grc' dir='ltr'>μικρὸν</span> <span class='ocrx_word' id='word_1_310' title='bbox 850 4110 947 4183; x_wconf 78' lang='grc' dir='ltr'>τὴν</span> <span class='ocrx_word' id='word_1_311' title='bbox 988 4116 1080 4184; x_wconf 75' lang='grc' dir='ltr'>τῆς</span> <span class='ocrx_word' id='word_1_312' title='bbox 1110 4116 1282 4195; x_wconf 78' lang='grc' dir='ltr'>ψυχῆς</span> <span class='ocrx_word' id='word_1_313' title='bbox 1309 4112 1413 4181; x_wconf 76' lang='grc' dir='ltr'>ἕξιν</span> <span class='ocrx_word' id='word_1_314' title='bbox 1462 4138 1661 4195; x_wconf 87' lang='grc' dir='ltr'>μεταρ-</span> 
     </span>
     <span class='ocr_line' id='line_1_42' title="bbox 140 4194 1659 4285; baseline 0.02 -38"><span class='ocrx_word' id='word_1_315' title='bbox 140 4194 435 4269; x_wconf 74' lang='grc' dir='ltr'>ρυθμίσαντες</span> <span class='ocrx_word' id='word_1_316' title='bbox 460 4202 709 4267; x_wconf 78' lang='grc' dir='ltr'>ἐπιεικῶς</span> <span class='ocrx_word' id='word_1_317' title='bbox 727 4200 1209 4282; x_wconf 69' lang='grc' dir='ltr'>λογογραφήσουσι,</span> <span class='ocrx_word' id='word_1_318' title='bbox 1232 4204 1338 4269; x_wconf 77' lang='grc' dir='ltr'>τοῖς</span> <span class='ocrx_word' id='word_1_319' title='bbox 1366 4202 1421 4263; x_wconf 75' lang='grc' dir='ltr'>δὲ</span> <span class='ocrx_word' id='word_1_320' title='bbox 1444 4204 1659 4285; x_wconf 68' lang='grc' dir='ltr'>γρᾶφῑῑν</span> 
     </span>
    </p>

    <p class='ocr_par' dir='ltr' id='par_1_13' title="bbox 80 4280 1660 4726">
     <span class='ocr_line' id='line_1_43' title="bbox 80 4280 1660 4366; baseline 0.003 -19"><span class='ocrx_word' id='word_1_321' title='bbox 80 4292 119 4332; x_wconf 74' lang='lat'>⁶⁰</span> <span class='ocrx_word' id='word_1_322' title='bbox 136 4280 406 4359; x_wconf 60' lang='grc' dir='ltr'>ἠσκημένοις</span> <span class='ocrx_word' id='word_1_323' title='bbox 446 4290 613 4356; x_wconf 76' lang='grc' dir='ltr'>οὐδεὶς</span> <span class='ocrx_word' id='word_1_324' title='bbox 652 4288 717 4347; x_wconf 75' lang='grc' dir='ltr'>ἂν</span> <span class='ocrx_word' id='word_1_325' title='bbox 746 4289 1077 4349; x_wconf 82' lang='grc' dir='ltr'>πιστεύσειεν</span> <span class='ocrx_word' id='word_1_326' title='bbox 1120 4294 1192 4359; x_wconf 77' lang='grc' dir='ltr'>ὡς</span> <span class='ocrx_word' id='word_1_327' title='bbox 1235 4291 1324 4350; x_wconf 73' lang='grc' dir='ltr'>ἐπὶ</span> <span class='ocrx_word' id='word_1_328' title='bbox 1360 4296 1455 4365; x_wconf 71' lang='grc' dir='ltr'>τῆς</span> <span class='ocrx_word' id='word_1_329' title='bbox 1500 4296 1660 4366; x_wconf 80' lang='grc' dir='ltr'>αὐτῆς</span> 
     </span>
     <span class='ocr_line' id='line_1_44' title="bbox 138 4366 1659 4464; baseline 0.011 -38"><span class='ocrx_word' id='word_1_330' title='bbox 138 4366 361 4445; x_wconf 76' lang='grc' dir='ltr'>δυνάμεως</span> <span class='ocrx_word' id='word_1_331' title='bbox 384 4376 472 4434; x_wconf 81' lang='grc' dir='ltr'>καὶ</span> <span class='ocrx_word' id='word_1_332' title='bbox 512 4376 690 4454; x_wconf 85' lang='grc' dir='ltr'>λέγειν</span> <span class='ocrx_word' id='word_1_333' title='bbox 721 4369 821 4437; x_wconf 80' lang='grc' dir='ltr'>οἷοί</span> <span class='ocrx_word' id='word_1_334' title='bbox 846 4402 905 4437; x_wconf 87' lang='grc' dir='ltr'>τε</span> <span class='ocrx_word' id='word_1_335' title='bbox 942 4378 1171 4439; x_wconf 79' lang='grc' dir='ltr'>ἔσονται.</span> <span class='ocrx_word' id='word_1_336' title='bbox 1255 4379 1394 4447; x_wconf 79' lang='grc' dir='ltr'>Τοὺς</span> <span class='ocrx_word' id='word_1_337' title='bbox 1430 4379 1524 4458; x_wconf 77' lang='grc' dir='ltr'>μὲν</span> <span class='ocrx_word' id='word_1_338' title='bbox 1556 4383 1659 4464; x_wconf 79' lang='grc' dir='ltr'>γὰρ</span> 
     </span>
     <span class='ocr_line' id='line_1_45' title="bbox 136 4452 1655 4546; baseline 0.013 -36"><span class='ocrx_word' id='word_1_339' title='bbox 136 4452 189 4511; x_wconf 69' lang='grc' dir='ltr'>τὰ</span> <span class='ocrx_word' id='word_1_340' title='bbox 204 4460 391 4535; x_wconf 75' lang='grc' dir='ltr'>χαλεπὰ</span> <span class='ocrx_word' id='word_1_341' title='bbox 417 4466 521 4521; x_wconf 73' lang='grc' dir='ltr'>τῶν</span> <span class='ocrx_word' id='word_1_342' title='bbox 554 4465 723 4546; x_wconf 83' lang='grc' dir='ltr'>ἔργων</span> <span class='ocrx_word' id='word_1_343' title='bbox 746 4468 1114 4535; x_wconf 74' lang='grc' dir='ltr'>ἐπιτελοῦντας</span> <span class='ocrx_word' id='word_1_344' title='bbox 1134 4467 1296 4539; x_wconf 79' lang='grc' dir='ltr'>εἰκός,</span> <span class='ocrx_word' id='word_1_345' title='bbox 1317 4467 1443 4527; x_wconf 82' lang='grc' dir='ltr'>ὅταν</span> <span class='ocrx_word' id='word_1_346' title='bbox 1474 4470 1562 4529; x_wconf 75' lang='grc' dir='ltr'>ἐπὶ</span> <span class='ocrx_word' id='word_1_347' title='bbox 1588 4474 1655 4531; x_wconf 78' lang='grc' dir='ltr'>τὰ</span> 
     </span>
     <span class='ocr_line' id='line_1_46' title="bbox 140 4540 1653 4639; baseline 0.007 -32"><span class='ocrx_word' id='word_1_348' title='bbox 140 4540 225 4621; x_wconf 59' lang='grc' dir='ltr'>ῥᾴω</span> <span class='ocrx_word' id='word_1_349' title='bbox 248 4546 333 4618; x_wconf 79' lang='grc' dir='ltr'>τὴν</span> <span class='ocrx_word' id='word_1_350' title='bbox 356 4550 571 4629; x_wconf 80' lang='grc' dir='ltr'>γνώμην</span> <span class='ocrx_word' id='word_1_351' title='bbox 608 4554 1012 4631; x_wconf 79' lang='grc' dir='ltr'>μεταστήσωσιν</span> <span class='ocrx_word' id='word_1_352' title='bbox 1029 4602 1045 4629; x_wconf 86' lang='grc'>,</span> <span class='ocrx_word' id='word_1_353' title='bbox 1074 4556 1305 4637; x_wconf 77' lang='grc' dir='ltr'>εὐπόρως</span> <span class='ocrx_word' id='word_1_354' title='bbox 1345 4560 1653 4639; x_wconf 81' lang='grc' dir='ltr'>μεταχειρί-</span> 
     </span>
     <span class='ocr_line' id='line_1_47' title="bbox 138 4637 1655 4726; baseline 0.013 -39"><span class='ocrx_word' id='word_1_355' title='bbox 138 4638 293 4691; x_wconf 73' lang='grc' dir='ltr'>σασθαι</span> <span class='ocrx_word' id='word_1_356' title='bbox 329 4637 417 4709; x_wconf 71' lang='grc' dir='ltr'>τὴν</span> <span class='ocrx_word' id='word_1_357' title='bbox 448 4644 551 4699; x_wconf 75' lang='grc' dir='ltr'>τῶν</span> <span class='ocrx_word' id='word_1_358' title='bbox 598 4642 928 4721; x_wconf 85' lang='grc' dir='ltr'>πραγμάτων</span> <span class='ocrx_word' id='word_1_359' title='bbox 977 4644 1328 4726; x_wconf 77' lang='grc' dir='ltr'>ἀπεργασίαν·</span> <span class='ocrx_word' id='word_1_360' title='bbox 1370 4655 1475 4713; x_wconf 86' lang='grc' dir='ltr'>τοῖς</span> <span class='ocrx_word' id='word_1_361' title='bbox 1506 4644 1561 4705; x_wconf 78' lang='grc' dir='ltr'>δὲ</span> <span class='ocrx_word' id='word_1_362' title='bbox 1588 4646 1655 4706; x_wconf 84' lang='grc' dir='ltr'>τὰ</span> 
     </span>
    </p>

    <p class='ocr_par' dir='ltr' id='par_1_14' title="bbox 78 4717 1654 5170">
     <span class='ocr_line' id='line_1_48' title="bbox 78 4717 1651 4814; baseline 0.011 -37"><span class='ocrx_word' id='word_1_363' title='bbox 78 4732 117 4771; x_wconf 74' lang='lat'>⁴⁵</span> <span class='ocrx_word' id='word_1_364' title='bbox 140 4717 263 4799; x_wconf 77' lang='grc' dir='ltr'>ῥᾴδια</span> <span class='ocrx_word' id='word_1_365' title='bbox 288 4729 729 4807; x_wconf 82' lang='grc' dir='ltr'>γεγυμνασμένοις</span> <span class='ocrx_word' id='word_1_366' title='bbox 757 4732 1033 4800; x_wconf 77' lang='grc' dir='ltr'>ἀντίτυπος</span> <span class='ocrx_word' id='word_1_367' title='bbox 1052 4732 1145 4794; x_wconf 75' lang='grc' dir='ltr'>καὶ</span> <span class='ocrx_word' id='word_1_368' title='bbox 1166 4732 1463 4814; x_wconf 82' lang='grc' dir='ltr'>προσάντης</span> <span class='ocrx_word' id='word_1_369' title='bbox 1491 4740 1523 4807; x_wconf 85' lang='grc' dir='ltr'>ἡ</span> <span class='ocrx_word' id='word_1_370' title='bbox 1548 4738 1651 4794; x_wconf 80' lang='grc' dir='ltr'>τῶν</span> 
     </span>
     <span class='ocr_line' id='line_1_49' title="bbox 135 4810 1654 4895; baseline 0.012 -30"><span class='ocrx_word' id='word_1_371' title='bbox 135 4810 473 4895; x_wconf 73' lang='grc' dir='ltr'>χαλεπωτέρων</span> <span class='ocrx_word' id='word_1_372' title='bbox 493 4817 769 4894; x_wconf 75' lang='grc' dir='ltr'>ἐπιμέλεια</span> <span class='ocrx_word' id='word_1_373' title='bbox 803 4820 1139 4883; x_wconf 86' lang='grc' dir='ltr'>καθίσταται.</span> <span class='ocrx_word' id='word_1_374' title='bbox 1226 4825 1271 4883; x_wconf 91' lang='grc' dir='ltr'><strong>Γ</strong></span> <span class='ocrx_word' id='word_1_375' title='bbox 1270 4822 1385 4893; x_wconf 83' lang='grc' dir='ltr'>νοίη</span> <span class='ocrx_word' id='word_1_376' title='bbox 1416 4822 1461 4880; x_wconf 82' lang='grc' dir='ltr'>δ’</span> <span class='ocrx_word' id='word_1_377' title='bbox 1484 4822 1547 4881; x_wconf 80' lang='grc' dir='ltr'>ἄν</span> <span class='ocrx_word' id='word_1_378' title='bbox 1577 4848 1654 4893; x_wconf 86' lang='grc' dir='ltr'>τις</span> 
     </span>
     <span class='ocr_line' id='line_1_50' title="bbox 132 4894 1653 4990; baseline 0.009 -34"><span class='ocrx_word' id='word_1_379' title='bbox 132 4894 334 4959; x_wconf 54' lang='lat' dir='ltr'><strong>insin&amp;</strong></span> <span class='ocrx_word' id='word_1_380' title='bbox 352 4908 451 4964; x_wconf 78' lang='grc' dir='ltr'>τῶν</span> <span class='ocrx_word' id='word_1_381' title='bbox 479 4906 941 4986; x_wconf 86' lang='grc' dir='ltr'>παραδειγμάτων.</span> <span class='ocrx_word' id='word_1_382' title='bbox 1027 4909 1096 4972; x_wconf 84' lang='lat' dir='ltr'>‘O</span> <span class='ocrx_word' id='word_1_383' title='bbox 1118 4910 1213 4989; x_wconf 79' lang='grc' dir='ltr'>μὲν</span> <span class='ocrx_word' id='word_1_384' title='bbox 1243 4910 1343 4990; x_wconf 81' lang='grc' dir='ltr'>γὰρ</span> <span class='ocrx_word' id='word_1_385' title='bbox 1365 4900 1489 4989; x_wconf 61' lang='grc' dir='ltr'>ἆραι</span> <span class='ocrx_word' id='word_1_386' title='bbox 1518 4912 1653 4990; x_wconf 84' lang='grc' dir='ltr'>μέγα</span> 
     </span>
     <span class='ocr_line' id='line_1_51' title="bbox 136 4986 1654 5083; baseline 0.011 -41"><span class='ocrx_word' id='word_1_387' title='bbox 136 4986 306 5059; x_wconf 68' lang='grc' dir='ltr'>φορτίον</span> <span class='ocrx_word' id='word_1_388' title='bbox 333 4992 610 5071; x_wconf 85' lang='grc' dir='ltr'>δυνάμενος</span> <span class='ocrx_word' id='word_1_389' title='bbox 641 4996 726 5055; x_wconf 78' lang='grc' dir='ltr'>ἐπὶ</span> <span class='ocrx_word' id='word_1_390' title='bbox 754 4998 821 5057; x_wconf 76' lang='grc' dir='ltr'>τὰ</span> <span class='ocrx_word' id='word_1_391' title='bbox 852 4997 1142 5083; x_wconf 83' lang='grc' dir='ltr'>κουφότερα</span> <span class='ocrx_word' id='word_1_392' title='bbox 1165 5000 1430 5078; x_wconf 81' lang='grc' dir='ltr'>μετελθὼν</span> <span class='ocrx_word' id='word_1_393' title='bbox 1466 4998 1654 5081; x_wconf 77' lang='grc' dir='ltr'>ῥᾳδίως</span> 
     </span>
     <span class='ocr_line' id='line_1_52' title="bbox 136 5079 1653 5170; baseline 0.012 -42"><span class='ocrx_word' id='word_1_394' title='bbox 136 5079 502 5159; x_wconf 72' lang='grc' dir='ltr'>μεταχειρίσαιτ’</span> <span class='ocrx_word' id='word_1_395' title='bbox 526 5085 610 5146; x_wconf 78' lang='grc' dir='ltr'>ἄν·</span> <span class='ocrx_word' id='word_1_396' title='bbox 634 5089 661 5143; x_wconf 79' lang='grc' dir='ltr'>ὁ</span> <span class='ocrx_word' id='word_1_397' title='bbox 689 5084 742 5145; x_wconf 76' lang='grc' dir='ltr'>δὲ</span> <span class='ocrx_word' id='word_1_398' title='bbox 764 5088 889 5168; x_wconf 82' lang='grc' dir='ltr'>πρὸς</span> <span class='ocrx_word' id='word_1_399' title='bbox 910 5087 978 5147; x_wconf 79' lang='grc' dir='ltr'>τὰ</span> <span class='ocrx_word' id='word_1_400' title='bbox 1006 5094 1175 5170; x_wconf 75' lang='grc' dir='ltr'>κοῦφα</span> <span class='ocrx_word' id='word_1_401' title='bbox 1204 5094 1273 5169; x_wconf 80' lang='grc' dir='ltr'>τῇ</span> <span class='ocrx_word' id='word_1_402' title='bbox 1307 5089 1527 5166; x_wconf 85' lang='grc' dir='ltr'>δυνάμει</span> <span class='ocrx_word' id='word_1_403' title='bbox 1558 5089 1653 5146; x_wconf 84' lang='grc' dir='ltr'>διι·</span> 
     </span>
    </p>

    <p class='ocr_par' dir='ltr' id='par_1_15' title="bbox 79 5162 1645 5258">
     <span class='ocr_line' id='line_1_53' title="bbox 79 5162 1645 5258; baseline 0.014 -45"><span class='ocrx_word' id='word_1_404' title='bbox 79 5176 117 5214; x_wconf 72' lang='grc' dir='ltr'>ω</span> <span class='ocrx_word' id='word_1_405' title='bbox 135 5162 369 5239; x_wconf 81' lang='grc' dir='ltr'>κνούμενος</span> <span class='ocrx_word' id='word_1_406' title='bbox 396 5171 539 5231; x_wconf 75' lang='grc' dir='ltr'>οὐδὲν</span> <span class='ocrx_word' id='word_1_407' title='bbox 566 5172 632 5231; x_wconf 77' lang='grc' dir='ltr'>ἂν</span> <span class='ocrx_word' id='word_1_408' title='bbox 656 5178 757 5232; x_wconf 79' lang='grc' dir='ltr'>τῶν</span> <span class='ocrx_word' id='word_1_409' title='bbox 780 5176 1079 5257; x_wconf 81' lang='grc' dir='ltr'>βαρυτέρων</span> <span class='ocrx_word' id='word_1_410' title='bbox 1117 5168 1223 5244; x_wconf 80' lang='grc' dir='ltr'>οἷός</span> <span class='ocrx_word' id='word_1_411' title='bbox 1250 5200 1307 5235; x_wconf 90' lang='grc' dir='ltr'>τε</span> <span class='ocrx_word' id='word_1_412' title='bbox 1343 5176 1423 5249; x_wconf 85' lang='grc' dir='ltr'>εἴη</span> <span class='ocrx_word' id='word_1_413' title='bbox 1453 5176 1645 5258; x_wconf 83' lang='grc' dir='ltr'>φέρειν.</span> 
     </span>
    </p>

    <p class='ocr_par' dir='ltr' id='par_1_16' title="bbox 140 5250 1646 5347">
     <span class='ocr_line' id='line_1_54' title="bbox 140 5250 1646 5347; baseline 0.005 -31"><span class='ocrx_word' id='word_1_414' title='bbox 140 5250 225 5309; x_wconf 64' lang='grc' dir='ltr'>Καὶ</span> <span class='ocrx_word' id='word_1_415' title='bbox 252 5256 395 5317; x_wconf 80' lang='grc' dir='ltr'>πάλιν</span> <span class='ocrx_word' id='word_1_416' title='bbox 428 5264 458 5319; x_wconf 80' lang='grc' dir='ltr'><strong>ὃ</strong></span> <span class='ocrx_word' id='word_1_417' title='bbox 500 5262 597 5339; x_wconf 80' lang='grc' dir='ltr'>μὲν</span> <span class='ocrx_word' id='word_1_418' title='bbox 642 5263 881 5338; x_wconf 81' lang='grc' dir='ltr'>ποδώκης</span> <span class='ocrx_word' id='word_1_419' title='bbox 917 5264 1133 5345; x_wconf 75' lang='grc' dir='ltr'>δρομεὺς</span> <span class='ocrx_word' id='word_1_420' title='bbox 1182 5264 1373 5347; x_wconf 71' lang='grc' dir='ltr'>ῥαδίως</span> <span class='ocrx_word' id='word_1_421' title='bbox 1414 5264 1646 5346; x_wconf 84' lang='grc' dir='ltr'>παρέπε·</span> 
     </span>
    </p>
   </div>
   <div class='ocr_carea' id='block_1_4' title="bbox 3207 466 3314 519">
    <p class='ocr_par' dir='ltr' id='par_1_17' title="bbox 3207 466 3314 519">
     <span class='ocr_line' id='line_1_55' title="bbox 3207 466 3314 519; baseline 0.028 -3"><span class='ocrx_word' id='word_1_422' title='bbox 3207 466 3314 519; x_wconf 72' lang='lat'>20!</span> 
     </span>
    </p>
   </div>
   <div class='ocr_carea' id='block_1_5' title="bbox 1832 602 3286 770">
    <p class='ocr_par' dir='ltr' id='par_1_18' title="bbox 1832 602 3286 770">
     <span class='ocr_line' id='line_1_56' title="bbox 1832 602 3286 680; baseline 0.013 -18"><span class='ocrx_word' id='word_1_423' title='bbox 1832 602 1934 663; x_wconf 84' lang='lat' dir='ltr'>DE</span> <span class='ocrx_word' id='word_1_424' title='bbox 1975 604 2440 669; x_wconf 77' lang='lat' dir='ltr'><strong>ORATIONUM</strong></span> <span class='ocrx_word' id='word_1_425' title='bbox 2484 608 3058 677; x_wconf 81' lang='lat' dir='ltr'>SCRIPTORIBUS</span> <span class='ocrx_word' id='word_1_426' title='bbox 3105 617 3286 680; x_wconf 78' lang='lat' dir='ltr'>SIVE</span> 
     </span>
     <span class='ocr_line' id='line_1_57' title="bbox 2292 704 2840 770; baseline 0.007 -7"><span class='ocrx_word' id='word_1_427' title='bbox 2292 704 2396 763; x_wconf 80' lang='lat' dir='ltr'>DE</span> <span class='ocrx_word' id='word_1_428' title='bbox 2429 705 2840 770; x_wconf 74' lang='lat' dir='ltr'><strong>sopulSTls.</strong></span> 
     </span>
    </p>
   </div>
   <div class='ocr_carea' id='block_1_6' title="bbox 1750 873 3344 4106">
    <p class='ocr_par' dir='ltr' id='par_1_19' title="bbox 1762 873 3344 2148">
     <span class='ocr_line' id='line_1_58' title="bbox 1837 873 3342 947; baseline 0.013 -25"><span class='ocrx_word' id='word_1_429' title='bbox 1837 873 2075 931; x_wconf 82' lang='lat' dir='ltr'><strong>Quoniam</strong></span> <span class='ocrx_word' id='word_1_430' title='bbox 2121 875 2479 941; x_wconf 74' lang='lat' dir='ltr'><strong>sophistarum,</strong></span> <span class='ocrx_word' id='word_1_431' title='bbox 2511 894 2637 943; x_wconf 83' lang='lat' dir='ltr'><strong>quos</strong></span> <span class='ocrx_word' id='word_1_432' title='bbox 2676 888 2881 947; x_wconf 81' lang='lat' dir='ltr'><strong>vocant,</strong></span> <span class='ocrx_word' id='word_1_433' title='bbox 2920 888 3140 938; x_wconf 76' lang='lat' dir='ltr'><strong>nonnulli</strong></span> <span class='ocrx_word' id='word_1_434' title='bbox 3181 890 3342 940; x_wconf 82' lang='lat' dir='ltr'><strong>scien·</strong></span> 
     </span>
     <span class='ocr_line' id='line_1_59' title="bbox 1766 965 3344 1035; baseline 0.013 -21"><span class='ocrx_word' id='word_1_435' title='bbox 1766 965 1889 1015; x_wconf 83' lang='lat' dir='ltr'><strong>-tiam</strong></span> <span class='ocrx_word' id='word_1_436' title='bbox 1904 968 2104 1029; x_wconf 84' lang='lat' dir='ltr'><strong>quidem</strong></span> <span class='ocrx_word' id='word_1_437' title='bbox 2125 974 2176 1019; x_wconf 88' lang='lat' dir='ltr'>et</span> <span class='ocrx_word' id='word_1_438' title='bbox 2197 970 2464 1022; x_wconf 83' lang='lat' dir='ltr'><strong>doctrinam</strong></span> <span class='ocrx_word' id='word_1_439' title='bbox 2487 974 2601 1023; x_wconf 72' lang='lat' dir='ltr'><strong>niliil</strong></span> <span class='ocrx_word' id='word_1_440' title='bbox 2621 979 2792 1026; x_wconf 86' lang='lat' dir='ltr'><strong>curant</strong></span> <span class='ocrx_word' id='word_1_441' title='bbox 2815 990 2872 1027; x_wconf 89' lang='lat' dir='ltr'>ae</span> <span class='ocrx_word' id='word_1_442' title='bbox 2895 978 3086 1029; x_wconf 88' lang='lat' dir='ltr'><strong>dicendi</strong></span> <span class='ocrx_word' id='word_1_443' title='bbox 3103 981 3344 1035; x_wconf 74' lang='lat' dir='ltr'><strong>facultatis</strong></span> 
     </span>
     <span class='ocr_line' id='line_1_60' title="bbox 1774 1059 3340 1139; baseline 0.014 -33"><span class='ocrx_word' id='word_1_444' title='bbox 1774 1059 1972 1121; x_wconf 78' lang='lat' dir='ltr'>perinde</span> <span class='ocrx_word' id='word_1_445' title='bbox 2013 1074 2072 1110; x_wconf 88' lang='lat' dir='ltr'>ac</span> <span class='ocrx_word' id='word_1_446' title='bbox 2093 1062 2268 1125; x_wconf 81' lang='lat' dir='ltr'><strong>privati</strong></span> <span class='ocrx_word' id='word_1_447' title='bbox 2307 1066 2358 1114; x_wconf 89' lang='lat' dir='ltr'>et</span> <span class='ocrx_word' id='word_1_448' title='bbox 2379 1078 2408 1113; x_wconf 86' lang='lat' dir='ltr'>a</span> <span class='ocrx_word' id='word_1_449' title='bbox 2435 1066 2522 1115; x_wconf 90' lang='lat' dir='ltr'><strong>fori</strong></span> <span class='ocrx_word' id='word_1_450' title='bbox 2565 1080 2658 1117; x_wconf 86' lang='lat' dir='ltr'>usu</span> <span class='ocrx_word' id='word_1_451' title='bbox 2683 1070 2856 1121; x_wconf 89' lang='lat' dir='ltr'><strong>remoti</strong></span> <span class='ocrx_word' id='word_1_452' title='bbox 2891 1072 3163 1137; x_wconf 82' lang='lat' dir='ltr'><strong>inexpertes</strong></span> <span class='ocrx_word' id='word_1_453' title='bbox 3197 1081 3340 1139; x_wconf 88' lang='lat' dir='ltr'><strong>sunt,</strong></span> 
     </span>
     <span class='ocr_line' id='line_1_61' title="bbox 1770 1153 3344 1233; baseline 0.013 -32"><span class='ocrx_word' id='word_1_454' title='bbox 1770 1153 2036 1204; x_wconf 77' lang='lat' dir='ltr'><strong>scribendis</strong></span> <span class='ocrx_word' id='word_1_455' title='bbox 2071 1158 2234 1206; x_wconf 84' lang='lat' dir='ltr'><strong>autem</strong></span> <span class='ocrx_word' id='word_1_456' title='bbox 2271 1159 2570 1210; x_wconf 85' lang='lat' dir='ltr'><strong>orationibus</strong></span> <span class='ocrx_word' id='word_1_457' title='bbox 2605 1174 2802 1227; x_wconf 87' lang='lat' dir='ltr'><strong>operam</strong></span> <span class='ocrx_word' id='word_1_458' title='bbox 2844 1168 3082 1218; x_wconf 78' lang='lat' dir='ltr'><strong>navantes</strong></span> <span class='ocrx_word' id='word_1_459' title='bbox 3113 1167 3344 1233; x_wconf 76' lang='lat' dir='ltr'><strong>librisque</strong></span> 
     </span>
     <span class='ocr_line' id='line_1_62' title="bbox 1771 1248 3343 1325; baseline 0.01 -28"><span class='ocrx_word' id='word_1_460' title='bbox 1771 1248 2054 1310; x_wconf 85' lang='lat' dir='ltr'><strong>sapientiam</strong></span> <span class='ocrx_word' id='word_1_461' title='bbox 2073 1262 2212 1300; x_wconf 86' lang='lat' dir='ltr'><strong>suam</strong></span> <span class='ocrx_word' id='word_1_462' title='bbox 2235 1252 2544 1303; x_wconf 76' lang='lat' dir='ltr'><strong>ostendentes</strong></span> <span class='ocrx_word' id='word_1_463' title='bbox 2560 1256 2828 1315; x_wconf 78' lang='lat' dir='ltr'><strong>gloriantur</strong></span> <span class='ocrx_word' id='word_1_464' title='bbox 2853 1272 3146 1324; x_wconf 87' lang='lat' dir='ltr'><strong>magnosque</strong></span> <span class='ocrx_word' id='word_1_465' title='bbox 3173 1266 3343 1325; x_wconf 77' lang='lat' dir='ltr'><strong>gerunt</strong></span> 
     </span>
     <span class='ocr_line' id='line_1_63' title="bbox 1774 1342 3339 1417; baseline 0.01 -26"><span class='ocrx_word' id='word_1_466' title='bbox 1774 1342 1975 1405; x_wconf 85' lang='lat' dir='ltr'><strong>spiritus</strong></span> <span class='ocrx_word' id='word_1_467' title='bbox 1991 1380 2008 1406; x_wconf 89' lang='lat'><strong>,</strong></span> <span class='ocrx_word' id='word_1_468' title='bbox 2027 1344 2078 1394; x_wconf 86' lang='lat' dir='ltr'>et</span> <span class='ocrx_word' id='word_1_469' title='bbox 2099 1358 2254 1407; x_wconf 86' lang='lat' dir='ltr'><strong>quum</strong></span> <span class='ocrx_word' id='word_1_470' title='bbox 2278 1347 2514 1397; x_wconf 75' lang='lat' dir='ltr'><strong>tantillam</strong></span> <span class='ocrx_word' id='word_1_471' title='bbox 2547 1349 2784 1401; x_wconf 74' lang='lat' dir='ltr'><strong>facultatis</strong></span> <span class='ocrx_word' id='word_1_472' title='bbox 2803 1355 3028 1403; x_wconf 76' lang='lat' dir='ltr'><strong>oratoriae</strong></span> <span class='ocrx_word' id='word_1_473' title='bbox 3055 1359 3239 1417; x_wconf 88' lang='lat' dir='ltr'><strong>partem</strong></span> <span class='ocrx_word' id='word_1_474' title='bbox 3265 1362 3339 1407; x_wconf 87' lang='lat' dir='ltr'>te-</span> 
     </span>
     <span class='ocr_line' id='line_1_64' title="bbox 1771 1435 3342 1499; baseline 0.011 -16"><span class='ocrx_word' id='word_1_475' title='bbox 1771 1440 1944 1496; x_wconf 82' lang='lat' dir='ltr'><strong>neant,</strong></span> <span class='ocrx_word' id='word_1_476' title='bbox 1967 1435 2029 1487; x_wconf 87' lang='lat' dir='ltr'>de</span> <span class='ocrx_word' id='word_1_477' title='bbox 2053 1438 2155 1486; x_wconf 87' lang='lat' dir='ltr'><strong>tota</strong></span> <span class='ocrx_word' id='word_1_478' title='bbox 2185 1438 2292 1489; x_wconf 87' lang='lat' dir='ltr'><strong>arte</strong></span> <span class='ocrx_word' id='word_1_479' title='bbox 2329 1441 2626 1491; x_wconf 87' lang='lat' dir='ltr'><strong>contendunt</strong></span> <span class='ocrx_word' id='word_1_480' title='bbox 2661 1462 2675 1493; x_wconf 72' lang='grc' dir='ltr'><strong><em>ε</em></strong></span> <span class='ocrx_word' id='word_1_481' title='bbox 2712 1444 2776 1494; x_wconf 91' lang='lat' dir='ltr'>ob</span> <span class='ocrx_word' id='word_1_482' title='bbox 2803 1445 2926 1495; x_wconf 84' lang='lat' dir='ltr'><strong>banc</strong></span> <span class='ocrx_word' id='word_1_483' title='bbox 2950 1459 3146 1497; x_wconf 84' lang='lat' dir='ltr'><strong>causam</strong></span> <span class='ocrx_word' id='word_1_484' title='bbox 3175 1454 3342 1499; x_wconf 82' lang='lat' dir='ltr'><strong>contra</strong></span> 
     </span>
     <span class='ocr_line' id='line_1_65' title="bbox 1769 1530 3340 1605; baseline 0.01 -27"><span class='ocrx_word' id='word_1_485' title='bbox 1769 1530 1974 1593; x_wconf 86' lang='lat' dir='ltr'><strong>scriptas</strong></span> <span class='ocrx_word' id='word_1_486' title='bbox 1995 1531 2238 1583; x_wconf 87' lang='lat' dir='ltr'><strong>orationes</strong></span> <span class='ocrx_word' id='word_1_487' title='bbox 2266 1535 2621 1586; x_wconf 70' lang='lat' dir='ltr'><strong>accusationem</strong></span> <span class='ocrx_word' id='word_1_488' title='bbox 2641 1537 2888 1590; x_wconf 72' lang='lat' dir='ltr'><strong>instituam</strong></span> <span class='ocrx_word' id='word_1_489' title='bbox 2905 1576 2920 1603; x_wconf 97' lang='lat'>,</span> <span class='ocrx_word' id='word_1_490' title='bbox 2941 1554 3038 1592; x_wconf 88' lang='lat' dir='ltr'>non</span> <span class='ocrx_word' id='word_1_491' title='bbox 3069 1542 3200 1605; x_wconf 90' lang='lat' dir='ltr'><strong>quod</strong></span> <span class='ocrx_word' id='word_1_492' title='bbox 3221 1544 3340 1594; x_wconf 83' lang='lat' dir='ltr'><strong>alie-</strong></span> 
     </span>
     <span class='ocr_line' id='line_1_66' title="bbox 1768 1622 3339 1697; baseline 0.011 -29"><span class='ocrx_word' id='word_1_493' title='bbox 1768 1632 1879 1669; x_wconf 86' lang='lat' dir='ltr'>nam</span> <span class='ocrx_word' id='word_1_494' title='bbox 1906 1633 1936 1669; x_wconf 87' lang='lat' dir='ltr'>a</span> <span class='ocrx_word' id='word_1_495' title='bbox 1959 1634 2038 1671; x_wconf 87' lang='lat' dir='ltr'>me</span> <span class='ocrx_word' id='word_1_496' title='bbox 2061 1622 2336 1673; x_wconf 72' lang='lat' dir='ltr'><strong>laenitatem</strong></span> <span class='ocrx_word' id='word_1_497' title='bbox 2363 1638 2532 1675; x_wconf 87' lang='lat' dir='ltr'><strong>earum</strong></span> <span class='ocrx_word' id='word_1_498' title='bbox 2561 1627 2921 1681; x_wconf 84' lang='lat' dir='ltr'><strong>scribendarum</strong></span> <span class='ocrx_word' id='word_1_499' title='bbox 2945 1646 3051 1683; x_wconf 81' lang='lat' dir='ltr'><strong>esse</strong></span> <span class='ocrx_word' id='word_1_500' title='bbox 3083 1638 3229 1697; x_wconf 85' lang='lat' dir='ltr'><strong>puto,</strong></span> <span class='ocrx_word' id='word_1_501' title='bbox 3255 1636 3339 1686; x_wconf 82' lang='lat' dir='ltr'>sed</span> 
     </span>
     <span class='ocr_line' id='line_1_67' title="bbox 1768 1713 3341 1780; baseline 0.012 -19"><span class='ocrx_word' id='word_1_502' title='bbox 1768 1713 1897 1776; x_wconf 86' lang='lat' dir='ltr'><strong>quod</strong></span> <span class='ocrx_word' id='word_1_503' title='bbox 1925 1714 2016 1765; x_wconf 90' lang='lat' dir='ltr'><strong>alia</strong></span> <span class='ocrx_word' id='word_1_504' title='bbox 2045 1716 2240 1779; x_wconf 73' lang='lat' dir='ltr'><strong>maioris</strong></span> <span class='ocrx_word' id='word_1_505' title='bbox 2259 1717 2410 1780; x_wconf 85' lang='lat' dir='ltr'><strong>facio,</strong></span> <span class='ocrx_word' id='word_1_506' title='bbox 2437 1722 2488 1769; x_wconf 89' lang='lat' dir='ltr'>et</span> <span class='ocrx_word' id='word_1_507' title='bbox 2513 1719 2575 1771; x_wconf 84' lang='lat' dir='ltr'>de</span> <span class='ocrx_word' id='word_1_508' title='bbox 2593 1722 2846 1773; x_wconf 83' lang='lat' dir='ltr'><strong>scribendo</strong></span> <span class='ocrx_word' id='word_1_509' title='bbox 2875 1725 2924 1773; x_wconf 86' lang='lat' dir='ltr'>in</span> <span class='ocrx_word' id='word_1_510' title='bbox 2949 1726 3202 1778; x_wconf 81' lang='lat' dir='ltr'><strong>subcesiva</strong></span> <span class='ocrx_word' id='word_1_511' title='bbox 3232 1732 3341 1779; x_wconf 90' lang='lat' dir='ltr'><strong>tan-</strong></span> 
     </span>
     <span class='ocr_line' id='line_1_68' title="bbox 1766 1812 3330 1886; baseline 0.01 -25"><span class='ocrx_word' id='word_1_512' title='bbox 1766 1812 1873 1862; x_wconf 86' lang='lat' dir='ltr'>tum</span> <span class='ocrx_word' id='word_1_513' title='bbox 1900 1826 2046 1877; x_wconf 84' lang='lat' dir='ltr'><strong>opera</strong></span> <span class='ocrx_word' id='word_1_514' title='bbox 2071 1816 2268 1878; x_wconf 80' lang='lat' dir='ltr'><strong>cogitari</strong></span> <span class='ocrx_word' id='word_1_515' title='bbox 2293 1816 2468 1868; x_wconf 86' lang='lat' dir='ltr'><strong>debere</strong></span> <span class='ocrx_word' id='word_1_516' title='bbox 2481 1832 2653 1871; x_wconf 83' lang='lat' dir='ltr'><strong>censeo</strong></span> <span class='ocrx_word' id='word_1_517' title='bbox 2675 1826 2820 1883; x_wconf 89' lang='lat' dir='ltr'><strong>atque</strong></span> <span class='ocrx_word' id='word_1_518' title='bbox 2841 1836 2924 1873; x_wconf 81' lang='lat' dir='ltr'>eos</span> <span class='ocrx_word' id='word_1_519' title='bbox 2946 1826 3029 1886; x_wconf 88' lang='lat' dir='ltr'>qui</span> <span class='ocrx_word' id='word_1_520' title='bbox 3050 1827 3198 1876; x_wconf 81' lang='lat' dir='ltr'><strong>vitam</strong></span> <span class='ocrx_word' id='word_1_521' title='bbox 3217 1828 3330 1877; x_wconf 85' lang='lat' dir='ltr'><strong>inid</strong></span> 
     </span>
     <span class='ocr_line' id='line_1_69' title="bbox 1766 1906 3340 1987; baseline 0.013 -32"><span class='ocrx_word' id='word_1_522' title='bbox 1766 1906 2080 1973; x_wconf 85' lang='lat' dir='ltr'><strong>impendunt,</strong></span> <span class='ocrx_word' id='word_1_523' title='bbox 2104 1912 2212 1965; x_wconf 85' lang='lat' dir='ltr'>tum</span> <span class='ocrx_word' id='word_1_524' title='bbox 2238 1912 2300 1963; x_wconf 88' lang='lat' dir='ltr'>ab</span> <span class='ocrx_word' id='word_1_525' title='bbox 2324 1918 2428 1964; x_wconf 83' lang='lat' dir='ltr'><strong>arte</strong></span> <span class='ocrx_word' id='word_1_526' title='bbox 2447 1916 2656 1965; x_wconf 87' lang='lat' dir='ltr'><strong>oratoria</strong></span> <span class='ocrx_word' id='word_1_527' title='bbox 2689 1921 2794 1968; x_wconf 90' lang='lat' dir='ltr'>tum</span> <span class='ocrx_word' id='word_1_528' title='bbox 2823 1932 2852 1967; x_wconf 88' lang='lat' dir='ltr'>a</span> <span class='ocrx_word' id='word_1_529' title='bbox 2870 1919 3174 1985; x_wconf 84' lang='lat' dir='ltr'><strong>philosophia</strong></span> <span class='ocrx_word' id='word_1_530' title='bbox 3201 1924 3340 1987; x_wconf 80' lang='lat' dir='ltr'><strong>longe</strong></span> 
     </span>
     <span class='ocr_line' id='line_1_70' title="bbox 1764 2002 3333 2080; baseline 0.011 -29"><span class='ocrx_word' id='word_1_531' title='bbox 1764 2002 1932 2053; x_wconf 80' lang='lat' dir='ltr'><strong>abesse</strong></span> <span class='ocrx_word' id='word_1_532' title='bbox 1963 2003 2216 2069; x_wconf 88' lang='lat' dir='ltr'><strong>multoque</strong></span> <span class='ocrx_word' id='word_1_533' title='bbox 2243 2006 2418 2069; x_wconf 74' lang='lat' dir='ltr'><strong>iustius</strong></span> <span class='ocrx_word' id='word_1_534' title='bbox 2455 2014 2622 2072; x_wconf 83' lang='lat' dir='ltr'><strong>poetas</strong></span> <span class='ocrx_word' id='word_1_535' title='bbox 2654 2022 2800 2073; x_wconf 89' lang='lat' dir='ltr'><strong>quam</strong></span> <span class='ocrx_word' id='word_1_536' title='bbox 2829 2013 3069 2075; x_wconf 78' lang='lat' dir='ltr'><strong>sophistas</strong></span> <span class='ocrx_word' id='word_1_537' title='bbox 3103 2019 3333 2080; x_wconf 82' lang='lat' dir='ltr'><strong>appellari</strong></span> 
     </span>
     <span class='ocr_line' id='line_1_71' title="bbox 1762 2096 2002 2148; baseline 0 -1"><span class='ocrx_word' id='word_1_538' title='bbox 1762 2096 2002 2148; x_wconf 84' lang='lat' dir='ltr'><strong>existimo.</strong></span> 
     </span>
    </p>

    <p class='ocr_par' dir='ltr' id='par_1_20' title="bbox 1750 2193 3332 3989">
     <span class='ocr_line' id='line_1_72' title="bbox 1844 2193 3332 2269; baseline 0.012 -27"><span class='ocrx_word' id='word_1_539' title='bbox 1844 2198 1890 2243; x_wconf 78' lang='lat'>2.</span> <span class='ocrx_word' id='word_1_540' title='bbox 1931 2193 2146 2245; x_wconf 86' lang='lat' dir='ltr'><strong>Primum</strong></span> <span class='ocrx_word' id='word_1_541' title='bbox 2171 2196 2312 2260; x_wconf 82' lang='lat' dir='ltr'><strong>igitur</strong></span> <span class='ocrx_word' id='word_1_542' title='bbox 2345 2199 2585 2251; x_wconf 86' lang='lat' dir='ltr'><strong>scribendi</strong></span> <span class='ocrx_word' id='word_1_543' title='bbox 2619 2203 2864 2265; x_wconf 87' lang='lat' dir='ltr'><strong>negotium</strong></span> <span class='ocrx_word' id='word_1_544' title='bbox 2890 2206 3064 2269; x_wconf 85' lang='lat' dir='ltr'><strong>aliquis</strong></span> <span class='ocrx_word' id='word_1_545' title='bbox 3096 2213 3332 2259; x_wconf 88' lang='lat' dir='ltr'><strong>contem-</strong></span> 
     </span>
     <span class='ocr_line' id='line_1_73' title="bbox 1764 2290 3329 2365; baseline 0.01 -27"><span class='ocrx_word' id='word_1_546' title='bbox 1764 2290 1912 2352; x_wconf 87' lang='lat' dir='ltr'><strong>pserit</strong></span> <span class='ocrx_word' id='word_1_547' title='bbox 1934 2290 2064 2351; x_wconf 86' lang='lat' dir='ltr'><strong>quod</strong></span> <span class='ocrx_word' id='word_1_548' title='bbox 2087 2303 2310 2353; x_wconf 75' lang='lat' dir='ltr'><strong>aggressu</strong></span> <span class='ocrx_word' id='word_1_549' title='bbox 2337 2292 2476 2343; x_wconf 87' lang='lat' dir='ltr'><strong>facile</strong></span> <span class='ocrx_word' id='word_1_550' title='bbox 2494 2301 2542 2344; x_wconf 91' lang='lat' dir='ltr'>et</span> <span class='ocrx_word' id='word_1_551' title='bbox 2561 2294 2708 2346; x_wconf 77' lang='lat' dir='ltr'><strong>obvio</strong></span> <span class='ocrx_word' id='word_1_552' title='bbox 2729 2298 2906 2361; x_wconf 88' lang='lat' dir='ltr'><strong>cuique</strong></span> <span class='ocrx_word' id='word_1_553' title='bbox 2925 2298 2973 2347; x_wconf 88' lang='lat' dir='ltr'>in</span> <span class='ocrx_word' id='word_1_554' title='bbox 2994 2308 3218 2365; x_wconf 89' lang='lat' dir='ltr'><strong>promptu</strong></span> <span class='ocrx_word' id='word_1_555' title='bbox 3239 2306 3329 2355; x_wconf 72' lang='lat' dir='ltr'><strong>est.</strong></span> 
     </span>
     <span class='ocr_line' id='line_1_74' title="bbox 1764 2388 3329 2463; baseline 0.009 -26"><span class='ocrx_word' id='word_1_556' title='bbox 1764 2388 1883 2437; x_wconf 81' lang='lat' dir='ltr'>Nam</span> <span class='ocrx_word' id='word_1_557' title='bbox 1904 2400 1966 2437; x_wconf 87' lang='lat' dir='ltr'>ex</span> <span class='ocrx_word' id='word_1_558' title='bbox 1985 2390 2200 2451; x_wconf 86' lang='lat' dir='ltr'><strong>tempore</strong></span> <span class='ocrx_word' id='word_1_559' title='bbox 2227 2389 2288 2440; x_wconf 86' lang='lat' dir='ltr'>de</span> <span class='ocrx_word' id='word_1_560' title='bbox 2305 2392 2475 2453; x_wconf 83' lang='lat' dir='ltr'><strong>quavis</strong></span> <span class='ocrx_word' id='word_1_561' title='bbox 2510 2406 2562 2443; x_wconf 93' lang='lat' dir='ltr'>re</span> <span class='ocrx_word' id='word_1_562' title='bbox 2583 2393 2741 2447; x_wconf 80' lang='lat' dir='ltr'><strong>dicere</strong></span> <span class='ocrx_word' id='word_1_563' title='bbox 2771 2399 3110 2450; x_wconf 79' lang='lat' dir='ltr'><strong>convenienter</strong></span> <span class='ocrx_word' id='word_1_564' title='bbox 3129 2406 3177 2450; x_wconf 88' lang='lat' dir='ltr'>et</span> <span class='ocrx_word' id='word_1_565' title='bbox 3199 2402 3329 2463; x_wconf 76' lang='lat' dir='ltr'><strong>inge-</strong></span> 
     </span>
     <span class='ocr_line' id='line_1_75' title="bbox 1762 2484 3332 2560; baseline 0.01 -28"><span class='ocrx_word' id='word_1_566' title='bbox 1762 2484 1829 2533; x_wconf 91' lang='lat' dir='ltr'>nii</span> <span class='ocrx_word' id='word_1_567' title='bbox 1852 2484 2097 2536; x_wconf 85' lang='lat' dir='ltr'><strong>celeritate</strong></span> <span class='ocrx_word' id='word_1_568' title='bbox 2130 2492 2344 2549; x_wconf 86' lang='lat' dir='ltr'><strong>paratam</strong></span> <span class='ocrx_word' id='word_1_569' title='bbox 2374 2488 2548 2540; x_wconf 84' lang='lat' dir='ltr'><strong>habere</strong></span> <span class='ocrx_word' id='word_1_570' title='bbox 2585 2493 2932 2544; x_wconf 80' lang='lat' dir='ltr'><strong>sententiarum</strong></span> <span class='ocrx_word' id='word_1_571' title='bbox 2972 2496 3332 2560; x_wconf 81' lang='lat' dir='ltr'><strong>verborumque</strong></span> 
     </span>
     <span class='ocr_line' id='line_1_76' title="bbox 1762 2582 3332 2657; baseline 0.01 -29"><span class='ocrx_word' id='word_1_572' title='bbox 1762 2582 1950 2643; x_wconf 85' lang='lat' dir='ltr'><strong>copiam</strong></span> <span class='ocrx_word' id='word_1_573' title='bbox 2007 2594 2067 2631; x_wconf 90' lang='lat' dir='ltr'>ac</span> <span class='ocrx_word' id='word_1_574' title='bbox 2125 2588 2372 2635; x_wconf 87' lang='lat' dir='ltr'><strong>momenta</strong></span> <span class='ocrx_word' id='word_1_575' title='bbox 2415 2598 2578 2635; x_wconf 88' lang='lat' dir='ltr'><strong>rerum</strong></span> <span class='ocrx_word' id='word_1_576' title='bbox 2621 2592 2895 2651; x_wconf 84' lang='lat' dir='ltr'><strong>opportuna</strong></span> <span class='ocrx_word' id='word_1_577' title='bbox 2955 2591 3332 2657; x_wconf 83' lang='lat' dir='ltr'><strong>auditorumque</strong></span> 
     </span>
     <span class='ocr_line' id='line_1_77' title="bbox 1760 2676 3332 2750; baseline 0.01 -25"><span class='ocrx_word' id='word_1_578' title='bbox 1760 2676 1966 2727; x_wconf 76' lang='lat' dir='ltr'><strong>affectus</strong></span> <span class='ocrx_word' id='word_1_579' title='bbox 1991 2678 2176 2741; x_wconf 77' lang='lat' dir='ltr'><strong>assequi</strong></span> <span class='ocrx_word' id='word_1_580' title='bbox 2203 2680 2422 2731; x_wconf 89' lang='lat' dir='ltr'><strong>sollerter</strong></span> <span class='ocrx_word' id='word_1_581' title='bbox 2439 2684 2488 2733; x_wconf 90' lang='lat' dir='ltr'>et</span> <span class='ocrx_word' id='word_1_582' title='bbox 2523 2682 2763 2735; x_wconf 83' lang='lat' dir='ltr'><strong>orationes</strong></span> <span class='ocrx_word' id='word_1_583' title='bbox 2789 2686 2852 2735; x_wconf 84' lang='lat' dir='ltr'>its</span> <span class='ocrx_word' id='word_1_584' title='bbox 2870 2688 3256 2750; x_wconf 82' lang='lat' dir='ltr'><strong>accommodare,</strong></span> <span class='ocrx_word' id='word_1_585' title='bbox 3282 2691 3332 2740; x_wconf 86' lang='lat' dir='ltr'>id</span> 
     </span>
     <span class='ocr_line' id='line_1_78' title="bbox 1760 2775 3330 2849; baseline 0.01 -26"><span class='ocrx_word' id='word_1_586' title='bbox 1760 2786 1856 2823; x_wconf 89' lang='lat' dir='ltr'>non</span> <span class='ocrx_word' id='word_1_587' title='bbox 1876 2775 2064 2838; x_wconf 78' lang='lat' dir='ltr'><strong>vulgari</strong></span> <span class='ocrx_word' id='word_1_588' title='bbox 2087 2778 2262 2841; x_wconf 87' lang='lat' dir='ltr'><strong>cuique</strong></span> <span class='ocrx_word' id='word_1_589' title='bbox 2277 2778 2390 2828; x_wconf 88' lang='lat' dir='ltr'><strong>lieet</strong></span> <span class='ocrx_word' id='word_1_590' title='bbox 2410 2791 2500 2830; x_wconf 89' lang='lat' dir='ltr'>nec</span> <span class='ocrx_word' id='word_1_591' title='bbox 2517 2783 2788 2833; x_wconf 88' lang='lat' dir='ltr'><strong>communis</strong></span> <span class='ocrx_word' id='word_1_592' title='bbox 2809 2788 2882 2834; x_wconf 91' lang='lat' dir='ltr'>est</span> <span class='ocrx_word' id='word_1_593' title='bbox 2901 2786 3141 2849; x_wconf 55' lang='lat' dir='ltr'><strong>scientim</strong></span> <span class='ocrx_word' id='word_1_594' title='bbox 3161 2801 3330 2838; x_wconf 79' lang='lat' dir='ltr'><strong>verum</strong></span> 
     </span>
     <span class='ocr_line' id='line_1_79' title="bbox 1762 2869 3332 2944; baseline 0.011 -29"><span class='ocrx_word' id='word_1_595' title='bbox 1762 2869 1915 2920; x_wconf 86' lang='lat' dir='ltr'><strong>multo</strong></span> <span class='ocrx_word' id='word_1_596' title='bbox 1951 2870 2182 2931; x_wconf 82' lang='lat' dir='ltr'><strong>temporis</strong></span> <span class='ocrx_word' id='word_1_597' title='bbox 2219 2872 2472 2935; x_wconf 84' lang='lat' dir='ltr'><strong>dispendio</strong></span> <span class='ocrx_word' id='word_1_598' title='bbox 2513 2876 2816 2927; x_wconf 80' lang='lat' dir='ltr'><strong>conscribere</strong></span> <span class='ocrx_word' id='word_1_599' title='bbox 2848 2878 3008 2942; x_wconf 86' lang='lat' dir='ltr'><strong>aliqua</strong></span> <span class='ocrx_word' id='word_1_600' title='bbox 3057 2882 3332 2944; x_wconf 85' lang='lat' dir='ltr'><strong>scriptaque</strong></span> 
     </span>
     <span class='ocr_line' id='line_1_80' title="bbox 1762 2964 3328 3037; baseline 0.009 -26"><span class='ocrx_word' id='word_1_601' title='bbox 1762 2976 1848 3025; x_wconf 88' lang='lat' dir='ltr'>per</span> <span class='ocrx_word' id='word_1_602' title='bbox 1888 2964 2047 3013; x_wconf 88' lang='lat' dir='ltr'><strong>otium</strong></span> <span class='ocrx_word' id='word_1_603' title='bbox 2090 2965 2324 3027; x_wconf 79' lang='lat' dir='ltr'><strong>corrigere</strong></span> <span class='ocrx_word' id='word_1_604' title='bbox 2360 2968 2426 3029; x_wconf 87' lang='lat' dir='ltr'>et,</span> <span class='ocrx_word' id='word_1_605' title='bbox 2466 2968 2694 3031; x_wconf 83' lang='lat' dir='ltr'><strong>appositis</strong></span> <span class='ocrx_word' id='word_1_606' title='bbox 2737 2970 2956 3033; x_wconf 84' lang='lat' dir='ltr'><strong>priorum</strong></span> <span class='ocrx_word' id='word_1_607' title='bbox 3001 2973 3328 3037; x_wconf 79' lang='lat' dir='ltr'><strong>sophistarum</strong></span> 
     </span>
     <span class='ocr_line' id='line_1_81' title="bbox 1761 3062 3332 3135; baseline 0.01 -26"><span class='ocrx_word' id='word_1_608' title='bbox 1761 3062 2117 3123; x_wconf 84' lang='lat' dir='ltr'><strong>voluminibus,</strong></span> <span class='ocrx_word' id='word_1_609' title='bbox 2149 3064 2263 3112; x_wconf 83' lang='lat' dir='ltr'><strong>hinc</strong></span> <span class='ocrx_word' id='word_1_610' title='bbox 2289 3063 2400 3114; x_wconf 88' lang='lat' dir='ltr'><strong>inde</strong></span> <span class='ocrx_word' id='word_1_611' title='bbox 2435 3066 2696 3116; x_wconf 83' lang='lat' dir='ltr'><strong>sententias</strong></span> <span class='ocrx_word' id='word_1_612' title='bbox 2733 3068 2782 3117; x_wconf 90' lang='lat' dir='ltr'>in</span> <span class='ocrx_word' id='word_1_613' title='bbox 2811 3082 2962 3119; x_wconf 86' lang='lat' dir='ltr'><strong>unum</strong></span> <span class='ocrx_word' id='word_1_614' title='bbox 3001 3083 3261 3135; x_wconf 83' lang='lat' dir='ltr'><strong>congerere</strong></span> <span class='ocrx_word' id='word_1_615' title='bbox 3282 3080 3332 3125; x_wconf 88' lang='lat' dir='ltr'>et</span> 
     </span>
     <span class='ocr_line' id='line_1_82' title="bbox 1757 3159 3328 3233; baseline 0.008 -25"><span class='ocrx_word' id='word_1_616' title='bbox 1757 3173 1869 3223; x_wconf 70' lang='lat' dir='ltr'>qum</span> <span class='ocrx_word' id='word_1_617' title='bbox 1892 3159 2014 3209; x_wconf 87' lang='lat' dir='ltr'><strong>bene</strong></span> <span class='ocrx_word' id='word_1_618' title='bbox 2033 3159 2162 3209; x_wconf 86' lang='lat' dir='ltr'><strong>dicta</strong></span> <span class='ocrx_word' id='word_1_619' title='bbox 2187 3166 2469 3224; x_wconf 82' lang='lat' dir='ltr'><strong>occurrant,</strong></span> <span class='ocrx_word' id='word_1_620' title='bbox 2491 3176 2548 3213; x_wconf 87' lang='lat' dir='ltr'>ea</span> <span class='ocrx_word' id='word_1_621' title='bbox 2576 3164 2754 3213; x_wconf 87' lang='lat' dir='ltr'><strong>imitari</strong></span> <span class='ocrx_word' id='word_1_622' title='bbox 2771 3201 2787 3227; x_wconf 85' lang='lat'>,</span> <span class='ocrx_word' id='word_1_623' title='bbox 2812 3166 2984 3216; x_wconf 88' lang='lat' dir='ltr'><strong>deinde</strong></span> <span class='ocrx_word' id='word_1_624' title='bbox 3011 3168 3102 3217; x_wconf 86' lang='lat' dir='ltr'><strong>alia</strong></span> <span class='ocrx_word' id='word_1_625' title='bbox 3125 3182 3152 3219; x_wconf 88' lang='lat' dir='ltr'>e</span> <span class='ocrx_word' id='word_1_626' title='bbox 3173 3171 3328 3233; x_wconf 82' lang='lat' dir='ltr'><strong>priva-</strong></span> 
     </span>
     <span class='ocr_line' id='line_1_83' title="bbox 1757 3256 3330 3328; baseline 0.007 -23"><span class='ocrx_word' id='word_1_627' title='bbox 1757 3257 1918 3307; x_wconf 89' lang='lat' dir='ltr'><strong>torum</strong></span> <span class='ocrx_word' id='word_1_628' title='bbox 1949 3256 2152 3305; x_wconf 86' lang='lat' dir='ltr'><strong>consilio</strong></span> <span class='ocrx_word' id='word_1_629' title='bbox 2201 3257 2491 3322; x_wconf 89' lang='lat' dir='ltr'><strong>emendare,</strong></span> <span class='ocrx_word' id='word_1_630' title='bbox 2525 3258 2616 3307; x_wconf 87' lang='lat' dir='ltr'><strong>alia</strong></span> <span class='ocrx_word' id='word_1_631' title='bbox 2656 3258 2832 3309; x_wconf 87' lang='lat' dir='ltr'><strong>iterum</strong></span> <span class='ocrx_word' id='word_1_632' title='bbox 2885 3260 3158 3327; x_wconf 85' lang='lat' dir='ltr'><strong>iterumque</strong></span> <span class='ocrx_word' id='word_1_633' title='bbox 3201 3266 3330 3328; x_wconf 86' lang='lat' dir='ltr'><strong>apud</strong></span> 
     </span>
     <span class='ocr_line' id='line_1_84' title="bbox 1756 3349 3330 3415; baseline 0.009 -18"><span class='ocrx_word' id='word_1_634' title='bbox 1756 3349 1971 3399; x_wconf 84' lang='lat' dir='ltr'><strong>animum</strong></span> <span class='ocrx_word' id='word_1_635' title='bbox 1999 3362 2227 3413; x_wconf 84' lang='lat' dir='ltr'><strong>perpensa</strong></span> <span class='ocrx_word' id='word_1_636' title='bbox 2250 3362 2518 3412; x_wconf 84' lang='lat' dir='ltr'><strong>expurgare</strong></span> <span class='ocrx_word' id='word_1_637' title='bbox 2537 3352 2586 3400; x_wconf 90' lang='lat' dir='ltr'>et</span> <span class='ocrx_word' id='word_1_638' title='bbox 2615 3353 2830 3415; x_wconf 85' lang='lat' dir='ltr'><strong>mutare,</strong></span> <span class='ocrx_word' id='word_1_639' title='bbox 2864 3355 2940 3405; x_wconf 82' lang='lat' dir='ltr'>vel</span> <span class='ocrx_word' id='word_1_640' title='bbox 2960 3354 3164 3406; x_wconf 86' lang='lat' dir='ltr'><strong>indoctis</strong></span> <span class='ocrx_word' id='word_1_641' title='bbox 3191 3358 3330 3411; x_wconf 86' lang='lat' dir='ltr'><strong>facile</strong></span> 
     </span>
     <span class='ocr_line' id='line_1_85' title="bbox 1756 3441 3324 3518; baseline 0.006 -23"><span class='ocrx_word' id='word_1_642' title='bbox 1756 3460 1860 3497; x_wconf 86' lang='lat' dir='ltr'><strong>esse</strong></span> <span class='ocrx_word' id='word_1_643' title='bbox 1882 3446 2132 3508; x_wconf 85' lang='lat' dir='ltr'><strong>contingit.</strong></span> <span class='ocrx_word' id='word_1_644' title='bbox 2199 3445 2434 3496; x_wconf 81' lang='lat' dir='ltr'><strong>Videlicet</strong></span> <span class='ocrx_word' id='word_1_645' title='bbox 2447 3460 2748 3511; x_wconf 79' lang='lat' dir='ltr'><strong>quoeeunque</strong></span> <span class='ocrx_word' id='word_1_646' title='bbox 2768 3451 2884 3499; x_wconf 88' lang='lat' dir='ltr'><strong>sunt</strong></span> <span class='ocrx_word' id='word_1_647' title='bbox 2898 3441 3025 3501; x_wconf 75' lang='lat' dir='ltr'><strong>bona</strong></span> <span class='ocrx_word' id='word_1_648' title='bbox 3040 3453 3090 3503; x_wconf 89' lang='lat' dir='ltr'>et</span> <span class='ocrx_word' id='word_1_649' title='bbox 3104 3453 3324 3518; x_wconf 84' lang='lat' dir='ltr'><strong>pulchra,</strong></span> 
     </span>
     <span class='ocr_line' id='line_1_86' title="bbox 1754 3544 3327 3604; baseline 0.004 -9"><span class='ocrx_word' id='word_1_650' title='bbox 1754 3545 1920 3595; x_wconf 83' lang='lat' dir='ltr'><strong>eadem</strong></span> <span class='ocrx_word' id='word_1_651' title='bbox 1957 3545 2102 3595; x_wconf 87' lang='lat' dir='ltr'><strong>etiam</strong></span> <span class='ocrx_word' id='word_1_652' title='bbox 2145 3558 2248 3593; x_wconf 83' lang='lat' dir='ltr'><strong>rara</strong></span> <span class='ocrx_word' id='word_1_653' title='bbox 2285 3546 2334 3593; x_wconf 87' lang='lat' dir='ltr'>et</span> <span class='ocrx_word' id='word_1_654' title='bbox 2356 3544 2570 3595; x_wconf 83' lang='lat' dir='ltr'><strong>difficilia</strong></span> <span class='ocrx_word' id='word_1_655' title='bbox 2607 3549 2722 3596; x_wconf 88' lang='lat' dir='ltr'><strong>sunt</strong></span> <span class='ocrx_word' id='word_1_656' title='bbox 2749 3561 2840 3597; x_wconf 86' lang='lat' dir='ltr'>nee</span> <span class='ocrx_word' id='word_1_657' title='bbox 2868 3548 2974 3597; x_wconf 88' lang='lat' dir='ltr'><strong>sine</strong></span> <span class='ocrx_word' id='word_1_658' title='bbox 3023 3549 3186 3601; x_wconf 86' lang='lat' dir='ltr'><strong>labore</strong></span> <span class='ocrx_word' id='word_1_659' title='bbox 3225 3552 3327 3604; x_wconf 80' lang='lat' dir='ltr'><strong>fieri</strong></span> 
     </span>
     <span class='ocr_line' id='line_1_87' title="bbox 1750 3637 3324 3709; baseline 0.006 -23"><span class='ocrx_word' id='word_1_660' title='bbox 1750 3637 1935 3700; x_wconf 79' lang='lat' dir='ltr'><strong>solent3</strong></span> <span class='ocrx_word' id='word_1_661' title='bbox 1961 3638 2162 3689; x_wconf 85' lang='lat' dir='ltr'><strong>humilia</strong></span> <span class='ocrx_word' id='word_1_662' title='bbox 2203 3644 2366 3689; x_wconf 86' lang='lat' dir='ltr'><strong>autem</strong></span> <span class='ocrx_word' id='word_1_663' title='bbox 2398 3653 2456 3690; x_wconf 82' lang='lat' dir='ltr'>ac</span> <span class='ocrx_word' id='word_1_664' title='bbox 2483 3639 2596 3691; x_wconf 80' lang='lat' dir='ltr'><strong>vilia</strong></span> <span class='ocrx_word' id='word_1_665' title='bbox 2627 3641 2788 3692; x_wconf 88' lang='lat' dir='ltr'><strong>studio</strong></span> <span class='ocrx_word' id='word_1_666' title='bbox 2819 3641 3100 3694; x_wconf 81' lang='lat' dir='ltr'><strong>obtinentur</strong></span> <span class='ocrx_word' id='word_1_667' title='bbox 3133 3647 3324 3709; x_wconf 81' lang='lat' dir='ltr'><strong>exiguo.</strong></span> 
     </span>
     <span class='ocr_line' id='line_1_88' title="bbox 1753 3736 3326 3803; baseline 0.004 -16"><span class='ocrx_word' id='word_1_668' title='bbox 1753 3740 1922 3799; x_wconf 89' lang='lat' dir='ltr'><strong>ltaque</strong></span> <span class='ocrx_word' id='word_1_669' title='bbox 1952 3748 2110 3799; x_wconf 78' lang='lat' dir='ltr'><strong>quum</strong></span> <span class='ocrx_word' id='word_1_670' title='bbox 2139 3736 2376 3787; x_wconf 86' lang='lat' dir='ltr'><strong>scribendi</strong></span> <span class='ocrx_word' id='word_1_671' title='bbox 2415 3737 2692 3789; x_wconf 86' lang='lat' dir='ltr'><strong>facultatem</strong></span> <span class='ocrx_word' id='word_1_672' title='bbox 2728 3752 2875 3803; x_wconf 86' lang='lat' dir='ltr'><strong>quam</strong></span> <span class='ocrx_word' id='word_1_673' title='bbox 2903 3740 3094 3792; x_wconf 88' lang='lat' dir='ltr'><strong>dicendi</strong></span> <span class='ocrx_word' id='word_1_674' title='bbox 3128 3742 3326 3795; x_wconf 84' lang='lat' dir='ltr'><strong>facilius</strong></span> 
     </span>
     <span class='ocr_line' id='line_1_89' title="bbox 1752 3836 3326 3903; baseline 0.004 -16"><span class='ocrx_word' id='word_1_675' title='bbox 1752 3837 1889 3887; x_wconf 86' lang='lat' dir='ltr'><strong>nobis</strong></span> <span class='ocrx_word' id='word_1_676' title='bbox 1911 3849 2274 3900; x_wconf 84' lang='lat' dir='ltr'><strong>comparemus,</strong></span> <span class='ocrx_word' id='word_1_677' title='bbox 2309 3836 2438 3888; x_wconf 87' lang='lat' dir='ltr'><strong>ultro</strong></span> <span class='ocrx_word' id='word_1_678' title='bbox 2469 3840 2780 3903; x_wconf 82' lang='lat' dir='ltr'><strong>consequitur</strong></span> <span class='ocrx_word' id='word_1_679' title='bbox 2807 3840 2864 3891; x_wconf 88' lang='lat' dir='ltr'>ut</span> <span class='ocrx_word' id='word_1_680' title='bbox 2893 3840 3092 3892; x_wconf 85' lang='lat' dir='ltr'><strong>minoris</strong></span> <span class='ocrx_word' id='word_1_681' title='bbox 3119 3854 3226 3893; x_wconf 84' lang='lat' dir='ltr'>eam</span> <span class='ocrx_word' id='word_1_682' title='bbox 3257 3845 3326 3894; x_wconf 85' lang='lat' dir='ltr'>fa-</span> 
     </span>
     <span class='ocr_line' id='line_1_90' title="bbox 1751 3937 2424 3989; baseline 0 -2"><span class='ocrx_word' id='word_1_683' title='bbox 1751 3937 1972 3987; x_wconf 86' lang='lat' dir='ltr'><strong>ciendam</strong></span> <span class='ocrx_word' id='word_1_684' title='bbox 1999 3950 2101 3987; x_wconf 81' lang='lat' dir='ltr'><strong>esse</strong></span> <span class='ocrx_word' id='word_1_685' title='bbox 2121 3950 2424 3989; x_wconf 80' lang='lat' dir='ltr'><strong>censeamus.</strong></span> 
     </span>
    </p>

    <p class='ocr_par' dir='ltr' id='par_1_21' title="bbox 1814 4034 3320 4106">
     <span class='ocr_line' id='line_1_91' title="bbox 1814 4034 3320 4106; baseline 0.005 -20"><span class='ocrx_word' id='word_1_686' title='bbox 1814 4041 1859 4086; x_wconf 89' lang='grc'>3.</span> <span class='ocrx_word' id='word_1_687' title='bbox 1896 4034 2080 4086; x_wconf 83' lang='lat' dir='ltr'><strong>Deinde</strong></span> <span class='ocrx_word' id='word_1_688' title='bbox 2099 4034 2303 4085; x_wconf 82' lang='lat' dir='ltr'><strong>dicendo</strong></span> <span class='ocrx_word' id='word_1_689' title='bbox 2349 4035 2565 4087; x_wconf 80' lang='lat' dir='ltr'><strong>valentes</strong></span> <span class='ocrx_word' id='word_1_690' title='bbox 2605 4050 2749 4087; x_wconf 89' lang='lat' dir='ltr'><strong>nemo</strong></span> <span class='ocrx_word' id='word_1_691' title='bbox 2780 4051 2926 4089; x_wconf 83' lang='lat' dir='ltr'><strong>sanus</strong></span> <span class='ocrx_word' id='word_1_692' title='bbox 2955 4040 3144 4093; x_wconf 83' lang='lat' dir='ltr'><strong>dubitet</strong></span> <span class='ocrx_word' id='word_1_693' title='bbox 3183 4044 3320 4106; x_wconf 86' lang='lat' dir='ltr'><strong>quin,</strong></span> 
     </span>
    </p>
   </div>
   <div class='ocr_carea' id='block_1_7' title="bbox 1747 4152 3323 4547">
    <p class='ocr_par' dir='ltr' id='par_1_22' title="bbox 1747 4152 3323 4547">
     <span class='ocr_line' id='line_1_92' title="bbox 1750 4152 3320 4223; baseline 0.003 -19"><span class='ocrx_word' id='word_1_694' title='bbox 1750 4154 1789 4204; x_wconf 85' lang='lat' dir='ltr'>si</span> <span class='ocrx_word' id='word_1_695' title='bbox 1830 4154 2002 4217; x_wconf 74' lang='lat' dir='ltr'><strong>ingenii</strong></span> <span class='ocrx_word' id='word_1_696' title='bbox 2039 4152 2259 4203; x_wconf 86' lang='lat' dir='ltr'><strong>habitum</strong></span> <span class='ocrx_word' id='word_1_697' title='bbox 2292 4154 2634 4205; x_wconf 75' lang='lat' dir='ltr'><strong>transformare</strong></span> <span class='ocrx_word' id='word_1_698' title='bbox 2671 4155 2975 4219; x_wconf 84' lang='lat' dir='ltr'><strong>aliquantum</strong></span> <span class='ocrx_word' id='word_1_699' title='bbox 2997 4159 3175 4223; x_wconf 80' lang='lat' dir='ltr'><strong>velint,</strong></span> <span class='ocrx_word' id='word_1_700' title='bbox 3203 4173 3320 4209; x_wconf 82' lang='lat' dir='ltr'><strong>con-</strong></span> 
     </span>
     <span class='ocr_line' id='line_1_93' title="bbox 1748 4270 3323 4335; baseline 0.006 -17"><span class='ocrx_word' id='word_1_701' title='bbox 1748 4270 2146 4321; x_wconf 78' lang='lat' dir='ltr'><strong>venienteretiam</strong></span> <span class='ocrx_word' id='word_1_702' title='bbox 2157 4270 2384 4333; x_wconf 86' lang='lat' dir='ltr'><strong>scripturi</strong></span> <span class='ocrx_word' id='word_1_703' title='bbox 2399 4271 2533 4332; x_wconf 76' lang='lat' dir='ltr'><strong>sint3</strong></span> <span class='ocrx_word' id='word_1_704' title='bbox 2555 4272 2645 4335; x_wconf 88' lang='lat' dir='ltr'>qui</span> <span class='ocrx_word' id='word_1_705' title='bbox 2673 4284 2790 4323; x_wconf 82' lang='lat' dir='ltr'><strong>vero</strong></span> <span class='ocrx_word' id='word_1_706' title='bbox 2812 4273 2860 4323; x_wconf 91' lang='lat' dir='ltr'>in</span> <span class='ocrx_word' id='word_1_707' title='bbox 2878 4274 3134 4325; x_wconf 85' lang='lat' dir='ltr'><strong>scribendo</strong></span> <span class='ocrx_word' id='word_1_708' title='bbox 3147 4278 3323 4327; x_wconf 82' lang='lat' dir='ltr'><strong>exerei-</strong></span> 
     </span>
     <span class='ocr_line' id='line_1_94' title="bbox 1748 4384 3317 4451; baseline 0.004 -18"><span class='ocrx_word' id='word_1_709' title='bbox 1748 4385 1833 4435; x_wconf 88' lang='lat' dir='ltr'><strong>tati</strong></span> <span class='ocrx_word' id='word_1_710' title='bbox 1859 4390 1997 4445; x_wconf 86' lang='lat' dir='ltr'><strong>sunt,</strong></span> <span class='ocrx_word' id='word_1_711' title='bbox 2029 4398 2112 4435; x_wconf 89' lang='lat' dir='ltr'>eos</span> <span class='ocrx_word' id='word_1_712' title='bbox 2142 4384 2208 4435; x_wconf 89' lang='lat' dir='ltr'>ob</span> <span class='ocrx_word' id='word_1_713' title='bbox 2225 4385 2272 4435; x_wconf 88' lang='lat' dir='ltr'>id</span> <span class='ocrx_word' id='word_1_714' title='bbox 2297 4385 2453 4449; x_wconf 79' lang='lat' dir='ltr'><strong>ipsum</strong></span> <span class='ocrx_word' id='word_1_715' title='bbox 2481 4386 2630 4437; x_wconf 86' lang='lat' dir='ltr'><strong>etiam</strong></span> <span class='ocrx_word' id='word_1_716' title='bbox 2653 4386 2812 4438; x_wconf 86' lang='lat' dir='ltr'><strong>dicere</strong></span> <span class='ocrx_word' id='word_1_717' title='bbox 2831 4400 2971 4451; x_wconf 78' lang='lat' dir='ltr'><strong>posse</strong></span> <span class='ocrx_word' id='word_1_718' title='bbox 2995 4401 3141 4439; x_wconf 88' lang='lat' dir='ltr'><strong>nemo</strong></span> <span class='ocrx_word' id='word_1_719' title='bbox 3165 4392 3317 4440; x_wconf 82' lang='lat' dir='ltr'><strong>confi-</strong></span> 
     </span>
     <span class='ocr_line' id='line_1_95' title="bbox 1747 4496 1844 4547; baseline -0.01 -1"><span class='ocrx_word' id='word_1_720' title='bbox 1747 4496 1844 4547; x_wconf 83' lang='lat' dir='ltr'><strong>dat.</strong></span> 
     </span>
    </p>
   </div>
   <div class='ocr_carea' id='block_1_8' title="bbox 1747 4610 3318 4673">
    <p class='ocr_par' dir='ltr' id='par_1_23' title="bbox 1747 4610 3318 4673">
     <span class='ocr_line' id='line_1_96' title="bbox 1747 4610 3318 4673; baseline 0.002 -14"><span class='ocrx_word' id='word_1_721' title='bbox 1747 4610 1872 4673; x_wconf 85' lang='lat' dir='ltr'><strong>rint,</strong></span> <span class='ocrx_word' id='word_1_722' title='bbox 1900 4611 1990 4661; x_wconf 74' lang='lat' dir='ltr'><strong>lios</strong></span> <span class='ocrx_word' id='word_1_723' title='bbox 2021 4616 2192 4673; x_wconf 87' lang='lat' dir='ltr'><strong>sponte</strong></span> <span class='ocrx_word' id='word_1_724' title='bbox 2213 4610 2510 4673; x_wconf 79' lang='lat' dir='ltr'><strong>intelligitur,</strong></span> <span class='ocrx_word' id='word_1_725' title='bbox 2537 4612 2578 4662; x_wconf 90' lang='lat' dir='ltr'>si</span> <span class='ocrx_word' id='word_1_726' title='bbox 2611 4612 2671 4662; x_wconf 89' lang='lat' dir='ltr'>ad</span> <span class='ocrx_word' id='word_1_727' title='bbox 2695 4612 2903 4662; x_wconf 84' lang='lat' dir='ltr'><strong>faciliora</strong></span> <span class='ocrx_word' id='word_1_728' title='bbox 2926 4613 3145 4662; x_wconf 80' lang='lat' dir='ltr'><strong>animum</strong></span> <span class='ocrx_word' id='word_1_729' title='bbox 3171 4618 3318 4663; x_wconf 83' lang='lat' dir='ltr'><strong>trans-</strong></span> 
     </span>
    </p>
   </div>
   <div class='ocr_carea' id='block_1_9' title="bbox 1912 4496 3317 4561">
    <p class='ocr_par' dir='ltr' id='par_1_24' title="bbox 1912 4496 3317 4561">
     <span class='ocr_line' id='line_1_97' title="bbox 1912 4496 3317 4561; baseline 0.003 -14"><span class='ocrx_word' id='word_1_730' title='bbox 1912 4498 2150 4547; x_wconf 80' lang='lat' dir='ltr'><strong>Nimirum</strong></span> <span class='ocrx_word' id='word_1_731' title='bbox 2173 4498 2256 4561; x_wconf 90' lang='lat' dir='ltr'>qui</span> <span class='ocrx_word' id='word_1_732' title='bbox 2285 4496 2505 4547; x_wconf 78' lang='lat' dir='ltr'><strong>difficiles</strong></span> <span class='ocrx_word' id='word_1_733' title='bbox 2527 4510 2726 4561; x_wconf 81' lang='lat' dir='ltr'><strong>operum</strong></span> <span class='ocrx_word' id='word_1_734' title='bbox 2751 4502 2910 4561; x_wconf 85' lang='lat' dir='ltr'><strong>partes</strong></span> <span class='ocrx_word' id='word_1_735' title='bbox 2949 4499 3139 4561; x_wconf 85' lang='lat' dir='ltr'><strong>explere</strong></span> <span class='ocrx_word' id='word_1_736' title='bbox 3169 4512 3317 4551; x_wconf 78' lang='lat' dir='ltr'><strong>nove·</strong></span> 
     </span>
    </p>
   </div>
   <div class='ocr_carea' id='block_1_10' title="bbox 1742 4719 3318 5333">
    <p class='ocr_par' dir='ltr' id='par_1_25' title="bbox 1742 4719 3318 5333">
     <span class='ocr_line' id='line_1_98' title="bbox 1744 4719 3318 4784; baseline 0.003 -14"><span class='ocrx_word' id='word_1_737' title='bbox 1744 4719 2002 4782; x_wconf 84' lang='lat' dir='ltr'><strong>duxerint,</strong></span> <span class='ocrx_word' id='word_1_738' title='bbox 2046 4720 2230 4784; x_wconf 83' lang='lat' dir='ltr'><strong>absque</strong></span> <span class='ocrx_word' id='word_1_739' title='bbox 2275 4722 2496 4771; x_wconf 84' lang='lat' dir='ltr'><strong>molestia</strong></span> <span class='ocrx_word' id='word_1_740' title='bbox 2543 4723 2760 4772; x_wconf 86' lang='lat' dir='ltr'><strong>muneris</strong></span> <span class='ocrx_word' id='word_1_741' title='bbox 2797 4722 2959 4772; x_wconf 84' lang='lat' dir='ltr'><strong>labore</strong></span> <span class='ocrx_word' id='word_1_742' title='bbox 2999 4722 3318 4774; x_wconf 76' lang='lat' dir='ltr'><strong>defuncturos</strong></span> 
     </span>
     <span class='ocr_line' id='line_1_99' title="bbox 1743 4797 3316 4893; baseline 0 -12"><span class='ocrx_word' id='word_1_743' title='bbox 1743 4846 1875 4893; x_wconf 85' lang='lat' dir='ltr'><strong>esse,</strong></span> <span class='ocrx_word' id='word_1_744' title='bbox 1903 4844 2071 4881; x_wconf 82' lang='lat' dir='ltr'><strong>verum</strong></span> <span class='ocrx_word' id='word_1_745' title='bbox 2111 4831 2268 4881; x_wconf 80' lang='lat' dir='ltr'><strong>facilia</strong></span> <span class='ocrx_word' id='word_1_746' title='bbox 2295 4832 2601 4882; x_wconf 85' lang='lat' dir='ltr'><strong>solummodo</strong></span> <span class='ocrx_word' id='word_1_747' title='bbox 2639 4797 2796 4881; x_wconf 42' lang='lat' dir='ltr'><strong>docti-s</strong></span> <span class='ocrx_word' id='word_1_748' title='bbox 2821 4832 3060 4882; x_wconf 86' lang='lat' dir='ltr'><strong>contraria</strong></span> <span class='ocrx_word' id='word_1_749' title='bbox 3085 4834 3136 4883; x_wconf 90' lang='lat' dir='ltr'>et</span> <span class='ocrx_word' id='word_1_750' title='bbox 3167 4832 3316 4882; x_wconf 85' lang='lat' dir='ltr'><strong>ardua</strong></span> 
     </span>
     <span class='ocr_line' id='line_1_100' title="bbox 1742 4939 3314 5005; baseline 0.001 -16"><span class='ocrx_word' id='word_1_751' title='bbox 1742 4940 2070 4991; x_wconf 79' lang='lat' dir='ltr'><strong>diffieiliorum</strong></span> <span class='ocrx_word' id='word_1_752' title='bbox 2099 4939 2328 4991; x_wconf 84' lang='lat' dir='ltr'><strong>traelatio</strong></span> <span class='ocrx_word' id='word_1_753' title='bbox 2361 4940 2544 4991; x_wconf 78' lang='lat' dir='ltr'><strong>existit.</strong></span> <span class='ocrx_word' id='word_1_754' title='bbox 2606 4940 2842 5003; x_wconf 82' lang='lat' dir='ltr'><strong>Exempla</strong></span> <span class='ocrx_word' id='word_1_755' title='bbox 2862 4952 2964 4991; x_wconf 84' lang='lat' dir='ltr'>rem</span> <span class='ocrx_word' id='word_1_756' title='bbox 2988 4940 3074 4991; x_wconf 91' lang='lat' dir='ltr'><strong>tibi</strong></span> <span class='ocrx_word' id='word_1_757' title='bbox 3097 4954 3314 5005; x_wconf 87' lang='lat' dir='ltr'><strong>compro-</strong></span> 
     </span>
     <span class='ocr_line' id='line_1_101' title="bbox 1743 5048 3310 5113; baseline -0.002 -11"><span class='ocrx_word' id='word_1_758' title='bbox 1743 5052 1873 5102; x_wconf 88' lang='lat' dir='ltr'><strong>bent.</strong></span> <span class='ocrx_word' id='word_1_759' title='bbox 1939 5050 2124 5111; x_wconf 83' lang='lat' dir='ltr'><strong>Quodsi</strong></span> <span class='ocrx_word' id='word_1_760' title='bbox 2149 5050 2258 5113; x_wconf 86' lang='lat' dir='ltr'><strong>quis</strong></span> <span class='ocrx_word' id='word_1_761' title='bbox 2287 5061 2413 5099; x_wconf 88' lang='lat' dir='ltr'><strong>onus</strong></span> <span class='ocrx_word' id='word_1_762' title='bbox 2431 5061 2660 5111; x_wconf 74' lang='lat' dir='ltr'><strong>magnum</strong></span> <span class='ocrx_word' id='word_1_763' title='bbox 2683 5048 2854 5099; x_wconf 82' lang='lat' dir='ltr'><strong>tollere</strong></span> <span class='ocrx_word' id='word_1_764' title='bbox 2878 5049 3030 5111; x_wconf 81' lang='lat' dir='ltr'><strong>valet,</strong></span> <span class='ocrx_word' id='word_1_765' title='bbox 3049 5050 3108 5099; x_wconf 82' lang='lat' dir='ltr'>ad</span> <span class='ocrx_word' id='word_1_766' title='bbox 3129 5050 3310 5100; x_wconf 77' lang='lat' dir='ltr'><strong>leviora</strong></span> 
     </span>
     <span class='ocr_line' id='line_1_102' title="bbox 1744 5156 3311 5223; baseline -0.003 -12"><span class='ocrx_word' id='word_1_767' title='bbox 1744 5162 2064 5223; x_wconf 84' lang='lat' dir='ltr'><strong>transgressus</strong></span> <span class='ocrx_word' id='word_1_768' title='bbox 2103 5160 2242 5209; x_wconf 86' lang='lat' dir='ltr'><strong>facile</strong></span> <span class='ocrx_word' id='word_1_769' title='bbox 2275 5158 2473 5209; x_wconf 85' lang='lat' dir='ltr'><strong>habebit</strong></span> <span class='ocrx_word' id='word_1_770' title='bbox 2505 5156 2787 5220; x_wconf 79' lang='lat' dir='ltr'><strong>negotium3</strong></span> <span class='ocrx_word' id='word_1_771' title='bbox 2825 5156 2964 5219; x_wconf 81' lang='lat' dir='ltr'><strong>eujus</strong></span> <span class='ocrx_word' id='word_1_772' title='bbox 2985 5157 3147 5207; x_wconf 70' lang='lat' dir='ltr'><strong>autem</strong></span> <span class='ocrx_word' id='word_1_773' title='bbox 3183 5156 3311 5207; x_wconf 77' lang='lat' dir='ltr'><strong>vires</strong></span> 
     </span>
     <span class='ocr_line' id='line_1_103' title="bbox 1749 5266 3302 5333; baseline -0.005 -10"><span class='ocrx_word' id='word_1_774' title='bbox 1749 5272 2014 5323; x_wconf 79' lang='lat' dir='ltr'><strong>levioribus</strong></span> <span class='ocrx_word' id='word_1_775' title='bbox 2034 5274 2218 5322; x_wconf 88' lang='lat' dir='ltr'><strong>tantum</strong></span> <span class='ocrx_word' id='word_1_776' title='bbox 2231 5268 2495 5332; x_wconf 81' lang='lat' dir='ltr'><strong>sufiiciunt,</strong></span> <span class='ocrx_word' id='word_1_777' title='bbox 2507 5268 2550 5319; x_wconf 86' lang='lat' dir='ltr'>is</span> <span class='ocrx_word' id='word_1_778' title='bbox 2563 5268 2794 5333; x_wconf 76' lang='lat' dir='ltr'><strong>gravioris</strong></span> <span class='ocrx_word' id='word_1_779' title='bbox 2811 5267 2992 5331; x_wconf 87' lang='lat' dir='ltr'><strong>aliquid</strong></span> <span class='ocrx_word' id='word_1_780' title='bbox 3005 5268 3128 5319; x_wconf 88' lang='lat' dir='ltr'><strong>ferre</strong></span> <span class='ocrx_word' id='word_1_781' title='bbox 3135 5266 3302 5329; x_wconf 85' lang='lat' dir='ltr'><strong>nequit</strong></span> 
     </span>
    </p>
   </div>
   <div class='ocr_carea' id='block_1_11' title="bbox 3772 1782 3797 4224">
    <p class='ocr_par' dir='ltr' id='par_1_26' title="bbox 3772 1782 3797 4224">
     <span class='ocr_line' id='line_1_104' title="bbox 3772 1782 3797 4224; baseline 0 0"><span class='ocrx_word' id='word_1_782' title='bbox 3772 1782 3797 4224; x_wconf 95' lang='lat' dir='ltr'> </span> 
     </span>
    </p>
   </div>
   <div class='ocr_carea' id='block_1_12' title="bbox 3765 1782 3804 5640">
    <p class='ocr_par' dir='ltr' id='par_1_27' title="bbox 3765 1782 3804 5640">
     <span class='ocr_line' id='line_1_105' title="bbox 3765 1782 3804 5640; baseline 0 0"><span class='ocrx_word' id='word_1_783' title='bbox 3765 1782 3804 5640; x_wconf 95' lang='lat' dir='ltr'> </span> 
     </span>
    </p>
   </div>
  </div>
 </body>
</html>
