<?xml version="1.0" encoding="UTF-8"?>
<!DOCTYPE html PUBLIC "-//W3C//DTD XHTML 1.0 Transitional//EN"
    "http://www.w3.org/TR/xhtml1/DTD/xhtml1-transitional.dtd">
<html xmlns="http://www.w3.org/1999/xhtml" xml:lang="en" lang="en">
 <head>
  <title>
</title>
<meta http-equiv="Content-Type" content="text/html;charset=utf-8" />
  <meta name='ocr-system' content='tesseract 3.04.00' />
  <meta name='ocr-capabilities' content='ocr_page ocr_carea ocr_par ocr_line ocrx_word'/>
</head>
<body>
  <div class='ocr_page' id='page_1' title='image "./oratoresatticia02unkngoog/oratoresatticia02unkngoog_0152.png"; bbox 0 0 3825 5834; ppageno 0'>
   <div class='ocr_carea' id='block_1_1' title="bbox 566 471 777 554">
    <p class='ocr_par' dir='ltr' id='par_1_1' title="bbox 566 471 777 554">
     <span class='ocr_line' id='line_1_1' title="bbox 566 471 777 554; baseline -0.009 0"><span class='ocrx_word' id='word_1_1' title='bbox 566 497 672 554; x_wconf 78' lang='lat' dir='ltr'><strong>iss</strong></span> <span class='ocrx_word' id='word_1_2' title='bbox 772 471 777 475; x_wconf 63' lang='grc'><em>’</em></span> 
     </span>
    </p>
   </div>
   <div class='ocr_carea' id='block_1_2' title="bbox 470 619 2116 5224">
    <p class='ocr_par' dir='ltr' id='par_1_2' title="bbox 479 619 2104 1137">
     <span class='ocr_line' id='line_1_2' title="bbox 479 619 2103 702; baseline -0.004 -19"><span class='ocrx_word' id='word_1_3' title='bbox 479 645 533 683; x_wconf 78' lang='lat'><strong>20</strong></span> <span class='ocrx_word' id='word_1_4' title='bbox 560 621 707 702; x_wconf 72' lang='grc' dir='ltr'>παρὰ</span> <span class='ocrx_word' id='word_1_5' title='bbox 736 645 851 687; x_wconf 89' lang='grc' dir='ltr'>τους</span> <span class='ocrx_word' id='word_1_6' title='bbox 878 624 1062 698; x_wconf 77' lang='grc' dir='ltr'>νόμους</span> <span class='ocrx_word' id='word_1_7' title='bbox 1090 621 1316 700; x_wconf 82' lang='grc' dir='ltr'>γέγραφε</span> <span class='ocrx_word' id='word_1_8' title='bbox 1346 623 1705 701; x_wconf 87' lang='grc' dir='ltr'>στεφανῶσαι,</span> <span class='ocrx_word' id='word_1_9' title='bbox 1734 619 1975 698; x_wconf 76' lang='grc' dir='ltr'>μυριάκις</span> <span class='ocrx_word' id='word_1_10' title='bbox 2009 643 2103 678; x_wconf 83' lang='grc' dir='ltr'><strong>κα-</strong></span> 
     </span>
     <span class='ocr_line' id='line_1_3' title="bbox 556 706 2104 787; baseline -0.001 -19"><span class='ocrx_word' id='word_1_11' title='bbox 556 709 855 784; x_wconf 84' lang='grc' dir='ltr'>τατέτμηκε</span> <span class='ocrx_word' id='word_1_12' title='bbox 890 709 984 767; x_wconf 72' lang='grc' dir='ltr'><strong>καὶ</strong></span> <span class='ocrx_word' id='word_1_13' title='bbox 1022 707 1219 768; x_wconf 76' lang='grc' dir='ltr'>τούτοιν</span> <span class='ocrx_word' id='word_1_14' title='bbox 1263 707 1474 784; x_wconf 75' lang='grc' dir='ltr'>μισθοὺς</span> <span class='ocrx_word' id='word_1_15' title='bbox 1502 708 1683 787; x_wconf 79' lang='grc' dir='ltr'>εἴληφε</span> <span class='ocrx_word' id='word_1_16' title='bbox 1720 706 2016 786; x_wconf 77' lang='grc' dir='ltr'>τραύματος</span> <span class='ocrx_word' id='word_1_17' title='bbox 2045 709 2104 766; x_wconf 79' lang='grc' dir='ltr'>ἐκ</span> 
     </span>
     <span class='ocr_line' id='line_1_4' title="bbox 552 794 2103 876; baseline 0 -24"><span class='ocrx_word' id='word_1_18' title='bbox 552 796 795 874; x_wconf 81' lang='grc' dir='ltr'>προνοίας</span> <span class='ocrx_word' id='word_1_19' title='bbox 820 819 919 875; x_wconf 90' lang='grc' dir='ltr'><strong>γρα</strong></span> <span class='ocrx_word' id='word_1_20' title='bbox 964 797 1025 862; x_wconf 78' lang='grc' dir='ltr'><strong>ὰς</strong></span> <span class='ocrx_word' id='word_1_21' title='bbox 1045 795 1395 876; x_wconf 69' lang='grc' dir='ltr'>γραφόμενος,</span> <span class='ocrx_word' id='word_1_22' title='bbox 1422 795 1513 852; x_wconf 80' lang='grc' dir='ltr'><strong>καὶ</strong></span> <span class='ocrx_word' id='word_1_23' title='bbox 1550 794 2103 866; x_wconf 77' lang='grc' dir='ltr'>κατακεκονδύλισται,</span> 
     </span>
     <span class='ocr_line' id='line_1_5' title="bbox 550 819 2101 960; baseline -0.003 -20"><span class='ocrx_word' id='word_1_24' title='bbox 550 885 687 942; x_wconf 81' lang='grc' dir='ltr'>ὥστε</span> <span class='ocrx_word' id='word_1_25' title='bbox 712 884 863 942; x_wconf 81' lang='grc' dir='ltr'>αὐτὸν</span> <span class='ocrx_word' id='word_1_26' title='bbox 889 819 1037 959; x_wconf 52' lang='grc' dir='ltr'>οἶμαι</span> <span class='ocrx_word' id='word_1_27' title='bbox 1070 882 1136 940; x_wconf 83' lang='grc' dir='ltr'><strong>τὰ</strong></span> <span class='ocrx_word' id='word_1_28' title='bbox 1168 886 1273 940; x_wconf 87' lang='grc' dir='ltr'><strong>τῶν</strong></span> <span class='ocrx_word' id='word_1_29' title='bbox 1306 881 1567 939; x_wconf 75' lang='grc' dir='ltr'>κονδύλων</span> <span class='ocrx_word' id='word_1_30' title='bbox 1597 880 1718 960; x_wconf 76' lang='grc' dir='ltr'>ἴχνη</span> <span class='ocrx_word' id='word_1_31' title='bbox 1748 885 1849 938; x_wconf 88' lang='grc' dir='ltr'><strong>τῶν</strong></span> <span class='ocrx_word' id='word_1_32' title='bbox 1882 878 2101 940; x_wconf 79' lang='grc' dir='ltr'>Μειδίου</span> 
     </span>
     <span class='ocr_line' id='line_1_6' title="bbox 552 964 2102 1052; baseline -0.003 -24"><span class='ocrx_word' id='word_1_33' title='bbox 552 971 691 1051; x_wconf 80' lang='grc' dir='ltr'>ἔχειν</span> <span class='ocrx_word' id='word_1_34' title='bbox 732 971 809 1029; x_wconf 80' lang='grc' dir='ltr'><strong>ἔτι</strong></span> <span class='ocrx_word' id='word_1_35' title='bbox 836 970 1053 1052; x_wconf 77' lang='grc' dir='ltr'>φανερά·</span> <span class='ocrx_word' id='word_1_36' title='bbox 1082 974 1110 1028; x_wconf 78' lang='grc' dir='ltr'><strong>ὁ</strong></span> <span class='ocrx_word' id='word_1_37' title='bbox 1140 969 1242 1048; x_wconf 72' lang='grc' dir='ltr'><strong>γὰρ</strong></span> <span class='ocrx_word' id='word_1_38' title='bbox 1274 968 1539 1048; x_wconf 75' lang='grc' dir='ltr'>ἄνθρωπος</span> <span class='ocrx_word' id='word_1_39' title='bbox 1580 971 1637 1026; x_wconf 83' lang='grc' dir='ltr'><strong>οὗ</strong></span> <span class='ocrx_word' id='word_1_40' title='bbox 1684 965 1918 1047; x_wconf 79' lang='grc' dir='ltr'>κεφαλὴν</span> <span class='ocrx_word' id='word_1_41' title='bbox 1966 964 2102 1024; x_wconf 75' lang='grc' dir='ltr'>ἀλλὰ</span> 
     </span>
     <span class='ocr_line' id='line_1_7' title="bbox 546 1058 1093 1137; baseline -0.007 -20"><span class='ocrx_word' id='word_1_42' title='bbox 546 1059 803 1137; x_wconf 84' lang='grc' dir='ltr'>πρόσοδον</span> <span class='ocrx_word' id='word_1_43' title='bbox 830 1058 1093 1129; x_wconf 85' lang='grc' dir='ltr'>κέκτηται.</span> 
     </span>
    </p>

    <p class='ocr_par' dir='ltr' id='par_1_3' title="bbox 554 1137 2104 1313">
     <span class='ocr_line' id='line_1_8' title="bbox 630 1137 2104 1224; baseline -0.005 -20"><span class='ocrx_word' id='word_1_44' title='bbox 630 1165 732 1205; x_wconf 71' lang='lat' dir='ltr'><strong>aia.</strong></span> <span class='ocrx_word' id='word_1_45' title='bbox 766 1145 897 1224; x_wconf 82' lang='grc' dir='ltr'>Περὶ</span> <span class='ocrx_word' id='word_1_46' title='bbox 928 1143 981 1201; x_wconf 83' lang='grc' dir='ltr'><strong>δὲ</strong></span> <span class='ocrx_word' id='word_1_47' title='bbox 1014 1144 1375 1222; x_wconf 73' lang='grc' dir='ltr'>Κτησιφῶντος</span> <span class='ocrx_word' id='word_1_48' title='bbox 1397 1145 1487 1199; x_wconf 77' lang='grc' dir='ltr'><strong>τοῦ</strong></span> <span class='ocrx_word' id='word_1_49' title='bbox 1518 1138 1809 1220; x_wconf 77' lang='grc' dir='ltr'>γράψαντος</span> <span class='ocrx_word' id='word_1_50' title='bbox 1840 1139 1938 1211; x_wconf 84' lang='grc' dir='ltr'><strong>τὴν</strong></span> <span class='ocrx_word' id='word_1_51' title='bbox 1966 1137 2104 1217; x_wconf 80' lang='grc' dir='ltr'>γνώ-</span> 
     </span>
     <span class='ocr_line' id='line_1_9' title="bbox 554 1226 2102 1313; baseline -0.004 -23"><span class='ocrx_word' id='word_1_52' title='bbox 554 1257 657 1308; x_wconf 88' lang='grc' dir='ltr'><strong>μην</strong></span> <span class='ocrx_word' id='word_1_53' title='bbox 690 1231 891 1313; x_wconf 79' lang='grc' dir='ltr'>βραχέα</span> <span class='ocrx_word' id='word_1_54' title='bbox 920 1229 1175 1310; x_wconf 83' lang='grc' dir='ltr'>βούλομαι</span> <span class='ocrx_word' id='word_1_55' title='bbox 1202 1231 1386 1298; x_wconf 84' lang='grc' dir='ltr'>εἰπεῖν,</span> <span class='ocrx_word' id='word_1_56' title='bbox 1416 1226 1483 1285; x_wconf 77' lang='grc' dir='ltr'><strong>τὰ</strong></span> <span class='ocrx_word' id='word_1_57' title='bbox 1512 1228 1567 1286; x_wconf 86' lang='grc' dir='ltr'><strong>δὲ</strong></span> <span class='ocrx_word' id='word_1_58' title='bbox 1594 1226 1767 1285; x_wconf 76' lang='grc' dir='ltr'>πολλὰ</span> <span class='ocrx_word' id='word_1_59' title='bbox 1802 1227 2102 1306; x_wconf 70' lang='grc' dir='ltr'>ὖπερὸήσο-</span> 
     </span>
    </p>

    <p class='ocr_par' dir='ltr' id='par_1_4' title="bbox 473 1313 2106 2012">
     <span class='ocr_line' id='line_1_10' title="bbox 473 1313 2104 1398; baseline -0.005 -19"><span class='ocrx_word' id='word_1_60' title='bbox 473 1349 527 1386; x_wconf 74' lang='lat'><strong>25</strong></span> <span class='ocrx_word' id='word_1_61' title='bbox 556 1344 679 1397; x_wconf 89' lang='grc' dir='ltr'>μαι,</span> <span class='ocrx_word' id='word_1_62' title='bbox 709 1319 795 1380; x_wconf 77' lang='grc' dir='ltr'><strong>ἵνα</strong></span> <span class='ocrx_word' id='word_1_63' title='bbox 826 1319 915 1378; x_wconf 79' lang='grc' dir='ltr'><strong>καὶ</strong></span> <span class='ocrx_word' id='word_1_64' title='bbox 962 1319 1151 1398; x_wconf 77' lang='grc' dir='ltr'>πεῖραν</span> <span class='ocrx_word' id='word_1_65' title='bbox 1186 1315 1365 1386; x_wconf 76' lang='grc' dir='ltr'>λάὅω,</span> <span class='ocrx_word' id='word_1_66' title='bbox 1406 1318 1451 1372; x_wconf 82' lang='grc' dir='ltr'><strong>εἰ</strong></span> <span class='ocrx_word' id='word_1_67' title='bbox 1490 1314 1707 1373; x_wconf 83' lang='grc' dir='ltr'>δύνασθε</span> <span class='ocrx_word' id='word_1_68' title='bbox 1746 1313 1861 1382; x_wconf 81' lang='grc' dir='ltr'>τοὺς</span> <span class='ocrx_word' id='word_1_69' title='bbox 1906 1313 2104 1394; x_wconf 88' lang='grc' dir='ltr'>σφόδρα</span> 
     </span>
     <span class='ocr_line' id='line_1_11' title="bbox 554 1399 2105 1488; baseline -0.005 -21"><span class='ocrx_word' id='word_1_70' title='bbox 554 1408 833 1488; x_wconf 77' lang='grc' dir='ltr'>πονηροὺς,</span> <span class='ocrx_word' id='word_1_71' title='bbox 860 1405 958 1464; x_wconf 66' lang='grc' dir='ltr'><strong>κᾶν</strong></span> <span class='ocrx_word' id='word_1_72' title='bbox 988 1406 1063 1482; x_wconf 83' lang='grc' dir='ltr'><strong>μή</strong></span> <span class='ocrx_word' id='word_1_73' title='bbox 1083 1427 1160 1470; x_wconf 90' lang='grc' dir='ltr'><strong>τις</strong></span> <span class='ocrx_word' id='word_1_74' title='bbox 1176 1401 1400 1482; x_wconf 78' lang='grc' dir='ltr'>προείπῃ</span> <span class='ocrx_word' id='word_1_75' title='bbox 1418 1447 1434 1475; x_wconf 89' lang='grc'>,</span> <span class='ocrx_word' id='word_1_76' title='bbox 1460 1399 1841 1480; x_wconf 76' lang='grc' dir='ltr'>διαγινώσκειν·</span> <span class='ocrx_word' id='word_1_77' title='bbox 1868 1400 1898 1460; x_wconf 85' lang='grc' dir='ltr'>δ</span> <span class='ocrx_word' id='word_1_78' title='bbox 1927 1403 1973 1458; x_wconf 88' lang='grc' dir='ltr'><strong>δ’</strong></span> <span class='ocrx_word' id='word_1_79' title='bbox 1997 1401 2105 1460; x_wconf 77' lang='grc' dir='ltr'>ἐστὶ</span> 
     </span>
     <span class='ocr_line' id='line_1_12' title="bbox 551 1488 2106 1570; baseline -0.006 -14"><span class='ocrx_word' id='word_1_80' title='bbox 551 1499 722 1556; x_wconf 82' lang='grc' dir='ltr'>κοινὸν</span> <span class='ocrx_word' id='word_1_81' title='bbox 748 1495 838 1554; x_wconf 75' lang='grc' dir='ltr'><strong>καὶ</strong></span> <span class='ocrx_word' id='word_1_82' title='bbox 879 1493 1074 1552; x_wconf 87' lang='grc' dir='ltr'>δίκαιον</span> <span class='ocrx_word' id='word_1_83' title='bbox 1108 1494 1227 1549; x_wconf 86' lang='grc' dir='ltr'>κατ’</span> <span class='ocrx_word' id='word_1_84' title='bbox 1260 1488 1567 1570; x_wconf 78' lang='grc' dir='ltr'>ἀμφοτέρων</span> <span class='ocrx_word' id='word_1_85' title='bbox 1590 1491 1759 1547; x_wconf 81' lang='grc' dir='ltr'>αὐτῶν</span> <span class='ocrx_word' id='word_1_86' title='bbox 1790 1491 2106 1567; x_wconf 84' lang='grc' dir='ltr'>ἀπαγγεῖλαι</span> 
     </span>
     <span class='ocr_line' id='line_1_13' title="bbox 552 1575 2104 1662; baseline -0.005 -20"><span class='ocrx_word' id='word_1_87' title='bbox 552 1585 681 1662; x_wconf 77' lang='grc' dir='ltr'>πρὸς</span> <span class='ocrx_word' id='word_1_88' title='bbox 705 1588 869 1659; x_wconf 78' lang='grc' dir='ltr'>ὓμᾶς,</span> <span class='ocrx_word' id='word_1_89' title='bbox 898 1581 1039 1639; x_wconf 70' lang='grc' dir='ltr'>τοῦτ’</span> <span class='ocrx_word' id='word_1_90' title='bbox 1068 1582 1185 1658; x_wconf 85' lang='grc' dir='ltr'>ἐρῶ.</span> <span class='ocrx_word' id='word_1_91' title='bbox 1272 1576 1645 1658; x_wconf 86' lang='grc' dir='ltr'>Περιέρχονται</span> <span class='ocrx_word' id='word_1_92' title='bbox 1672 1577 1771 1655; x_wconf 78' lang='grc' dir='ltr'><strong>γὰρ</strong></span> <span class='ocrx_word' id='word_1_93' title='bbox 1794 1575 1890 1648; x_wconf 73' lang='grc' dir='ltr'><strong>τὴν</strong></span> <span class='ocrx_word' id='word_1_94' title='bbox 1914 1575 2104 1656; x_wconf 71' lang='grc' dir='ltr'>ἀγορὰν</span> 
     </span>
     <span class='ocr_line' id='line_1_14' title="bbox 558 1663 2103 1744; baseline -0.005 -14"><span class='ocrx_word' id='word_1_95' title='bbox 558 1675 765 1743; x_wconf 84' lang='grc' dir='ltr'>ἀληθεῖς</span> <span class='ocrx_word' id='word_1_96' title='bbox 792 1693 858 1727; x_wconf 89' lang='grc' dir='ltr'><strong>κα</strong></span> <span class='ocrx_word' id='word_1_97' title='bbox 866 1669 909 1727; x_wconf 85' lang='grc' dir='ltr'><strong>τ’</strong></span> <span class='ocrx_word' id='word_1_98' title='bbox 930 1667 1171 1737; x_wconf 80' lang='grc' dir='ltr'>ἀλλήλων</span> <span class='ocrx_word' id='word_1_99' title='bbox 1193 1665 1393 1744; x_wconf 82' lang='grc' dir='ltr'>ἔχοντες</span> <span class='ocrx_word' id='word_1_100' title='bbox 1412 1663 1561 1732; x_wconf 81' lang='grc' dir='ltr'>δόξας</span> <span class='ocrx_word' id='word_1_101' title='bbox 1584 1664 1672 1723; x_wconf 82' lang='grc' dir='ltr'><strong>καὶ</strong></span> <span class='ocrx_word' id='word_1_102' title='bbox 1698 1665 1875 1742; x_wconf 85' lang='grc' dir='ltr'>λόγους</span> <span class='ocrx_word' id='word_1_103' title='bbox 1897 1667 1956 1723; x_wconf 77' lang='grc' dir='ltr'><strong>οὗ</strong></span> <span class='ocrx_word' id='word_1_104' title='bbox 1980 1667 2103 1744; x_wconf 82' lang='grc' dir='ltr'>ψευ-</span> 
     </span>
     <span class='ocr_line' id='line_1_15' title="bbox 558 1751 2104 1836; baseline -0.005 -19"><span class='ocrx_word' id='word_1_105' title='bbox 558 1761 660 1825; x_wconf 84' lang='grc' dir='ltr'>δεῖς</span> <span class='ocrx_word' id='word_1_106' title='bbox 686 1757 936 1836; x_wconf 84' lang='grc' dir='ltr'>λέγοντες.</span> <span class='ocrx_word' id='word_1_107' title='bbox 1024 1757 1141 1830; x_wconf 74' lang='lat' dir='ltr'><strong>(au)</strong></span> <span class='ocrx_word' id='word_1_108' title='bbox 1175 1753 1239 1814; x_wconf 87' lang='grc' dir='ltr'>Ὁ</span> <span class='ocrx_word' id='word_1_109' title='bbox 1269 1751 1362 1829; x_wconf 80' lang='grc' dir='ltr'><strong>μὲν</strong></span> <span class='ocrx_word' id='word_1_110' title='bbox 1390 1752 1491 1831; x_wconf 75' lang='grc' dir='ltr'><strong>γὰρ</strong></span> <span class='ocrx_word' id='word_1_111' title='bbox 1516 1755 1798 1832; x_wconf 82' lang='grc' dir='ltr'>Κτησιφῶν</span> <span class='ocrx_word' id='word_1_112' title='bbox 1818 1753 1877 1810; x_wconf 83' lang='grc' dir='ltr'><strong>οὗ</strong></span> <span class='ocrx_word' id='word_1_113' title='bbox 1904 1752 1964 1809; x_wconf 81' lang='grc' dir='ltr'><strong>τὸ</strong></span> <span class='ocrx_word' id='word_1_114' title='bbox 1992 1753 2104 1809; x_wconf 82' lang='grc' dir='ltr'>καθ’</span> 
     </span>
     <span class='ocr_line' id='line_1_16' title="bbox 560 1839 2106 1926; baseline -0.006 -22"><span class='ocrx_word' id='word_1_115' title='bbox 560 1845 740 1904; x_wconf 82' lang='grc' dir='ltr'>ἑαυτόν</span> <span class='ocrx_word' id='word_1_116' title='bbox 769 1867 894 1926; x_wconf 88' lang='grc' dir='ltr'>φησι</span> <span class='ocrx_word' id='word_1_117' title='bbox 935 1842 1203 1923; x_wconf 70' lang='grc' dir='ltr'>φοδεῗσθαι</span> <span class='ocrx_word' id='word_1_118' title='bbox 1235 1841 1252 1919; x_wconf 84' lang='grc'><strong>(</strong></span> <span class='ocrx_word' id='word_1_119' title='bbox 1280 1839 1503 1906; x_wconf 80' lang='grc' dir='ltr'>ἐλπίζειν</span> <span class='ocrx_word' id='word_1_120' title='bbox 1546 1839 1647 1918; x_wconf 80' lang='grc' dir='ltr'><strong>γὰρ</strong></span> <span class='ocrx_word' id='word_1_121' title='bbox 1694 1839 1851 1906; x_wconf 80' lang='grc' dir='ltr'>δόξειν</span> <span class='ocrx_word' id='word_1_122' title='bbox 1900 1839 2106 1910; x_wconf 80' lang='grc' dir='ltr'>ἰδιώτης</span> 
     </span>
     <span class='ocr_line' id='line_1_17' title="bbox 558 1926 2104 2012; baseline -0.006 -20"><span class='ocrx_word' id='word_1_123' title='bbox 558 1926 723 2012; x_wconf 73' lang='grc' dir='ltr'>εἶναι)</span> <span class='ocrx_word' id='word_1_124' title='bbox 744 1979 760 2008; x_wconf 91' lang='grc'>,</span> <span class='ocrx_word' id='word_1_125' title='bbox 794 1930 928 1990; x_wconf 71' lang='grc' dir='ltr'>ἀλλὰ</span> <span class='ocrx_word' id='word_1_126' title='bbox 952 1928 1047 2000; x_wconf 73' lang='grc' dir='ltr'><strong>τὴν</strong></span> <span class='ocrx_word' id='word_1_127' title='bbox 1074 1933 1162 1987; x_wconf 77' lang='grc' dir='ltr'><strong>τοῦ</strong></span> <span class='ocrx_word' id='word_1_128' title='bbox 1188 1927 1544 2002; x_wconf 86' lang='grc' dir='ltr'>Δημοσθένους</span> <span class='ocrx_word' id='word_1_129' title='bbox 1567 1927 1617 1983; x_wconf 79' lang='grc' dir='ltr'><strong>ἐν</strong></span> <span class='ocrx_word' id='word_1_130' title='bbox 1643 1930 1709 2002; x_wconf 76' lang='grc' dir='ltr'><strong>τῇ</strong></span> <span class='ocrx_word' id='word_1_131' title='bbox 1734 1927 1968 2003; x_wconf 73' lang='grc' dir='ltr'>πολιτεία</span> <span class='ocrx_word' id='word_1_132' title='bbox 1994 1928 2104 1983; x_wconf 83' lang='grc' dir='ltr'><strong>δω-</strong></span> 
     </span>
    </p>

    <p class='ocr_par' dir='ltr' id='par_1_5' title="bbox 470 2011 2105 2534">
     <span class='ocr_line' id='line_1_18' title="bbox 470 2011 2103 2101; baseline -0.008 -20"><span class='ocrx_word' id='word_1_133' title='bbox 470 2049 531 2089; x_wconf 68' lang='lat'><strong>30</strong></span> <span class='ocrx_word' id='word_1_134' title='bbox 561 2019 795 2101; x_wconf 85' lang='grc' dir='ltr'>ροδοκίαν</span> <span class='ocrx_word' id='word_1_135' title='bbox 808 2022 933 2100; x_wconf 77' lang='grc' dir='ltr'><strong>φησί</strong></span> <span class='ocrx_word' id='word_1_136' title='bbox 952 2017 1219 2098; x_wconf 73' lang='grc' dir='ltr'>φοὸεῖσθαι</span> <span class='ocrx_word' id='word_1_137' title='bbox 1239 2014 1329 2072; x_wconf 82' lang='grc' dir='ltr'><strong>καὶ</strong></span> <span class='ocrx_word' id='word_1_138' title='bbox 1348 2013 1442 2085; x_wconf 79' lang='grc' dir='ltr'><strong>τὴν</strong></span> <span class='ocrx_word' id='word_1_139' title='bbox 1463 2013 1753 2090; x_wconf 81' lang='grc' dir='ltr'>ἐμπληξίαν</span> <span class='ocrx_word' id='word_1_140' title='bbox 1772 2013 1861 2072; x_wconf 72' lang='grc' dir='ltr'><strong>καὶ</strong></span> <span class='ocrx_word' id='word_1_141' title='bbox 1883 2011 2077 2071; x_wconf 86' lang='grc' dir='ltr'>δειλίαν</span> <span class='ocrx_word' id='word_1_142' title='bbox 2090 2034 2103 2049; x_wconf 89' lang='grc'><em>·</em></span> 
     </span>
     <span class='ocr_line' id='line_1_19' title="bbox 558 2099 2104 2182; baseline -0.007 -14"><span class='ocrx_word' id='word_1_143' title='bbox 558 2111 587 2168; x_wconf 80' lang='grc' dir='ltr'><strong>ὅ</strong></span> <span class='ocrx_word' id='word_1_144' title='bbox 609 2107 662 2168; x_wconf 81' lang='grc' dir='ltr'><strong>δὲ</strong></span> <span class='ocrx_word' id='word_1_145' title='bbox 690 2107 1022 2182; x_wconf 83' lang='grc' dir='ltr'>Δημοσθένης</span> <span class='ocrx_word' id='word_1_146' title='bbox 1042 2103 1111 2170; x_wconf 82' lang='grc' dir='ltr'><strong>εἰς</strong></span> <span class='ocrx_word' id='word_1_147' title='bbox 1132 2102 1285 2161; x_wconf 78' lang='grc' dir='ltr'>αὗτὸν</span> <span class='ocrx_word' id='word_1_148' title='bbox 1312 2101 1405 2178; x_wconf 81' lang='grc' dir='ltr'><strong>μὲν</strong></span> <span class='ocrx_word' id='word_1_149' title='bbox 1434 2099 1747 2159; x_wconf 76' lang='grc' dir='ltr'>ἀποὸλέπων</span> <span class='ocrx_word' id='word_1_150' title='bbox 1774 2106 1980 2180; x_wconf 83' lang='grc' dir='ltr'>θαρρεῖν</span> <span class='ocrx_word' id='word_1_151' title='bbox 2009 2125 2104 2180; x_wconf 83' lang='grc' dir='ltr'><strong>φη·</strong></span> 
     </span>
     <span class='ocr_line' id='line_1_20' title="bbox 556 2188 2101 2272; baseline -0.006 -17"><span class='ocrx_word' id='word_1_152' title='bbox 556 2220 655 2269; x_wconf 87' lang='grc' dir='ltr'>σιν,</span> <span class='ocrx_word' id='word_1_153' title='bbox 682 2196 775 2267; x_wconf 75' lang='grc' dir='ltr'><strong>τὴν</strong></span> <span class='ocrx_word' id='word_1_154' title='bbox 806 2193 859 2253; x_wconf 82' lang='grc' dir='ltr'><strong>δὲ</strong></span> <span class='ocrx_word' id='word_1_155' title='bbox 896 2197 985 2252; x_wconf 75' lang='grc' dir='ltr'><strong>τοῦ</strong></span> <span class='ocrx_word' id='word_1_156' title='bbox 1024 2195 1390 2272; x_wconf 84' lang='grc' dir='ltr'>Κτησιφῶντος</span> <span class='ocrx_word' id='word_1_157' title='bbox 1432 2189 1682 2269; x_wconf 83' lang='grc' dir='ltr'>πονηρίαν</span> <span class='ocrx_word' id='word_1_158' title='bbox 1722 2189 1812 2247; x_wconf 72' lang='grc' dir='ltr'><strong>καὶ</strong></span> <span class='ocrx_word' id='word_1_159' title='bbox 1850 2188 2101 2269; x_wconf 77' lang='grc' dir='ltr'>πορνοὸο-</span> 
     </span>
     <span class='ocr_line' id='line_1_21' title="bbox 554 2276 2105 2362; baseline -0.005 -20"><span class='ocrx_word' id='word_1_160' title='bbox 554 2287 707 2342; x_wconf 90' lang='grc' dir='ltr'>σκίαν</span> <span class='ocrx_word' id='word_1_161' title='bbox 746 2284 969 2362; x_wconf 78' lang='grc' dir='ltr'>ἰσχυρῶς</span> <span class='ocrx_word' id='word_1_162' title='bbox 1011 2279 1247 2337; x_wconf 82' lang='grc' dir='ltr'>δεδιέναι.</span> <span class='ocrx_word' id='word_1_163' title='bbox 1332 2281 1383 2338; x_wconf 87' lang='grc' dir='ltr'>Τ</span> <span class='ocrx_word' id='word_1_164' title='bbox 1384 2276 1469 2344; x_wconf 78' lang='grc' dir='ltr'><strong>οὺς</strong></span> <span class='ocrx_word' id='word_1_165' title='bbox 1512 2276 1565 2334; x_wconf 78' lang='grc' dir='ltr'><strong>δὲ</strong></span> <span class='ocrx_word' id='word_1_166' title='bbox 1610 2276 1675 2348; x_wconf 78' lang='grc' dir='ltr'><strong>δὴ</strong></span> <span class='ocrx_word' id='word_1_167' title='bbox 1715 2276 2105 2354; x_wconf 85' lang='grc' dir='ltr'>κατεγνωκότας</span> 
     </span>
     <span class='ocr_line' id='line_1_22' title="bbox 558 2363 2105 2444; baseline -0.006 -13"><span class='ocrx_word' id='word_1_168' title='bbox 558 2371 798 2441; x_wconf 76' lang='grc' dir='ltr'>ἀλλήλων</span> <span class='ocrx_word' id='word_1_169' title='bbox 825 2371 1019 2426; x_wconf 80' lang='grc' dir='ltr'>ἀδικεῖν</span> <span class='ocrx_word' id='word_1_170' title='bbox 1052 2367 1309 2444; x_wconf 79' lang='grc' dir='ltr'>μηδαμῶς</span> <span class='ocrx_word' id='word_1_171' title='bbox 1337 2369 1483 2442; x_wconf 74' lang='grc' dir='ltr'>ὑμεῖς</span> <span class='ocrx_word' id='word_1_172' title='bbox 1523 2367 1568 2423; x_wconf 79' lang='grc' dir='ltr'><strong>οἱ</strong></span> <span class='ocrx_word' id='word_1_173' title='bbox 1597 2363 1756 2423; x_wconf 78' lang='grc' dir='ltr'>κοινοὶ</span> <span class='ocrx_word' id='word_1_174' title='bbox 1803 2363 1976 2444; x_wconf 77' lang='grc' dir='ltr'>κριταὶ</span> <span class='ocrx_word' id='word_1_175' title='bbox 2004 2367 2105 2423; x_wconf 89' lang='grc' dir='ltr'><strong>τῶν</strong></span> 
     </span>
     <span class='ocr_line' id='line_1_23' title="bbox 556 2455 1247 2534; baseline -0.004 -17"><span class='ocrx_word' id='word_1_176' title='bbox 556 2456 900 2534; x_wconf 73' lang='grc' dir='ltr'>ἐγκλημάτων</span> <span class='ocrx_word' id='word_1_177' title='bbox 932 2455 1247 2525; x_wconf 83' lang='grc' dir='ltr'>ἀπολύσητε.</span> 
     </span>
    </p>

    <p class='ocr_par' dir='ltr' id='par_1_6' title="bbox 555 2535 2107 2708">
     <span class='ocr_line' id='line_1_24' title="bbox 634 2535 2106 2621; baseline -0.005 -18"><span class='ocrx_word' id='word_1_178' title='bbox 634 2567 733 2603; x_wconf 79' lang='lat'><strong>215.</strong></span> <span class='ocrx_word' id='word_1_179' title='bbox 766 2543 898 2621; x_wconf 77' lang='grc' dir='ltr'>Περὶ</span> <span class='ocrx_word' id='word_1_180' title='bbox 925 2541 979 2600; x_wconf 84' lang='grc' dir='ltr'><strong>δὲ</strong></span> <span class='ocrx_word' id='word_1_181' title='bbox 1006 2545 1109 2598; x_wconf 87' lang='grc' dir='ltr'><strong>τῶν</strong></span> <span class='ocrx_word' id='word_1_182' title='bbox 1134 2544 1202 2605; x_wconf 84' lang='grc' dir='ltr'><strong>εἰς</strong></span> <span class='ocrx_word' id='word_1_183' title='bbox 1227 2537 1449 2616; x_wconf 81' lang='grc' dir='ltr'>ἐμαυτὸν</span> <span class='ocrx_word' id='word_1_184' title='bbox 1472 2539 1735 2617; x_wconf 85' lang='grc' dir='ltr'>λοιδοριῶν</span> <span class='ocrx_word' id='word_1_185' title='bbox 1762 2535 1962 2618; x_wconf 77' lang='grc' dir='ltr'>βραχέα</span> <span class='ocrx_word' id='word_1_186' title='bbox 1983 2535 2106 2615; x_wconf 90' lang='grc' dir='ltr'>βού-</span> 
     </span>
     <span class='ocr_line' id='line_1_25' title="bbox 555 2623 2107 2708; baseline -0.005 -19"><span class='ocrx_word' id='word_1_187' title='bbox 555 2635 718 2708; x_wconf 91' lang='grc' dir='ltr'>λομαι</span> <span class='ocrx_word' id='word_1_188' title='bbox 744 2631 1029 2708; x_wconf 83' lang='grc' dir='ltr'>προειπεῖν.</span> <span class='ocrx_word' id='word_1_189' title='bbox 1090 2625 1427 2702; x_wconf 82' lang='grc' dir='ltr'>Πυνθάνομαι</span> <span class='ocrx_word' id='word_1_190' title='bbox 1454 2624 1556 2705; x_wconf 78' lang='grc' dir='ltr'><strong>γὰρ</strong></span> <span class='ocrx_word' id='word_1_191' title='bbox 1582 2623 1742 2693; x_wconf 80' lang='grc' dir='ltr'>λέξειν</span> <span class='ocrx_word' id='word_1_192' title='bbox 1772 2623 2107 2701; x_wconf 77' lang='grc' dir='ltr'>Δημοσθένην</span> 
     </span>
    </p>

    <p class='ocr_par' dir='ltr' id='par_1_7' title="bbox 478 2711 2114 3401">
     <span class='ocr_line' id='line_1_26' title="bbox 478 2711 2105 2790; baseline -0.005 -12"><span class='ocrx_word' id='word_1_193' title='bbox 478 2747 531 2786; x_wconf 70' lang='lat'><strong>35</strong></span> <span class='ocrx_word' id='word_1_194' title='bbox 558 2723 625 2786; x_wconf 79' lang='grc' dir='ltr'><strong>ὥς</strong></span> <span class='ocrx_word' id='word_1_195' title='bbox 655 2723 688 2789; x_wconf 76' lang='grc' dir='ltr'>ἡ</span> <span class='ocrx_word' id='word_1_196' title='bbox 717 2718 860 2783; x_wconf 84' lang='grc' dir='ltr'>πόλις</span> <span class='ocrx_word' id='word_1_197' title='bbox 892 2717 979 2772; x_wconf 78' lang='grc' dir='ltr'>ὑπ’</span> <span class='ocrx_word' id='word_1_198' title='bbox 1008 2715 1165 2772; x_wconf 74' lang='grc' dir='ltr'>αὐτοῦ</span> <span class='ocrx_word' id='word_1_199' title='bbox 1202 2712 1294 2789; x_wconf 90' lang='grc' dir='ltr'><strong>μὲν</strong></span> <span class='ocrx_word' id='word_1_200' title='bbox 1326 2711 1592 2790; x_wconf 82' lang='grc' dir='ltr'>ὠφέληται</span> <span class='ocrx_word' id='word_1_201' title='bbox 1622 2711 1824 2783; x_wconf 81' lang='grc' dir='ltr'>πολλὰ,</span> <span class='ocrx_word' id='word_1_202' title='bbox 1863 2711 1950 2770; x_wconf 77' lang='grc' dir='ltr'>ὑπ’</span> <span class='ocrx_word' id='word_1_203' title='bbox 1978 2713 2105 2786; x_wconf 80' lang='grc' dir='ltr'>ἐμοῦ</span> 
     </span>
     <span class='ocr_line' id='line_1_27' title="bbox 561 2795 2104 2876; baseline -0.008 -12"><span class='ocrx_word' id='word_1_204' title='bbox 561 2806 614 2864; x_wconf 79' lang='grc' dir='ltr'><strong>δὲ</strong></span> <span class='ocrx_word' id='word_1_205' title='bbox 635 2801 1070 2863; x_wconf 77' lang='grc' dir='ltr'>καταὸέὸλαπται</span> <span class='ocrx_word' id='word_1_206' title='bbox 1090 2845 1105 2876; x_wconf 85' lang='grc'>,</span> <span class='ocrx_word' id='word_1_207' title='bbox 1135 2800 1223 2858; x_wconf 82' lang='grc' dir='ltr'><strong>καὶ</strong></span> <span class='ocrx_word' id='word_1_208' title='bbox 1243 2797 1329 2856; x_wconf 82' lang='grc' dir='ltr'><strong>τὸν</strong></span> <span class='ocrx_word' id='word_1_209' title='bbox 1358 2797 1626 2858; x_wconf 84' lang='grc' dir='ltr'>Φίλιππον</span> <span class='ocrx_word' id='word_1_210' title='bbox 1653 2797 1742 2857; x_wconf 76' lang='grc' dir='ltr'><strong>καὶ</strong></span> <span class='ocrx_word' id='word_1_211' title='bbox 1766 2797 1852 2857; x_wconf 81' lang='grc' dir='ltr'><strong>τὸν</strong></span> <span class='ocrx_word' id='word_1_212' title='bbox 1876 2795 2104 2865; x_wconf 82' lang='grc' dir='ltr'>Ἀλέξαν·</span> 
     </span>
     <span class='ocr_line' id='line_1_28' title="bbox 561 2883 2108 2972; baseline -0.006 -20"><span class='ocrx_word' id='word_1_213' title='bbox 561 2895 680 2972; x_wconf 82' lang='grc' dir='ltr'>δρον</span> <span class='ocrx_word' id='word_1_214' title='bbox 699 2889 787 2950; x_wconf 77' lang='grc' dir='ltr'><strong>καὶ</strong></span> <span class='ocrx_word' id='word_1_215' title='bbox 802 2887 893 2952; x_wconf 71' lang='grc' dir='ltr'><strong>τὰς</strong></span> <span class='ocrx_word' id='word_1_216' title='bbox 922 2887 1027 2946; x_wconf 82' lang='grc' dir='ltr'>ἀπὸ</span> <span class='ocrx_word' id='word_1_217' title='bbox 1045 2886 1238 2946; x_wconf 83' lang='grc' dir='ltr'>τούτων</span> <span class='ocrx_word' id='word_1_218' title='bbox 1267 2883 1434 2952; x_wconf 79' lang='grc' dir='ltr'>αἰτίας</span> <span class='ocrx_word' id='word_1_219' title='bbox 1458 2884 1677 2944; x_wconf 83' lang='grc' dir='ltr'>ἀνοίσειν</span> <span class='ocrx_word' id='word_1_220' title='bbox 1706 2887 1789 2943; x_wconf 80' lang='grc' dir='ltr'>ἐπ’</span> <span class='ocrx_word' id='word_1_221' title='bbox 1812 2883 1927 2961; x_wconf 77' lang='grc' dir='ltr'>ἐμέ.</span> <span class='ocrx_word' id='word_1_222' title='bbox 1953 2883 2108 2944; x_wconf 74' lang='grc' dir='ltr'>Οὕτω</span> 
     </span>
     <span class='ocr_line' id='line_1_29' title="bbox 560 2971 2109 3057; baseline -0.005 -21"><span class='ocrx_word' id='word_1_223' title='bbox 560 2979 660 3057; x_wconf 79' lang='grc' dir='ltr'><strong>γάρ</strong></span> <span class='ocrx_word' id='word_1_224' title='bbox 686 2980 844 3051; x_wconf 85' lang='grc' dir='ltr'>ἐστιν,</span> <span class='ocrx_word' id='word_1_225' title='bbox 868 2978 935 3040; x_wconf 80' lang='grc' dir='ltr'><strong>ὡς</strong></span> <span class='ocrx_word' id='word_1_226' title='bbox 958 2973 1091 3032; x_wconf 87' lang='grc' dir='ltr'>ἔοικε</span> <span class='ocrx_word' id='word_1_227' title='bbox 1106 3018 1123 3050; x_wconf 87' lang='grc'>,</span> <span class='ocrx_word' id='word_1_228' title='bbox 1146 2972 1303 3038; x_wconf 80' lang='grc' dir='ltr'>δεινὸς</span> <span class='ocrx_word' id='word_1_229' title='bbox 1328 2971 1631 3052; x_wconf 79' lang='grc' dir='ltr'>δημιουργὸς</span> <span class='ocrx_word' id='word_1_230' title='bbox 1647 2971 1838 3050; x_wconf 87' lang='grc' dir='ltr'>λόγων,</span> <span class='ocrx_word' id='word_1_231' title='bbox 1862 2971 1998 3032; x_wconf 82' lang='grc' dir='ltr'>ὥστε</span> <span class='ocrx_word' id='word_1_232' title='bbox 2015 2973 2109 3030; x_wconf 84' lang='grc' dir='ltr'><strong>οὐκ</strong></span> 
     </span>
     <span class='ocr_line' id='line_1_30' title="bbox 562 3054 2114 3144; baseline -0.005 -22"><span class='ocrx_word' id='word_1_233' title='bbox 562 3064 777 3144; x_wconf 80' lang='grc' dir='ltr'>ἀπόχρη</span> <span class='ocrx_word' id='word_1_234' title='bbox 810 3064 977 3140; x_wconf 77' lang='grc' dir='ltr'>αὐτῷ,</span> <span class='ocrx_word' id='word_1_235' title='bbox 1003 3059 1121 3118; x_wconf 83' lang='grc' dir='ltr'>εἴτι</span> <span class='ocrx_word' id='word_1_236' title='bbox 1149 3059 1530 3135; x_wconf 83' lang='grc' dir='ltr'>πεπολίτευμαι</span> <span class='ocrx_word' id='word_1_237' title='bbox 1556 3061 1683 3138; x_wconf 86' lang='grc' dir='ltr'>παρ’</span> <span class='ocrx_word' id='word_1_238' title='bbox 1714 3059 1834 3135; x_wconf 80' lang='grc' dir='ltr'>ὑμῖν</span> <span class='ocrx_word' id='word_1_239' title='bbox 1860 3057 1965 3136; x_wconf 80' lang='grc' dir='ltr'><strong>ἐγὼ</strong></span> <span class='ocrx_word' id='word_1_240' title='bbox 1991 3054 2025 3128; x_wconf 82' lang='grc' dir='ltr'>ἢ</span> <span class='ocrx_word' id='word_1_241' title='bbox 2065 3055 2114 3115; x_wconf 76' lang='grc' dir='ltr'><strong>εἴ</strong></span> 
     </span>
     <span class='ocr_line' id='line_1_31' title="bbox 557 3142 2109 3226; baseline -0.006 -16"><span class='ocrx_word' id='word_1_242' title='bbox 557 3175 697 3218; x_wconf 88' lang='grc' dir='ltr'>τινας</span> <span class='ocrx_word' id='word_1_243' title='bbox 723 3147 1040 3226; x_wconf 80' lang='grc' dir='ltr'>δημηγορίας</span> <span class='ocrx_word' id='word_1_244' title='bbox 1058 3146 1241 3226; x_wconf 84' lang='grc' dir='ltr'>εἴρηκα</span> <span class='ocrx_word' id='word_1_245' title='bbox 1254 3191 1270 3218; x_wconf 98' lang='grc'>,</span> <span class='ocrx_word' id='word_1_246' title='bbox 1291 3145 1481 3204; x_wconf 85' lang='grc' dir='ltr'>τούτων</span> <span class='ocrx_word' id='word_1_247' title='bbox 1498 3147 1824 3223; x_wconf 82' lang='grc' dir='ltr'>κατηγορεῖν,</span> <span class='ocrx_word' id='word_1_248' title='bbox 1842 3146 1956 3225; x_wconf 72' lang='lat'><em>(216)</em></span> <span class='ocrx_word' id='word_1_249' title='bbox 1975 3142 2109 3202; x_wconf 77' lang='grc' dir='ltr'>ἀλλὰ</span> 
     </span>
     <span class='ocr_line' id='line_1_32' title="bbox 562 3231 2109 3314; baseline -0.005 -17"><span class='ocrx_word' id='word_1_250' title='bbox 562 3237 651 3297; x_wconf 81' lang='grc' dir='ltr'><strong>καὶ</strong></span> <span class='ocrx_word' id='word_1_251' title='bbox 674 3235 768 3308; x_wconf 71' lang='grc' dir='ltr'><strong>τὴν</strong></span> <span class='ocrx_word' id='word_1_252' title='bbox 796 3234 1019 3314; x_wconf 81' lang='grc' dir='ltr'>ἡσυχίαν</span> <span class='ocrx_word' id='word_1_253' title='bbox 1052 3256 1153 3310; x_wconf 89' lang='grc' dir='ltr'><strong>μου</strong></span> <span class='ocrx_word' id='word_1_254' title='bbox 1185 3238 1274 3291; x_wconf 77' lang='grc' dir='ltr'><strong>τοῦ</strong></span> <span class='ocrx_word' id='word_1_255' title='bbox 1304 3232 1418 3312; x_wconf 88' lang='grc' dir='ltr'>βίου</span> <span class='ocrx_word' id='word_1_256' title='bbox 1451 3231 1720 3291; x_wconf 77' lang='grc' dir='ltr'>διαὸἀλλει</span> <span class='ocrx_word' id='word_1_257' title='bbox 1748 3233 1839 3290; x_wconf 82' lang='grc' dir='ltr'><strong>καὶ</strong></span> <span class='ocrx_word' id='word_1_258' title='bbox 1868 3235 1958 3302; x_wconf 69' lang='grc' dir='ltr'><strong>τῆς</strong></span> <span class='ocrx_word' id='word_1_259' title='bbox 1986 3254 2109 3289; x_wconf 86' lang='grc' dir='ltr'>σιω-</span> 
     </span>
     <span class='ocr_line' id='line_1_33' title="bbox 560 3318 2108 3401; baseline -0.005 -17"><span class='ocrx_word' id='word_1_260' title='bbox 560 3329 663 3395; x_wconf 77' lang='grc' dir='ltr'><strong>πῆς</strong></span> <span class='ocrx_word' id='word_1_261' title='bbox 689 3347 790 3401; x_wconf 90' lang='grc' dir='ltr'><strong>μου</strong></span> <span class='ocrx_word' id='word_1_262' title='bbox 814 3322 1119 3398; x_wconf 84' lang='grc' dir='ltr'>κατηγορεῖ,</span> <span class='ocrx_word' id='word_1_263' title='bbox 1141 3318 1226 3378; x_wconf 73' lang='grc' dir='ltr'><strong>ἵνα</strong></span> <span class='ocrx_word' id='word_1_264' title='bbox 1254 3319 1436 3396; x_wconf 75' lang='grc' dir='ltr'>μηδεὶς</span> <span class='ocrx_word' id='word_1_265' title='bbox 1460 3321 1601 3399; x_wconf 81' lang='grc' dir='ltr'>αὐτῷ</span> <span class='ocrx_word' id='word_1_266' title='bbox 1630 3319 1783 3386; x_wconf 88' lang='grc' dir='ltr'>τόπος</span> <span class='ocrx_word' id='word_1_267' title='bbox 1816 3320 2108 3399; x_wconf 80' lang='grc' dir='ltr'>ἀσυκοφάν-</span> 
     </span>
    </p>

    <p class='ocr_par' dir='ltr' id='par_1_8' title="bbox 480 3405 2114 4013">
     <span class='ocr_line' id='line_1_34' title="bbox 480 3405 2112 3490; baseline -0.005 -19"><span class='ocrx_word' id='word_1_268' title='bbox 480 3441 535 3478; x_wconf 73' lang='lat'><strong>⁴0</strong></span> <span class='ocrx_word' id='word_1_269' title='bbox 562 3436 713 3484; x_wconf 88' lang='grc' dir='ltr'>τητος</span> <span class='ocrx_word' id='word_1_270' title='bbox 739 3409 1156 3490; x_wconf 87' lang='grc' dir='ltr'>παραλείπηται,</span> <span class='ocrx_word' id='word_1_271' title='bbox 1180 3407 1272 3466; x_wconf 82' lang='grc' dir='ltr'><strong>καὶ</strong></span> <span class='ocrx_word' id='word_1_272' title='bbox 1302 3409 1394 3474; x_wconf 83' lang='grc' dir='ltr'><strong>τὰς</strong></span> <span class='ocrx_word' id='word_1_273' title='bbox 1425 3410 1478 3466; x_wconf 81' lang='grc' dir='ltr'><strong>ἐν</strong></span> <span class='ocrx_word' id='word_1_274' title='bbox 1507 3409 1611 3472; x_wconf 83' lang='grc' dir='ltr'>τοῖς</span> <span class='ocrx_word' id='word_1_275' title='bbox 1642 3407 1944 3484; x_wconf 86' lang='grc' dir='ltr'>γυμνασίοις</span> <span class='ocrx_word' id='word_1_276' title='bbox 1977 3405 2112 3480; x_wconf 76' lang='grc' dir='ltr'>μετὰ</span> 
     </span>
     <span class='ocr_line' id='line_1_35' title="bbox 562 3492 2112 3578; baseline -0.006 -18"><span class='ocrx_word' id='word_1_277' title='bbox 562 3505 664 3560; x_wconf 90' lang='grc' dir='ltr'><strong>τῶν</strong></span> <span class='ocrx_word' id='word_1_278' title='bbox 691 3497 952 3578; x_wconf 85' lang='grc' dir='ltr'>νεωτέρων</span> <span class='ocrx_word' id='word_1_279' title='bbox 977 3519 1077 3574; x_wconf 89' lang='grc' dir='ltr'><strong>μου</strong></span> <span class='ocrx_word' id='word_1_280' title='bbox 1100 3493 1366 3574; x_wconf 76' lang='grc' dir='ltr'>διατριὸὰς</span> <span class='ocrx_word' id='word_1_281' title='bbox 1392 3493 1822 3574; x_wconf 82' lang='grc' dir='ltr'>καταμέμφεται,</span> <span class='ocrx_word' id='word_1_282' title='bbox 1853 3493 1944 3551; x_wconf 80' lang='grc' dir='ltr'><strong>καὶ</strong></span> <span class='ocrx_word' id='word_1_283' title='bbox 1977 3492 2112 3551; x_wconf 81' lang='grc' dir='ltr'>κατὰ</span> 
     </span>
     <span class='ocr_line' id='line_1_36' title="bbox 560 3579 2110 3665; baseline -0.006 -19"><span class='ocrx_word' id='word_1_284' title='bbox 560 3590 720 3660; x_wconf 72' lang='grc' dir='ltr'>τῆσδε</span> <span class='ocrx_word' id='word_1_285' title='bbox 738 3591 832 3658; x_wconf 76' lang='grc' dir='ltr'><strong>τῆς</strong></span> <span class='ocrx_word' id='word_1_286' title='bbox 852 3584 1071 3665; x_wconf 87' lang='grc' dir='ltr'>κρίσεως</span> <span class='ocrx_word' id='word_1_287' title='bbox 1091 3581 1236 3649; x_wconf 75' lang='grc' dir='ltr'>εὐθὺς</span> <span class='ocrx_word' id='word_1_288' title='bbox 1254 3581 1539 3662; x_wconf 75' lang='grc' dir='ltr'>ἀρχόμενος</span> <span class='ocrx_word' id='word_1_289' title='bbox 1555 3586 1641 3639; x_wconf 80' lang='grc' dir='ltr'><strong>τοῦ</strong></span> <span class='ocrx_word' id='word_1_290' title='bbox 1658 3580 1812 3658; x_wconf 88' lang='grc' dir='ltr'>λόγου</span> <span class='ocrx_word' id='word_1_291' title='bbox 1836 3580 1977 3661; x_wconf 81' lang='grc' dir='ltr'>φέρει</span> <span class='ocrx_word' id='word_1_292' title='bbox 1997 3579 2110 3639; x_wconf 75' lang='grc' dir='ltr'>τινὰ</span> 
     </span>
     <span class='ocr_line' id='line_1_37' title="bbox 562 3666 2108 3749; baseline -0.005 -16"><span class='ocrx_word' id='word_1_293' title='bbox 562 3675 757 3749; x_wconf 83' lang='grc' dir='ltr'>αἰτίαν,</span> <span class='ocrx_word' id='word_1_294' title='bbox 788 3671 956 3748; x_wconf 80' lang='grc' dir='ltr'>λέγων</span> <span class='ocrx_word' id='word_1_295' title='bbox 998 3674 1068 3738; x_wconf 85' lang='grc' dir='ltr'><strong>ὡς</strong></span> <span class='ocrx_word' id='word_1_296' title='bbox 1109 3668 1213 3747; x_wconf 78' lang='grc' dir='ltr'><strong>ἐγὼ</strong></span> <span class='ocrx_word' id='word_1_297' title='bbox 1238 3669 1332 3740; x_wconf 81' lang='grc' dir='ltr'><strong>τὴν</strong></span> <span class='ocrx_word' id='word_1_298' title='bbox 1370 3667 1575 3748; x_wconf 73' lang='grc' dir='ltr'>γραφὴν</span> <span class='ocrx_word' id='word_1_299' title='bbox 1602 3670 1701 3746; x_wconf 82' lang='grc' dir='ltr'><strong>οὐχ</strong></span> <span class='ocrx_word' id='word_1_300' title='bbox 1728 3666 1859 3748; x_wconf 78' lang='grc' dir='ltr'>ὑπὲρ</span> <span class='ocrx_word' id='word_1_301' title='bbox 1890 3671 1983 3738; x_wconf 75' lang='grc' dir='ltr'><strong>τῆς</strong></span> <span class='ocrx_word' id='word_1_302' title='bbox 2009 3667 2108 3726; x_wconf 86' lang='grc' dir='ltr'><strong>πό-</strong></span> 
     </span>
     <span class='ocr_line' id='line_1_38' title="bbox 561 3750 2110 3838; baseline -0.005 -20"><span class='ocrx_word' id='word_1_303' title='bbox 561 3768 690 3829; x_wconf 87' lang='grc' dir='ltr'>λεως</span> <span class='ocrx_word' id='word_1_304' title='bbox 712 3758 1041 3838; x_wconf 78' lang='grc' dir='ltr'>ἐγραψάμην,</span> <span class='ocrx_word' id='word_1_305' title='bbox 1058 3755 1172 3816; x_wconf 87' lang='grc' dir='ltr'>ἀλλ’</span> <span class='ocrx_word' id='word_1_306' title='bbox 1188 3755 1565 3831; x_wconf 81' lang='grc' dir='ltr'>ἐνδεικνύμενος</span> <span class='ocrx_word' id='word_1_307' title='bbox 1585 3753 1899 3833; x_wconf 80' lang='grc' dir='ltr'>Ἀλεξάνδρῳ</span> <span class='ocrx_word' id='word_1_308' title='bbox 1912 3752 2000 3812; x_wconf 72' lang='grc' dir='ltr'><strong>διὰ</strong></span> <span class='ocrx_word' id='word_1_309' title='bbox 2017 3750 2110 3824; x_wconf 81' lang='grc' dir='ltr'><strong>τὴν</strong></span> 
     </span>
     <span class='ocr_line' id='line_1_39' title="bbox 562 3840 2114 3929; baseline -0.007 -21"><span class='ocrx_word' id='word_1_310' title='bbox 562 3849 691 3929; x_wconf 71' lang='grc' dir='ltr'>πρὸς</span> <span class='ocrx_word' id='word_1_311' title='bbox 714 3846 870 3906; x_wconf 81' lang='grc' dir='ltr'>αὐτὸν</span> <span class='ocrx_word' id='word_1_312' title='bbox 887 3845 1097 3926; x_wconf 78' lang='grc' dir='ltr'>ἔχθραν.</span> <span class='ocrx_word' id='word_1_313' title='bbox 1182 3845 1295 3920; x_wconf 79' lang='lat'>(217)</span> <span class='ocrx_word' id='word_1_314' title='bbox 1320 3842 1429 3902; x_wconf 73' lang='grc' dir='ltr'><strong>Καὶ</strong></span> <span class='ocrx_word' id='word_1_315' title='bbox 1440 3841 1501 3913; x_wconf 80' lang='grc' dir='ltr'><strong>νὴ</strong></span> <span class='ocrx_word' id='word_1_316' title='bbox 1525 3842 1623 3913; x_wconf 87' lang='grc' dir='ltr'>Δί’,</span> <span class='ocrx_word' id='word_1_317' title='bbox 1646 3844 1716 3908; x_wconf 82' lang='grc' dir='ltr'><strong>ὡς</strong></span> <span class='ocrx_word' id='word_1_318' title='bbox 1742 3841 1845 3920; x_wconf 85' lang='grc' dir='ltr'><strong>ἐγὼ</strong></span> <span class='ocrx_word' id='word_1_319' title='bbox 1864 3840 2114 3900; x_wconf 79' lang='grc' dir='ltr'>πυνθάνο-</span> 
     </span>
     <span class='ocr_line' id='line_1_40' title="bbox 568 3927 2112 4013; baseline -0.009 -19"><span class='ocrx_word' id='word_1_320' title='bbox 568 3960 693 4013; x_wconf 88' lang='grc' dir='ltr'>μαι,</span> <span class='ocrx_word' id='word_1_321' title='bbox 718 3933 897 4010; x_wconf 84' lang='grc' dir='ltr'>μέλλει</span> <span class='ocrx_word' id='word_1_322' title='bbox 928 3954 993 4008; x_wconf 86' lang='grc' dir='ltr'><strong>με</strong></span> <span class='ocrx_word' id='word_1_323' title='bbox 1028 3933 1287 4009; x_wconf 77' lang='grc' dir='ltr'>ἀνερωτᾶν</span> <span class='ocrx_word' id='word_1_324' title='bbox 1323 3927 1407 3986; x_wconf 79' lang='grc' dir='ltr'><strong>διὰ</strong></span> <span class='ocrx_word' id='word_1_325' title='bbox 1434 3927 1484 3986; x_wconf 89' lang='grc' dir='ltr'><strong>τί</strong></span> <span class='ocrx_word' id='word_1_326' title='bbox 1506 3929 1566 3987; x_wconf 79' lang='grc' dir='ltr'><strong>τὸ</strong></span> <span class='ocrx_word' id='word_1_327' title='bbox 1594 3929 1689 4003; x_wconf 82' lang='grc' dir='ltr'><strong>μὲν</strong></span> <span class='ocrx_word' id='word_1_328' title='bbox 1716 3927 1995 4009; x_wconf 77' lang='grc' dir='ltr'>κεφάλαιον</span> <span class='ocrx_word' id='word_1_329' title='bbox 2021 3931 2112 3997; x_wconf 69' lang='grc' dir='ltr'><strong>τῆς</strong></span> 
     </span>
    </p>

    <p class='ocr_par' dir='ltr' id='par_1_9' title="bbox 472 4014 2114 4536">
     <span class='ocr_line' id='line_1_41' title="bbox 472 4014 2114 4097; baseline -0.005 -15"><span class='ocrx_word' id='word_1_330' title='bbox 472 4041 541 4089; x_wconf 80' lang='grc'><strong>85</strong></span> <span class='ocrx_word' id='word_1_331' title='bbox 564 4020 825 4086; x_wconf 88' lang='grc' dir='ltr'>πολιτείας</span> <span class='ocrx_word' id='word_1_332' title='bbox 853 4021 1009 4078; x_wconf 79' lang='grc' dir='ltr'>αὐτοῦ</span> <span class='ocrx_word' id='word_1_333' title='bbox 1038 4017 1217 4097; x_wconf 81' lang='grc' dir='ltr'>ψέγω,</span> <span class='ocrx_word' id='word_1_334' title='bbox 1248 4015 1317 4074; x_wconf 79' lang='grc' dir='ltr'><strong>τὰ</strong></span> <span class='ocrx_word' id='word_1_335' title='bbox 1348 4015 1403 4074; x_wconf 83' lang='grc' dir='ltr'><strong>δὲ</strong></span> <span class='ocrx_word' id='word_1_336' title='bbox 1436 4015 1551 4076; x_wconf 88' lang='grc' dir='ltr'>καθ’</span> <span class='ocrx_word' id='word_1_337' title='bbox 1590 4016 1808 4074; x_wconf 79' lang='grc' dir='ltr'>ἕκαστον</span> <span class='ocrx_word' id='word_1_338' title='bbox 1846 4017 1943 4074; x_wconf 79' lang='grc' dir='ltr'><strong>οὐκ</strong></span> <span class='ocrx_word' id='word_1_339' title='bbox 1969 4014 2114 4074; x_wconf 82' lang='grc' dir='ltr'>ἐκώ-</span> 
     </span>
     <span class='ocr_line' id='line_1_42' title="bbox 566 4101 2111 4185; baseline -0.006 -15"><span class='ocrx_word' id='word_1_340' title='bbox 566 4113 689 4170; x_wconf 87' lang='grc' dir='ltr'>λυον</span> <span class='ocrx_word' id='word_1_341' title='bbox 716 4110 822 4167; x_wconf 79' lang='grc' dir='ltr'>οὐδ’</span> <span class='ocrx_word' id='word_1_342' title='bbox 852 4103 1175 4185; x_wconf 78' lang='grc' dir='ltr'>ἐγραφόμην,</span> <span class='ocrx_word' id='word_1_343' title='bbox 1200 4103 1337 4162; x_wconf 84' lang='grc' dir='ltr'>ἀλλὰ</span> <span class='ocrx_word' id='word_1_344' title='bbox 1360 4101 1613 4162; x_wconf 82' lang='grc' dir='ltr'>διαλιπὼν</span> <span class='ocrx_word' id='word_1_345' title='bbox 1634 4102 1722 4161; x_wconf 78' lang='grc' dir='ltr'><strong>καὶ</strong></span> <span class='ocrx_word' id='word_1_346' title='bbox 1745 4103 1872 4182; x_wconf 81' lang='grc' dir='ltr'>πρὸς</span> <span class='ocrx_word' id='word_1_347' title='bbox 1898 4101 1994 4174; x_wconf 73' lang='grc' dir='ltr'><strong>τὴν</strong></span> <span class='ocrx_word' id='word_1_348' title='bbox 2015 4125 2111 4160; x_wconf 88' lang='grc' dir='ltr'><strong>πο·</strong></span> 
     </span>
     <span class='ocr_line' id='line_1_43' title="bbox 564 4186 2113 4271; baseline -0.005 -16"><span class='ocrx_word' id='word_1_349' title='bbox 564 4195 760 4256; x_wconf 83' lang='grc' dir='ltr'>λιτείαν</span> <span class='ocrx_word' id='word_1_350' title='bbox 780 4196 839 4254; x_wconf 81' lang='grc' dir='ltr'><strong>οὐ</strong></span> <span class='ocrx_word' id='word_1_351' title='bbox 860 4190 1030 4251; x_wconf 80' lang='grc' dir='ltr'>πυκνὰ</span> <span class='ocrx_word' id='word_1_352' title='bbox 1052 4189 1279 4271; x_wconf 86' lang='grc' dir='ltr'>προσιὼν</span> <span class='ocrx_word' id='word_1_353' title='bbox 1304 4189 1573 4266; x_wconf 77' lang='grc' dir='ltr'>ἀπήνεγκα</span> <span class='ocrx_word' id='word_1_354' title='bbox 1601 4187 1693 4259; x_wconf 85' lang='grc' dir='ltr'><strong>τὴν</strong></span> <span class='ocrx_word' id='word_1_355' title='bbox 1720 4188 1944 4269; x_wconf 77' lang='grc' dir='ltr'>γραφήν.</span> <span class='ocrx_word' id='word_1_356' title='bbox 1970 4186 2113 4266; x_wconf 85' lang='grc' dir='ltr'><strong>Ἐγὼ</strong></span> 
     </span>
     <span class='ocr_line' id='line_1_44' title="bbox 570 4275 2112 4356; baseline -0.006 -14"><span class='ocrx_word' id='word_1_357' title='bbox 570 4287 625 4342; x_wconf 83' lang='grc' dir='ltr'><strong>δὲ</strong></span> <span class='ocrx_word' id='word_1_358' title='bbox 650 4282 766 4342; x_wconf 79' lang='grc' dir='ltr'>οὔτε</span> <span class='ocrx_word' id='word_1_359' title='bbox 802 4280 893 4347; x_wconf 81' lang='grc' dir='ltr'><strong>τὰς</strong></span> <span class='ocrx_word' id='word_1_360' title='bbox 921 4277 1279 4355; x_wconf 81' lang='grc' dir='ltr'>Δημοσθένους</span> <span class='ocrx_word' id='word_1_361' title='bbox 1310 4277 1576 4356; x_wconf 72' lang='grc' dir='ltr'>διατριὸὰς</span> <span class='ocrx_word' id='word_1_362' title='bbox 1600 4277 1861 4348; x_wconf 81' lang='grc' dir='ltr'>ἐζήλωκα,</span> <span class='ocrx_word' id='word_1_363' title='bbox 1889 4275 1998 4334; x_wconf 83' lang='grc' dir='ltr'>οὔτ’</span> <span class='ocrx_word' id='word_1_364' title='bbox 2025 4275 2112 4334; x_wconf 73' lang='grc' dir='ltr'>ἐπὶ</span> 
     </span>
     <span class='ocr_line' id='line_1_45' title="bbox 564 4363 2113 4445; baseline -0.005 -16"><span class='ocrx_word' id='word_1_365' title='bbox 564 4379 679 4436; x_wconf 80' lang='grc' dir='ltr'>ταῖς</span> <span class='ocrx_word' id='word_1_366' title='bbox 708 4371 931 4445; x_wconf 80' lang='grc' dir='ltr'>ἐμαυτοῦ</span> <span class='ocrx_word' id='word_1_367' title='bbox 954 4365 1299 4444; x_wconf 83' lang='grc' dir='ltr'>αἰσχύνομαι,</span> <span class='ocrx_word' id='word_1_368' title='bbox 1322 4363 1439 4424; x_wconf 84' lang='grc' dir='ltr'>οὗτε</span> <span class='ocrx_word' id='word_1_369' title='bbox 1460 4365 1577 4429; x_wconf 78' lang='grc' dir='ltr'>τοὺς</span> <span class='ocrx_word' id='word_1_370' title='bbox 1596 4363 1893 4442; x_wconf 80' lang='grc' dir='ltr'>εἰρημένους</span> <span class='ocrx_word' id='word_1_371' title='bbox 1914 4365 1968 4422; x_wconf 81' lang='grc' dir='ltr'><strong>ἐν</strong></span> <span class='ocrx_word' id='word_1_372' title='bbox 1993 4367 2113 4439; x_wconf 79' lang='grc' dir='ltr'>ὑμῖν</span> 
     </span>
     <span class='ocr_line' id='line_1_46' title="bbox 570 4443 2112 4536; baseline -0.005 -19"><span class='ocrx_word' id='word_1_373' title='bbox 570 4460 745 4536; x_wconf 84' lang='grc' dir='ltr'>λόγους</span> <span class='ocrx_word' id='word_1_374' title='bbox 772 4457 984 4535; x_wconf 78' lang='grc' dir='ltr'>ἐμαυτῷ</span> <span class='ocrx_word' id='word_1_375' title='bbox 1004 4453 1257 4534; x_wconf 75' lang='grc' dir='ltr'>ἀρρήτους</span> <span class='ocrx_word' id='word_1_376' title='bbox 1280 4443 1412 4510; x_wconf 73' lang='grc' dir='ltr'>εἶναι</span> <span class='ocrx_word' id='word_1_377' title='bbox 1439 4450 1741 4530; x_wconf 88' lang='grc' dir='ltr'>βουλοίμην,</span> <span class='ocrx_word' id='word_1_378' title='bbox 1760 4449 1879 4508; x_wconf 81' lang='grc' dir='ltr'>οὔτε</span> <span class='ocrx_word' id='word_1_379' title='bbox 1894 4449 1960 4508; x_wconf 79' lang='grc' dir='ltr'><strong>τὰ</strong></span> <span class='ocrx_word' id='word_1_380' title='bbox 1977 4449 2112 4509; x_wconf 76' lang='grc' dir='ltr'>αὐτὰ</span> 
     </span>
    </p>

    <p class='ocr_par' dir='ltr' id='par_1_10' title="bbox 497 4537 2116 5146">
     <span class='ocr_line' id='line_1_47' title="bbox 497 4537 2113 4624; baseline -0.007 -18"><span class='ocrx_word' id='word_1_381' title='bbox 497 4572 524 4607; x_wconf 79' lang='lat' dir='ltr'><strong>a</strong></span> <span class='ocrx_word' id='word_1_382' title='bbox 568 4546 733 4624; x_wconf 80' lang='grc' dir='ltr'>τούτῳ</span> <span class='ocrx_word' id='word_1_383' title='bbox 790 4541 1162 4620; x_wconf 84' lang='grc' dir='ltr'>δημηγορήσας</span> <span class='ocrx_word' id='word_1_384' title='bbox 1212 4538 1465 4616; x_wconf 79' lang='grc' dir='ltr'>ἐδεξάμην</span> <span class='ocrx_word' id='word_1_385' title='bbox 1510 4537 1573 4596; x_wconf 69' lang='grc' dir='ltr'><strong>ἂν</strong></span> <span class='ocrx_word' id='word_1_386' title='bbox 1625 4541 1738 4608; x_wconf 81' lang='grc' dir='ltr'><strong>ζῆν.</strong></span> <span class='ocrx_word' id='word_1_387' title='bbox 1825 4538 1944 4615; x_wconf 71' lang='grc'><strong>(218)</strong></span> <span class='ocrx_word' id='word_1_388' title='bbox 1997 4537 2113 4609; x_wconf 82' lang='grc' dir='ltr'><strong>Τὴν</strong></span> 
     </span>
     <span class='ocr_line' id='line_1_48' title="bbox 566 4617 2114 4709; baseline -0.008 -17"><span class='ocrx_word' id='word_1_389' title='bbox 566 4637 611 4692; x_wconf 85' lang='grc' dir='ltr'><strong>δ’</strong></span> <span class='ocrx_word' id='word_1_390' title='bbox 630 4632 763 4709; x_wconf 86' lang='grc' dir='ltr'>ἐμὴν</span> <span class='ocrx_word' id='word_1_391' title='bbox 777 4629 999 4700; x_wconf 74' lang='grc' dir='ltr'>σιωπήν,</span> <span class='ocrx_word' id='word_1_392' title='bbox 1015 4617 1059 4686; x_wconf 75' lang='grc' dir='ltr'><em>ὦ</em></span> <span class='ocrx_word' id='word_1_393' title='bbox 1078 4625 1423 4701; x_wconf 84' lang='grc' dir='ltr'>Δημόσθενες,</span> <span class='ocrx_word' id='word_1_394' title='bbox 1437 4629 1471 4694; x_wconf 86' lang='grc' dir='ltr'>ἡ</span> <span class='ocrx_word' id='word_1_395' title='bbox 1488 4629 1577 4682; x_wconf 80' lang='grc' dir='ltr'><strong>τοῦ</strong></span> <span class='ocrx_word' id='word_1_396' title='bbox 1596 4623 1709 4699; x_wconf 88' lang='grc' dir='ltr'>βίου</span> <span class='ocrx_word' id='word_1_397' title='bbox 1724 4621 1998 4701; x_wconf 87' lang='grc' dir='ltr'>μετριότης</span> <span class='ocrx_word' id='word_1_398' title='bbox 2007 4645 2114 4681; x_wconf 85' lang='grc' dir='ltr'><strong>πα-</strong></span> 
     </span>
     <span class='ocr_line' id='line_1_49' title="bbox 570 4709 2116 4798; baseline -0.007 -20"><span class='ocrx_word' id='word_1_399' title='bbox 570 4719 877 4798; x_wconf 87' lang='grc' dir='ltr'>ρεσκεύασεν</span> <span class='ocrx_word' id='word_1_400' title='bbox 894 4741 907 4754; x_wconf 91' lang='grc'><strong><em>·</em></strong></span> <span class='ocrx_word' id='word_1_401' title='bbox 934 4719 1085 4795; x_wconf 83' lang='grc' dir='ltr'>ἀρκεῖ</span> <span class='ocrx_word' id='word_1_402' title='bbox 1101 4713 1201 4791; x_wconf 82' lang='grc' dir='ltr'><strong>γάρ</strong></span> <span class='ocrx_word' id='word_1_403' title='bbox 1226 4735 1314 4788; x_wconf 88' lang='grc' dir='ltr'><strong>μοι</strong></span> <span class='ocrx_word' id='word_1_404' title='bbox 1332 4709 1495 4790; x_wconf 80' lang='grc' dir='ltr'>μικρὰ</span> <span class='ocrx_word' id='word_1_405' title='bbox 1512 4711 1603 4768; x_wconf 77' lang='grc' dir='ltr'><strong>καὶ</strong></span> <span class='ocrx_word' id='word_1_406' title='bbox 1622 4709 1865 4786; x_wconf 86' lang='grc' dir='ltr'>μειζόνων</span> <span class='ocrx_word' id='word_1_407' title='bbox 1888 4712 2116 4790; x_wconf 80' lang='grc' dir='ltr'>αἰσχρῶς</span> 
     </span>
     <span class='ocr_line' id='line_1_50' title="bbox 568 4797 2116 4878; baseline -0.006 -13"><span class='ocrx_word' id='word_1_408' title='bbox 568 4809 663 4866; x_wconf 85' lang='grc' dir='ltr'><strong>οὗκ</strong></span> <span class='ocrx_word' id='word_1_409' title='bbox 692 4805 956 4878; x_wconf 79' lang='grc' dir='ltr'>ἐπιθυμῶ,</span> <span class='ocrx_word' id='word_1_410' title='bbox 990 4799 1126 4857; x_wconf 81' lang='grc' dir='ltr'>ὥστε</span> <span class='ocrx_word' id='word_1_411' title='bbox 1150 4801 1241 4857; x_wconf 78' lang='grc' dir='ltr'>καί</span> <span class='ocrx_word' id='word_1_412' title='bbox 1264 4801 1396 4874; x_wconf 90' lang='grc' dir='ltr'>σιγῶ</span> <span class='ocrx_word' id='word_1_413' title='bbox 1422 4797 1511 4855; x_wconf 66' lang='grc' dir='ltr'><strong>καὶ</strong></span> <span class='ocrx_word' id='word_1_414' title='bbox 1537 4797 1675 4874; x_wconf 89' lang='grc' dir='ltr'>λέγω</span> <span class='ocrx_word' id='word_1_415' title='bbox 1706 4797 2116 4876; x_wconf 82' lang='grc' dir='ltr'>βουλευσάμενος</span> 
     </span>
     <span class='ocr_line' id='line_1_51' title="bbox 572 4883 2108 4964; baseline -0.007 -12"><span class='ocrx_word' id='word_1_416' title='bbox 572 4895 689 4952; x_wconf 89' lang='grc' dir='ltr'>ἀλλ’</span> <span class='ocrx_word' id='word_1_417' title='bbox 708 4894 801 4950; x_wconf 75' lang='grc' dir='ltr'><strong>οὐκ</strong></span> <span class='ocrx_word' id='word_1_418' title='bbox 828 4887 1241 4964; x_wconf 81' lang='grc' dir='ltr'>ἀναγκαζόμενος</span> <span class='ocrx_word' id='word_1_419' title='bbox 1262 4885 1363 4943; x_wconf 76' lang='grc' dir='ltr'>ὑπὸ</span> <span class='ocrx_word' id='word_1_420' title='bbox 1390 4888 1481 4954; x_wconf 69' lang='grc' dir='ltr'><strong>τῆς</strong></span> <span class='ocrx_word' id='word_1_421' title='bbox 1513 4886 1567 4942; x_wconf 82' lang='grc' dir='ltr'><strong>ἐν</strong></span> <span class='ocrx_word' id='word_1_422' title='bbox 1592 4889 1657 4963; x_wconf 78' lang='grc' dir='ltr'><strong>τῇ</strong></span> <span class='ocrx_word' id='word_1_423' title='bbox 1681 4883 1829 4962; x_wconf 83' lang='grc' dir='ltr'>φύσει</span> <span class='ocrx_word' id='word_1_424' title='bbox 1852 4883 2108 4957; x_wconf 75' lang='grc' dir='ltr'>δαπάνης,</span> 
     </span>
     <span class='ocr_line' id='line_1_52' title="bbox 572 4969 2115 5054; baseline -0.007 -15"><span class='ocrx_word' id='word_1_425' title='bbox 572 4980 651 5040; x_wconf 75' lang='grc' dir='ltr'><strong>Σὺ</strong></span> <span class='ocrx_word' id='word_1_426' title='bbox 670 4977 713 5037; x_wconf 84' lang='grc' dir='ltr'><strong>δ’</strong></span> <span class='ocrx_word' id='word_1_427' title='bbox 734 4969 885 5054; x_wconf 79' lang='grc' dir='ltr'>οἶμαι</span> <span class='ocrx_word' id='word_1_428' title='bbox 906 4972 1085 5033; x_wconf 74' lang='grc' dir='ltr'>λαὸὼν</span> <span class='ocrx_word' id='word_1_429' title='bbox 1106 4973 1201 5047; x_wconf 82' lang='grc' dir='ltr'><strong>μὲν</strong></span> <span class='ocrx_word' id='word_1_430' title='bbox 1222 4969 1520 5048; x_wconf 87' lang='grc' dir='ltr'>σεσίγηκας,</span> <span class='ocrx_word' id='word_1_431' title='bbox 1546 4969 1816 5036; x_wconf 79' lang='grc' dir='ltr'>ἀναλώσας</span> <span class='ocrx_word' id='word_1_432' title='bbox 1844 4969 1900 5027; x_wconf 76' lang='grc' dir='ltr'><strong>δὲ</strong></span> <span class='ocrx_word' id='word_1_433' title='bbox 1925 4969 2115 5048; x_wconf 79' lang='grc' dir='ltr'>κέκρα-</span> 
     </span>
     <span class='ocr_line' id='line_1_53' title="bbox 568 5055 2112 5146; baseline -0.006 -21"><span class='ocrx_word' id='word_1_434' title='bbox 568 5091 683 5146; x_wconf 86' lang='grc' dir='ltr'>γας.</span> <span class='ocrx_word' id='word_1_435' title='bbox 770 5065 950 5141; x_wconf 83' lang='grc' dir='ltr'>Λέγεις</span> <span class='ocrx_word' id='word_1_436' title='bbox 972 5060 1029 5120; x_wconf 74' lang='grc' dir='ltr'><strong>δὲ</strong></span> <span class='ocrx_word' id='word_1_437' title='bbox 1058 5062 1159 5139; x_wconf 78' lang='grc' dir='ltr'><strong>οὐχ</strong></span> <span class='ocrx_word' id='word_1_438' title='bbox 1192 5058 1385 5117; x_wconf 81' lang='grc' dir='ltr'>ὁπόταν</span> <span class='ocrx_word' id='word_1_439' title='bbox 1426 5079 1507 5116; x_wconf 90' lang='grc' dir='ltr'><strong>σοι</strong></span> <span class='ocrx_word' id='word_1_440' title='bbox 1542 5059 1669 5136; x_wconf 84' lang='grc' dir='ltr'>δοκῇ</span> <span class='ocrx_word' id='word_1_441' title='bbox 1708 5055 1872 5116; x_wconf 75' lang='grc' dir='ltr'>οὗδ’ἃ</span> <span class='ocrx_word' id='word_1_442' title='bbox 1907 5057 2112 5136; x_wconf 83' lang='grc' dir='ltr'>βούλει,</span> 
     </span>
    </p>

    <p class='ocr_par' dir='ltr' id='par_1_11' title="bbox 494 5143 2116 5224">
     <span class='ocr_line' id='line_1_54' title="bbox 494 5143 2116 5224; baseline -0.007 -8"><span class='ocrx_word' id='word_1_443' title='bbox 494 5175 546 5216; x_wconf 79' lang='grc' dir='ltr'><strong>ιο</strong></span> <span class='ocrx_word' id='word_1_444' title='bbox 574 5157 690 5213; x_wconf 89' lang='grc' dir='ltr'>ἀλλ’</span> <span class='ocrx_word' id='word_1_445' title='bbox 734 5151 929 5211; x_wconf 79' lang='grc' dir='ltr'>ὁπόταν</span> <span class='ocrx_word' id='word_1_446' title='bbox 974 5151 1023 5206; x_wconf 75' lang='grc' dir='ltr'><strong>οἱ</strong></span> <span class='ocrx_word' id='word_1_447' title='bbox 1074 5145 1374 5224; x_wconf 86' lang='grc' dir='ltr'>μισθοδόται</span> <span class='ocrx_word' id='word_1_448' title='bbox 1424 5167 1509 5202; x_wconf 90' lang='grc' dir='ltr'><strong>σοι</strong></span> <span class='ocrx_word' id='word_1_449' title='bbox 1551 5143 1942 5223; x_wconf 84' lang='grc' dir='ltr'>προστάττωσιν</span> <span class='ocrx_word' id='word_1_450' title='bbox 1959 5167 1974 5182; x_wconf 93' lang='grc'>·</span> <span class='ocrx_word' id='word_1_451' title='bbox 2021 5147 2116 5204; x_wconf 75' lang='grc' dir='ltr'><strong>οὐκ</strong></span> 
     </span>
    </p>
   </div>
   <div class='ocr_carea' id='block_1_3' title="bbox 574 5231 2112 5321">
    <p class='ocr_par' dir='ltr' id='par_1_12' title="bbox 574 5231 2112 5321">
     <span class='ocr_line' id='line_1_55' title="bbox 574 5231 2112 5321; baseline -0.014 -20"><span class='ocrx_word' id='word_1_452' title='bbox 574 5239 796 5321; x_wconf 80' lang='grc' dir='ltr'>αἰσχύνῃ</span> <span class='ocrx_word' id='word_1_453' title='bbox 811 5236 863 5296; x_wconf 80' lang='grc' dir='ltr'><strong>δὲ</strong></span> <span class='ocrx_word' id='word_1_454' title='bbox 884 5233 1311 5312; x_wconf 82' lang='grc' dir='ltr'>ἀλαζονευόμενος</span> <span class='ocrx_word' id='word_1_455' title='bbox 1330 5233 1363 5290; x_wconf 75' lang='grc' dir='ltr'>ἃ</span> <span class='ocrx_word' id='word_1_456' title='bbox 1382 5237 1711 5312; x_wconf 72' lang='grc' dir='ltr'>παραχρῆμα</span> <span class='ocrx_word' id='word_1_457' title='bbox 1728 5231 1969 5313; x_wconf 73' lang='grc' dir='ltr'>ἐξελέγχῃ</span> <span class='ocrx_word' id='word_1_458' title='bbox 1990 5235 2112 5312; x_wconf 58' lang='lat' dir='ltr'><strong>qm).</strong></span> 
     </span>
    </p>
   </div>
   <div class='ocr_carea' id='block_1_4' title="bbox 1480 471 2816 551">
    <p class='ocr_par' dir='ltr' id='par_1_13' title="bbox 1480 471 2816 551">
     <span class='ocr_line' id='line_1_56' title="bbox 1480 471 2816 551; baseline -0.001 -1"><span class='ocrx_word' id='word_1_459' title='bbox 1480 489 1857 550; x_wconf 69' lang='lat' dir='ltr'><strong>Aizxmor</strong></span> <span class='ocrx_word' id='word_1_460' title='bbox 1894 493 1947 549; x_wconf 92' lang='lat' dir='ltr'><strong>o</strong></span> <span class='ocrx_word' id='word_1_461' title='bbox 1990 491 2195 549; x_wconf 70' lang='lat' dir='ltr'><strong>RATA</strong></span> <span class='ocrx_word' id='word_1_462' title='bbox 2239 471 2816 551; x_wconf 67' lang='grc' dir='ltr'>κΤιιΣιψΩΝΤοέ.</span> 
     </span>
    </p>
   </div>
   <div class='ocr_carea' id='block_1_5' title="bbox 3423 491 3718 568">
    <p class='ocr_par' dir='ltr' id='par_1_14' title="bbox 3423 491 3718 568">
     <span class='ocr_line' id='line_1_57' title="bbox 3423 491 3718 568; baseline 0.007 -2"><span class='ocrx_word' id='word_1_463' title='bbox 3423 491 3678 566; x_wconf 66' lang='lat' dir='ltr'><strong>(nos—m</strong></span> <span class='ocrx_word' id='word_1_464' title='bbox 3701 495 3718 568; x_wconf 79' lang='lat'><strong>&gt;</strong></span> 
     </span>
    </p>
   </div>
   <div class='ocr_carea' id='block_1_6' title="bbox 2193 627 3724 1124">
    <p class='ocr_par' dir='ltr' id='par_1_15' title="bbox 2193 627 3724 1124">
     <span class='ocr_line' id='line_1_58' title="bbox 2199 627 3718 694; baseline 0.004 -18"><span class='ocrx_word' id='word_1_465' title='bbox 2199 627 2326 689; x_wconf 84' lang='lat' dir='ltr'><strong>quod</strong></span> <span class='ocrx_word' id='word_1_466' title='bbox 2341 628 2430 678; x_wconf 85' lang='lat' dir='ltr'><strong>iste</strong></span> <span class='ocrx_word' id='word_1_467' title='bbox 2451 631 2618 679; x_wconf 84' lang='lat' dir='ltr'><strong>contra</strong></span> <span class='ocrx_word' id='word_1_468' title='bbox 2635 631 2760 692; x_wconf 80' lang='lat' dir='ltr'><strong>leges</strong></span> <span class='ocrx_word' id='word_1_469' title='bbox 2785 644 2953 681; x_wconf 88' lang='lat' dir='ltr'><strong>omnes</strong></span> <span class='ocrx_word' id='word_1_470' title='bbox 2970 631 3300 681; x_wconf 84' lang='lat' dir='ltr'><strong>coronandum</strong></span> <span class='ocrx_word' id='word_1_471' title='bbox 3321 631 3558 694; x_wconf 78' lang='lat' dir='ltr'><strong>decrevit,</strong></span> <span class='ocrx_word' id='word_1_472' title='bbox 3581 632 3718 682; x_wconf 74' lang='lat' dir='ltr'><strong>decies</strong></span> 
     </span>
     <span class='ocr_line' id='line_1_59' title="bbox 2197 715 3714 782; baseline 0.004 -20"><span class='ocrx_word' id='word_1_473' title='bbox 2197 715 2366 764; x_wconf 87' lang='lat' dir='ltr'><strong>millies</strong></span> <span class='ocrx_word' id='word_1_474' title='bbox 2387 715 2694 778; x_wconf 76' lang='lat' dir='ltr'><strong>dissecuerit,</strong></span> <span class='ocrx_word' id='word_1_475' title='bbox 2722 717 2920 782; x_wconf 75' lang='lat' dir='ltr'><strong>eiusque</strong></span> <span class='ocrx_word' id='word_1_476' title='bbox 2939 719 3006 768; x_wconf 86' lang='lat' dir='ltr'><strong>rei</strong></span> <span class='ocrx_word' id='word_1_477' title='bbox 3033 719 3302 768; x_wconf 87' lang='lat' dir='ltr'><strong>mercedem</strong></span> <span class='ocrx_word' id='word_1_478' title='bbox 3325 718 3517 780; x_wconf 85' lang='lat' dir='ltr'><strong>tulerit,</strong></span> <span class='ocrx_word' id='word_1_479' title='bbox 3538 731 3714 768; x_wconf 84' lang='lat' dir='ltr'><strong>accusa-</strong></span> 
     </span>
     <span class='ocr_line' id='line_1_60' title="bbox 2197 801 3720 868; baseline 0.004 -19"><span class='ocrx_word' id='word_1_480' title='bbox 2197 801 2406 852; x_wconf 74' lang='lat' dir='ltr'><strong>tionibus</strong></span> <span class='ocrx_word' id='word_1_481' title='bbox 2441 801 2502 852; x_wconf 88' lang='lat' dir='ltr'><strong>de</strong></span> <span class='ocrx_word' id='word_1_482' title='bbox 2533 805 2732 854; x_wconf 77' lang='lat' dir='ltr'><strong>vnlnere</strong></span> <span class='ocrx_word' id='word_1_483' title='bbox 2762 807 2982 856; x_wconf 83' lang='lat' dir='ltr'><strong>consulto</strong></span> <span class='ocrx_word' id='word_1_484' title='bbox 3017 807 3154 856; x_wconf 76' lang='lat' dir='ltr'><strong>illato</strong></span> <span class='ocrx_word' id='word_1_485' title='bbox 3189 807 3443 865; x_wconf 80' lang='lat' dir='ltr'><strong>institutis,</strong></span> <span class='ocrx_word' id='word_1_486' title='bbox 3481 807 3720 868; x_wconf 70' lang='lat' dir='ltr'><strong>pugnisque</strong></span> 
     </span>
     <span class='ocr_line' id='line_1_61' title="bbox 2195 886 3720 952; baseline 0.003 -18"><span class='ocrx_word' id='word_1_487' title='bbox 2195 886 2264 934; x_wconf 87' lang='lat' dir='ltr'><strong>ita</strong></span> <span class='ocrx_word' id='word_1_488' title='bbox 2281 889 2353 935; x_wconf 81' lang='lat' dir='ltr'><strong>est</strong></span> <span class='ocrx_word' id='word_1_489' title='bbox 2376 899 2406 935; x_wconf 84' lang='lat' dir='ltr'><strong>a</strong></span> <span class='ocrx_word' id='word_1_490' title='bbox 2441 887 2585 936; x_wconf 83' lang='lat' dir='ltr'><strong>Midia</strong></span> <span class='ocrx_word' id='word_1_491' title='bbox 2621 889 2864 952; x_wconf 82' lang='lat' dir='ltr'><strong>concisus,</strong></span> <span class='ocrx_word' id='word_1_492' title='bbox 2883 891 2942 939; x_wconf 86' lang='lat' dir='ltr'><strong>ut</strong></span> <span class='ocrx_word' id='word_1_493' title='bbox 2967 903 3138 940; x_wconf 87' lang='lat' dir='ltr'><strong>eorum</strong></span> <span class='ocrx_word' id='word_1_494' title='bbox 3159 889 3350 940; x_wconf 86' lang='lat' dir='ltr'><strong>credam</strong></span> <span class='ocrx_word' id='word_1_495' title='bbox 3371 889 3568 952; x_wconf 55' lang='lat' dir='ltr'><strong>vest’gia</strong></span> <span class='ocrx_word' id='word_1_496' title='bbox 3583 890 3720 938; x_wconf 85' lang='lat' dir='ltr'><strong>adhuc</strong></span> 
     </span>
     <span class='ocr_line' id='line_1_62' title="bbox 2195 973 3724 1040; baseline 0.003 -18"><span class='ocrx_word' id='word_1_497' title='bbox 2195 973 2245 1022; x_wconf 88' lang='lat' dir='ltr'><strong>in</strong></span> <span class='ocrx_word' id='word_1_498' title='bbox 2270 986 2470 1036; x_wconf 87' lang='lat' dir='ltr'><strong>corpore</strong></span> <span class='ocrx_word' id='word_1_499' title='bbox 2504 975 2608 1036; x_wconf 80' lang='lat' dir='ltr'><strong>ejus</strong></span> <span class='ocrx_word' id='word_1_500' title='bbox 2623 975 2850 1026; x_wconf 87' lang='lat' dir='ltr'><strong>eminere.</strong></span> <span class='ocrx_word' id='word_1_501' title='bbox 2913 981 3070 1028; x_wconf 81' lang='lat' dir='ltr'><strong>Romo</strong></span> <span class='ocrx_word' id='word_1_502' title='bbox 3095 978 3224 1027; x_wconf 88' lang='lat' dir='ltr'><strong>enim</strong></span> <span class='ocrx_word' id='word_1_503' title='bbox 3253 991 3351 1028; x_wconf 88' lang='lat' dir='ltr'><strong>non</strong></span> <span class='ocrx_word' id='word_1_504' title='bbox 3371 981 3476 1027; x_wconf 88' lang='lat' dir='ltr'><strong>tam</strong></span> <span class='ocrx_word' id='word_1_505' title='bbox 3497 982 3632 1040; x_wconf 72' lang='lat' dir='ltr'><strong>mput</strong></span> <span class='ocrx_word' id='word_1_506' title='bbox 3653 991 3724 1040; x_wconf 81' lang='lat' dir='ltr'><strong>ge-</strong></span> 
     </span>
     <span class='ocr_line' id='line_1_63' title="bbox 2193 1063 2724 1124; baseline 0.004 -14"><span class='ocrx_word' id='word_1_507' title='bbox 2193 1063 2288 1110; x_wconf 80' lang='lat' dir='ltr'><strong>stat</strong></span> <span class='ocrx_word' id='word_1_508' title='bbox 2302 1097 2316 1120; x_wconf 86' lang='lat'><strong><em>‚</em></strong></span> <span class='ocrx_word' id='word_1_509' title='bbox 2331 1073 2480 1124; x_wconf 85' lang='lat' dir='ltr'><strong>qnam</strong></span> <span class='ocrx_word' id='word_1_510' title='bbox 2499 1063 2724 1112; x_wconf 70' lang='lat' dir='ltr'><strong>reditum.</strong></span> 
     </span>
    </p>
   </div>
   <div class='ocr_carea' id='block_1_7' title="bbox 2193 1151 3723 1302">
    <p class='ocr_par' dir='ltr' id='par_1_16' title="bbox 2193 1151 3723 1302">
     <span class='ocr_line' id='line_1_64' title="bbox 2259 1151 3720 1215; baseline 0.003 -17"><span class='ocrx_word' id='word_1_511' title='bbox 2259 1155 2365 1199; x_wconf 77' lang='grc'><strong>213.</strong></span> <span class='ocrx_word' id='word_1_512' title='bbox 2394 1153 2504 1199; x_wconf 85' lang='lat' dir='ltr'><strong>Jam</strong></span> <span class='ocrx_word' id='word_1_513' title='bbox 2529 1164 2672 1213; x_wconf 86' lang='lat' dir='ltr'><strong>porro</strong></span> <span class='ocrx_word' id='word_1_514' title='bbox 2707 1151 2768 1200; x_wconf 88' lang='lat' dir='ltr'><strong>de</strong></span> <span class='ocrx_word' id='word_1_515' title='bbox 2784 1151 3118 1214; x_wconf 75' lang='lat' dir='ltr'><strong>ctesiphonte,</strong></span> <span class='ocrx_word' id='word_1_516' title='bbox 3136 1152 3218 1215; x_wconf 86' lang='lat' dir='ltr'><strong>qui</strong></span> <span class='ocrx_word' id='word_1_517' title='bbox 3235 1151 3411 1202; x_wconf 85' lang='lat' dir='ltr'><strong>scitum</strong></span> <span class='ocrx_word' id='word_1_518' title='bbox 3431 1153 3524 1202; x_wconf 88' lang='lat' dir='ltr'><strong>boc</strong></span> <span class='ocrx_word' id='word_1_519' title='bbox 3539 1153 3720 1215; x_wconf 73' lang='lat' dir='ltr'><strong>scripsit,</strong></span> 
     </span>
     <span class='ocr_line' id='line_1_65' title="bbox 2193 1237 3723 1302; baseline 0.004 -20"><span class='ocrx_word' id='word_1_520' title='bbox 2193 1245 2346 1296; x_wconf 88' lang='lat' dir='ltr'><strong>pauca</strong></span> <span class='ocrx_word' id='word_1_521' title='bbox 2357 1237 2471 1285; x_wconf 75' lang='lat' dir='ltr'><strong>milii</strong></span> <span class='ocrx_word' id='word_1_522' title='bbox 2481 1237 2684 1287; x_wconf 86' lang='lat' dir='ltr'><strong>dicenda</strong></span> <span class='ocrx_word' id='word_1_523' title='bbox 2695 1240 2834 1300; x_wconf 82' lang='lat' dir='ltr'><strong>sunt;</strong></span> <span class='ocrx_word' id='word_1_524' title='bbox 2849 1239 3054 1301; x_wconf 86' lang='lat' dir='ltr'><strong>plurima</strong></span> <span class='ocrx_word' id='word_1_525' title='bbox 3069 1242 3230 1289; x_wconf 82' lang='lat' dir='ltr'><strong>autem</strong></span> <span class='ocrx_word' id='word_1_526' title='bbox 3247 1241 3522 1302; x_wconf 78' lang='lat' dir='ltr'><strong>praeteribo,</strong></span> <span class='ocrx_word' id='word_1_527' title='bbox 3541 1243 3592 1289; x_wconf 83' lang='lat' dir='ltr'><strong>ut</strong></span> <span class='ocrx_word' id='word_1_528' title='bbox 3601 1243 3723 1289; x_wconf 73' lang='lat' dir='ltr'><strong>vestri</strong></span> 
     </span>
    </p>
   </div>
   <div class='ocr_carea' id='block_1_8' title="bbox 2191 1321 3726 2518">
    <p class='ocr_par' dir='ltr' id='par_1_17' title="bbox 2191 1321 3726 2518">
     <span class='ocr_line' id='line_1_66' title="bbox 2195 1321 3723 1390; baseline 0.003 -20"><span class='ocrx_word' id='word_1_529' title='bbox 2195 1321 2364 1371; x_wconf 77' lang='lat' dir='ltr'><strong>faciam</strong></span> <span class='ocrx_word' id='word_1_530' title='bbox 2383 1325 2644 1386; x_wconf 88' lang='lat' dir='ltr'><strong>periculum</strong></span> <span class='ocrx_word' id='word_1_531' title='bbox 2663 1361 2678 1386; x_wconf 91' lang='lat'><strong>,</strong></span> <span class='ocrx_word' id='word_1_532' title='bbox 2701 1327 2867 1374; x_wconf 88' lang='lat' dir='ltr'><strong>utrum</strong></span> <span class='ocrx_word' id='word_1_533' title='bbox 2891 1327 3107 1376; x_wconf 82' lang='lat' dir='ltr'><strong>homiues</strong></span> <span class='ocrx_word' id='word_1_534' title='bbox 3129 1327 3434 1390; x_wconf 72' lang='lat' dir='ltr'><strong>improbitate</strong></span> <span class='ocrx_word' id='word_1_535' title='bbox 3469 1329 3723 1390; x_wconf 64' lang='lat' dir='ltr'><strong>pratellen-</strong></span> 
     </span>
     <span class='ocr_line' id='line_1_67' title="bbox 2191 1399 3724 1466; baseline 0.003 -19"><span class='ocrx_word' id='word_1_536' title='bbox 2191 1399 2266 1448; x_wconf 83' lang='lat' dir='ltr'><strong>tes</strong></span> <span class='ocrx_word' id='word_1_537' title='bbox 2303 1400 2392 1462; x_wconf 88' lang='lat' dir='ltr'><strong>ipsi</strong></span> <span class='ocrx_word' id='word_1_538' title='bbox 2415 1415 2498 1463; x_wconf 90' lang='lat' dir='ltr'><strong>per</strong></span> <span class='ocrx_word' id='word_1_539' title='bbox 2514 1415 2626 1464; x_wconf 82' lang='lat' dir='ltr'><strong>vos,</strong></span> <span class='ocrx_word' id='word_1_540' title='bbox 2650 1403 2835 1453; x_wconf 87' lang='lat' dir='ltr'><strong>etiamsi</strong></span> <span class='ocrx_word' id='word_1_541' title='bbox 2855 1416 2997 1453; x_wconf 86' lang='lat' dir='ltr'><strong>nemo</strong></span> <span class='ocrx_word' id='word_1_542' title='bbox 3018 1405 3394 1466; x_wconf 85' lang='lat' dir='ltr'><strong>praemonuerit,</strong></span> <span class='ocrx_word' id='word_1_543' title='bbox 3427 1406 3724 1454; x_wconf 79' lang='lat' dir='ltr'><strong>internoscere</strong></span> 
     </span>
     <span class='ocr_line' id='line_1_68' title="bbox 2193 1479 3726 1545; baseline 0.005 -20"><span class='ocrx_word' id='word_1_544' title='bbox 2193 1479 2396 1539; x_wconf 75' lang='lat' dir='ltr'><strong>possitis.</strong></span> <span class='ocrx_word' id='word_1_545' title='bbox 2423 1479 2476 1529; x_wconf 83' lang='lat' dir='ltr'><strong>ld</strong></span> <span class='ocrx_word' id='word_1_546' title='bbox 2497 1483 2688 1530; x_wconf 87' lang='lat' dir='ltr'><strong>tantum</strong></span> <span class='ocrx_word' id='word_1_547' title='bbox 2702 1517 2717 1541; x_wconf 84' lang='lat'>,</span> <span class='ocrx_word' id='word_1_548' title='bbox 2741 1481 2872 1543; x_wconf 88' lang='lat' dir='ltr'><strong>quod</strong></span> <span class='ocrx_word' id='word_1_549' title='bbox 2899 1483 3101 1531; x_wconf 86' lang='lat' dir='ltr'><strong>istorum</strong></span> <span class='ocrx_word' id='word_1_550' title='bbox 3121 1483 3376 1545; x_wconf 86' lang='lat' dir='ltr'><strong>utriusque</strong></span> <span class='ocrx_word' id='word_1_551' title='bbox 3403 1497 3651 1532; x_wconf 83' lang='lat' dir='ltr'><strong>commune</strong></span> <span class='ocrx_word' id='word_1_552' title='bbox 3665 1487 3726 1532; x_wconf 72' lang='lat' dir='ltr'><strong>est</strong></span> 
     </span>
     <span class='ocr_line' id='line_1_69' title="bbox 2191 1559 3722 1625; baseline 0.003 -19"><span class='ocrx_word' id='word_1_553' title='bbox 2191 1559 2420 1620; x_wconf 86' lang='lat' dir='ltr'><strong>quodque</strong></span> <span class='ocrx_word' id='word_1_554' title='bbox 2436 1559 2497 1610; x_wconf 90' lang='lat' dir='ltr'><strong>de</strong></span> <span class='ocrx_word' id='word_1_555' title='bbox 2515 1561 2571 1609; x_wconf 86' lang='lat' dir='ltr'><strong>iis</strong></span> <span class='ocrx_word' id='word_1_556' title='bbox 2587 1561 2718 1623; x_wconf 88' lang='lat' dir='ltr'><strong>apud</strong></span> <span class='ocrx_word' id='word_1_557' title='bbox 2740 1573 2830 1610; x_wconf 79' lang='lat' dir='ltr'><strong>vos</strong></span> <span class='ocrx_word' id='word_1_558' title='bbox 2850 1563 3022 1611; x_wconf 88' lang='lat' dir='ltr'><strong>merito</strong></span> <span class='ocrx_word' id='word_1_559' title='bbox 3037 1561 3130 1610; x_wconf 76' lang='lat' dir='ltr'><strong>dici</strong></span> <span class='ocrx_word' id='word_1_560' title='bbox 3150 1563 3332 1624; x_wconf 84' lang='lat' dir='ltr'><strong>potest.</strong></span> <span class='ocrx_word' id='word_1_561' title='bbox 3357 1575 3610 1625; x_wconf 75' lang='lat' dir='ltr'><strong>exponam.</strong></span> <span class='ocrx_word' id='word_1_562' title='bbox 3677 1565 3722 1610; x_wconf 86' lang='grc' dir='ltr'><strong>Ιιι</strong></span> 
     </span>
     <span class='ocr_line' id='line_1_70' title="bbox 2193 1638 3724 1704; baseline 0.001 -18"><span class='ocrx_word' id='word_1_563' title='bbox 2193 1639 2298 1686; x_wconf 83' lang='lat' dir='ltr'><strong>soro</strong></span> <span class='ocrx_word' id='word_1_564' title='bbox 2315 1638 2460 1700; x_wconf 77' lang='lat' dir='ltr'><strong>igitur</strong></span> <span class='ocrx_word' id='word_1_565' title='bbox 2485 1640 2864 1690; x_wconf 73' lang='lat' dir='ltr'><strong>circumcursant</strong></span> <span class='ocrx_word' id='word_1_566' title='bbox 2883 1653 3046 1690; x_wconf 80' lang='lat' dir='ltr'><strong>veram</strong></span> <span class='ocrx_word' id='word_1_567' title='bbox 3065 1642 3188 1690; x_wconf 87' lang='lat' dir='ltr'><strong>alter</strong></span> <span class='ocrx_word' id='word_1_568' title='bbox 3219 1641 3282 1690; x_wconf 89' lang='lat' dir='ltr'><strong>de</strong></span> <span class='ocrx_word' id='word_1_569' title='bbox 3301 1643 3458 1692; x_wconf 80' lang='lat' dir='ltr'><strong>altero</strong></span> <span class='ocrx_word' id='word_1_570' title='bbox 3477 1641 3724 1704; x_wconf 81' lang='lat' dir='ltr'><strong>opinionem</strong></span> 
     </span>
     <span class='ocr_line' id='line_1_71' title="bbox 2194 1715 3724 1780; baseline 0.003 -17"><span class='ocrx_word' id='word_1_571' title='bbox 2194 1715 2448 1774; x_wconf 67' lang='lat' dir='ltr'><strong>lubentes,</strong></span> <span class='ocrx_word' id='word_1_572' title='bbox 2487 1729 2730 1779; x_wconf 81' lang='lat' dir='ltr'><strong>vocesque</strong></span> <span class='ocrx_word' id='word_1_573' title='bbox 2751 1717 2950 1768; x_wconf 86' lang='lat' dir='ltr'><strong>minime</strong></span> <span class='ocrx_word' id='word_1_574' title='bbox 2968 1719 3110 1768; x_wconf 77' lang='lat' dir='ltr'><strong>falsas</strong></span> <span class='ocrx_word' id='word_1_575' title='bbox 3124 1717 3398 1779; x_wconf 63' lang='lat' dir='ltr'><strong>iactantes..</strong></span> <span class='ocrx_word' id='word_1_576' title='bbox 3453 1719 3724 1780; x_wconf 63' lang='lat' dir='ltr'><strong>(ziimegat</strong></span> 
     </span>
     <span class='ocr_line' id='line_1_72' title="bbox 2193 1792 3718 1858; baseline 0.002 -17"><span class='ocrx_word' id='word_1_577' title='bbox 2193 1805 2245 1841; x_wconf 87' lang='lat' dir='ltr'><strong>se</strong></span> <span class='ocrx_word' id='word_1_578' title='bbox 2287 1792 2544 1854; x_wconf 87' lang='lat' dir='ltr'><strong>ctesiphon</strong></span> <span class='ocrx_word' id='word_1_579' title='bbox 2579 1793 2669 1842; x_wconf 90' lang='lat' dir='ltr'><strong>sibi</strong></span> <span class='ocrx_word' id='word_1_580' title='bbox 2713 1795 2972 1857; x_wconf 81' lang='lat' dir='ltr'><strong>quicquam</strong></span> <span class='ocrx_word' id='word_1_581' title='bbox 3011 1796 3206 1858; x_wconf 88' lang='lat' dir='ltr'><strong>timere;</strong></span> <span class='ocrx_word' id='word_1_582' title='bbox 3228 1798 3388 1857; x_wconf 82' lang='lat' dir='ltr'><strong>sperat</strong></span> <span class='ocrx_word' id='word_1_583' title='bbox 3423 1798 3549 1846; x_wconf 90' lang='lat' dir='ltr'><strong>enim</strong></span> <span class='ocrx_word' id='word_1_584' title='bbox 3579 1804 3718 1846; x_wconf 83' lang='lat' dir='ltr'><strong>sesto·</strong></span> 
     </span>
     <span class='ocr_line' id='line_1_73' title="bbox 2193 1867 3720 1934; baseline 0.005 -19"><span class='ocrx_word' id='word_1_585' title='bbox 2193 1867 2344 1916; x_wconf 85' lang='lat' dir='ltr'><strong>lidum</strong></span> <span class='ocrx_word' id='word_1_586' title='bbox 2364 1869 2602 1931; x_wconf 81' lang='lat' dir='ltr'><strong>quendam</strong></span> <span class='ocrx_word' id='word_1_587' title='bbox 2621 1873 2670 1920; x_wconf 90' lang='lat' dir='ltr'><strong>et</strong></span> <span class='ocrx_word' id='word_1_588' title='bbox 2694 1871 2965 1934; x_wconf 86' lang='lat' dir='ltr'><strong>imperitum</strong></span> <span class='ocrx_word' id='word_1_589' title='bbox 2993 1873 3150 1922; x_wconf 78' lang='lat' dir='ltr'><strong>visum</strong></span> <span class='ocrx_word' id='word_1_590' title='bbox 3174 1872 3232 1922; x_wconf 90' lang='lat' dir='ltr'><strong>iri</strong></span> <span class='ocrx_word' id='word_1_591' title='bbox 3268 1890 3282 1922; x_wconf 74' lang='grc' dir='ltr'><strong>ι</strong></span> <span class='ocrx_word' id='word_1_592' title='bbox 3306 1873 3391 1922; x_wconf 82' lang='lat' dir='ltr'><strong>sed</strong></span> <span class='ocrx_word' id='word_1_593' title='bbox 3417 1873 3720 1923; x_wconf 80' lang='lat' dir='ltr'><strong>Demosthenis</strong></span> 
     </span>
     <span class='ocr_line' id='line_1_74' title="bbox 2193 1952 3724 2020; baseline 0.003 -19"><span class='ocrx_word' id='word_1_594' title='bbox 2193 1953 2244 2002; x_wconf 85' lang='lat' dir='ltr'><strong>in</strong></span> <span class='ocrx_word' id='word_1_595' title='bbox 2265 1952 2644 2003; x_wconf 86' lang='lat' dir='ltr'><strong>administranda</strong></span> <span class='ocrx_word' id='word_1_596' title='bbox 2667 1955 2912 2017; x_wconf 73' lang='lat' dir='ltr'><strong>republica</strong></span> <span class='ocrx_word' id='word_1_597' title='bbox 2943 1957 3158 2020; x_wconf 62' lang='lat' dir='ltr'><strong>quastus</strong></span> <span class='ocrx_word' id='word_1_598' title='bbox 3185 1957 3446 2020; x_wconf 79' lang='lat' dir='ltr'><strong>flagitiosos</strong></span> <span class='ocrx_word' id='word_1_599' title='bbox 3475 1961 3523 2007; x_wconf 88' lang='lat' dir='ltr'><strong>et</strong></span> <span class='ocrx_word' id='word_1_600' title='bbox 3539 1963 3724 2008; x_wconf 77' lang='lat' dir='ltr'><strong>conster-</strong></span> 
     </span>
     <span class='ocr_line' id='line_1_75' title="bbox 2193 2037 3720 2105; baseline 0.005 -20"><span class='ocrx_word' id='word_1_601' title='bbox 2193 2037 2435 2086; x_wconf 75' lang='lat' dir='ltr'><strong>nationem</strong></span> <span class='ocrx_word' id='word_1_602' title='bbox 2473 2039 2524 2088; x_wconf 85' lang='lat' dir='ltr'><strong>et</strong></span> <span class='ocrx_word' id='word_1_603' title='bbox 2547 2039 2808 2101; x_wconf 79' lang='lat' dir='ltr'><strong>ignaviam,</strong></span> <span class='ocrx_word' id='word_1_604' title='bbox 2830 2055 2886 2091; x_wconf 85' lang='lat' dir='ltr'><strong>ea</strong></span> <span class='ocrx_word' id='word_1_605' title='bbox 2909 2055 3024 2092; x_wconf 84' lang='lat' dir='ltr'><strong>vero</strong></span> <span class='ocrx_word' id='word_1_606' title='bbox 3049 2055 3102 2092; x_wconf 90' lang='lat' dir='ltr'><strong>se</strong></span> <span class='ocrx_word' id='word_1_607' title='bbox 3125 2043 3462 2105; x_wconf 73' lang='lat' dir='ltr'><strong>pertimescere</strong></span> <span class='ocrx_word' id='word_1_608' title='bbox 3481 2045 3720 2093; x_wconf 70' lang='lat' dir='ltr'><strong>confirmat.</strong></span> 
     </span>
     <span class='ocr_line' id='line_1_76' title="bbox 2195 2125 3724 2193; baseline 0.004 -19"><span class='ocrx_word' id='word_1_609' title='bbox 2195 2125 2536 2176; x_wconf 77' lang='lat' dir='ltr'><strong>Demosthenes</strong></span> <span class='ocrx_word' id='word_1_610' title='bbox 2553 2129 2738 2190; x_wconf 86' lang='lat' dir='ltr'><strong>contra,</strong></span> <span class='ocrx_word' id='word_1_611' title='bbox 2759 2141 2910 2190; x_wconf 87' lang='lat' dir='ltr'><strong>quum</strong></span> <span class='ocrx_word' id='word_1_612' title='bbox 2939 2129 2989 2178; x_wconf 89' lang='lat' dir='ltr'><strong>in</strong></span> <span class='ocrx_word' id='word_1_613' title='bbox 3015 2142 3066 2178; x_wconf 88' lang='lat' dir='ltr'><strong>se</strong></span> <span class='ocrx_word' id='word_1_614' title='bbox 3091 2129 3190 2193; x_wconf 86' lang='lat' dir='ltr'><strong>ipse</strong></span> <span class='ocrx_word' id='word_1_615' title='bbox 3225 2129 3472 2192; x_wconf 87' lang='lat' dir='ltr'><strong>intuetur,</strong></span> <span class='ocrx_word' id='word_1_616' title='bbox 3497 2145 3654 2180; x_wconf 84' lang='lat' dir='ltr'><strong>securo</strong></span> <span class='ocrx_word' id='word_1_617' title='bbox 3683 2147 3724 2180; x_wconf 82' lang='lat' dir='ltr'><strong>se</strong></span> 
     </span>
     <span class='ocr_line' id='line_1_77' title="bbox 2195 2208 3723 2276; baseline 0.005 -20"><span class='ocrx_word' id='word_1_618' title='bbox 2195 2208 2354 2258; x_wconf 87' lang='lat' dir='ltr'><strong>animo</strong></span> <span class='ocrx_word' id='word_1_619' title='bbox 2383 2221 2483 2258; x_wconf 73' lang='lat' dir='ltr'><strong>esse</strong></span> <span class='ocrx_word' id='word_1_620' title='bbox 2511 2210 2768 2273; x_wconf 77' lang='lat' dir='ltr'><strong>praedica13</strong></span> <span class='ocrx_word' id='word_1_621' title='bbox 2801 2215 2852 2262; x_wconf 79' lang='lat' dir='ltr'><strong>at</strong></span> <span class='ocrx_word' id='word_1_622' title='bbox 2879 2213 3202 2275; x_wconf 84' lang='lat' dir='ltr'><strong>ctesiphontis</strong></span> <span class='ocrx_word' id='word_1_623' title='bbox 3231 2213 3587 2276; x_wconf 79' lang='lat' dir='ltr'><strong>improbitatem</strong></span> <span class='ocrx_word' id='word_1_624' title='bbox 3609 2221 3652 2266; x_wconf 83' lang='lat' dir='ltr'><strong>et</strong></span> <span class='ocrx_word' id='word_1_625' title='bbox 3671 2217 3723 2264; x_wconf 83' lang='lat' dir='ltr'><strong>le·</strong></span> 
     </span>
     <span class='ocr_line' id='line_1_78' title="bbox 2194 2292 3722 2364; baseline 0.007 -25"><span class='ocrx_word' id='word_1_626' title='bbox 2194 2292 2382 2341; x_wconf 86' lang='lat' dir='ltr'><strong>nocinia</strong></span> <span class='ocrx_word' id='word_1_627' title='bbox 2403 2293 2708 2346; x_wconf 81' lang='lat' dir='ltr'><strong>vehementer</strong></span> <span class='ocrx_word' id='word_1_628' title='bbox 2724 2297 3098 2358; x_wconf 70' lang='lat' dir='ltr'><strong>perhorroecere.</strong></span> <span class='ocrx_word' id='word_1_629' title='bbox 3163 2302 3299 2356; x_wconf 89' lang='lat' dir='ltr'><strong>Quos</strong></span> <span class='ocrx_word' id='word_1_630' title='bbox 3316 2301 3466 2364; x_wconf 84' lang='lat' dir='ltr'><strong>igitur</strong></span> <span class='ocrx_word' id='word_1_631' title='bbox 3479 2316 3564 2351; x_wconf 88' lang='lat' dir='ltr'><strong>sua</strong></span> <span class='ocrx_word' id='word_1_632' title='bbox 3579 2307 3722 2351; x_wconf 82' lang='lat' dir='ltr'><strong>mutua</strong></span> 
     </span>
     <span class='ocr_line' id='line_1_79' title="bbox 2195 2377 3723 2449; baseline 0.006 -24"><span class='ocrx_word' id='word_1_633' title='bbox 2195 2377 2426 2426; x_wconf 85' lang='lat' dir='ltr'><strong>sententia</strong></span> <span class='ocrx_word' id='word_1_634' title='bbox 2443 2378 2730 2440; x_wconf 81' lang='lat' dir='ltr'><strong>flagitiorum</strong></span> <span class='ocrx_word' id='word_1_635' title='bbox 2767 2383 2952 2442; x_wconf 84' lang='lat' dir='ltr'><strong>arguit,</strong></span> <span class='ocrx_word' id='word_1_636' title='bbox 2977 2396 3066 2434; x_wconf 80' lang='lat' dir='ltr'><strong>vos</strong></span> <span class='ocrx_word' id='word_1_637' title='bbox 3093 2397 3377 2434; x_wconf 84' lang='lat' dir='ltr'><strong>communes</strong></span> <span class='ocrx_word' id='word_1_638' title='bbox 3411 2387 3723 2449; x_wconf 85' lang='lat' dir='ltr'><strong>utriusqueju·</strong></span> 
     </span>
     <span class='ocr_line' id='line_1_80' title="bbox 2193 2459 2964 2518; baseline 0.01 -10"><span class='ocrx_word' id='word_1_639' title='bbox 2193 2459 2324 2510; x_wconf 82' lang='lat' dir='ltr'><strong>dices</strong></span> <span class='ocrx_word' id='word_1_640' title='bbox 2344 2461 2622 2512; x_wconf 84' lang='lat' dir='ltr'><strong>criminibus</strong></span> <span class='ocrx_word' id='word_1_641' title='bbox 2639 2478 2702 2514; x_wconf 89' lang='lat' dir='ltr'><strong>ne</strong></span> <span class='ocrx_word' id='word_1_642' title='bbox 2718 2465 2964 2518; x_wconf 84' lang='lat' dir='ltr'><strong>absolvite.</strong></span> 
     </span>
    </p>
   </div>
   <div class='ocr_carea' id='block_1_9' title="bbox 2195 2551 3725 2774">
    <p class='ocr_par' dir='ltr' id='par_1_18' title="bbox 2195 2551 3725 2774">
     <span class='ocr_line' id='line_1_81' title="bbox 2259 2551 3725 2620; baseline 0.005 -23"><span class='ocrx_word' id='word_1_643' title='bbox 2259 2553 2366 2598; x_wconf 79' lang='grc'><strong>215.</strong></span> <span class='ocrx_word' id='word_1_644' title='bbox 2396 2551 2467 2599; x_wconf 90' lang='lat' dir='ltr'><strong>De</strong></span> <span class='ocrx_word' id='word_1_645' title='bbox 2507 2551 2566 2601; x_wconf 85' lang='lat' dir='ltr'><strong>iis</strong></span> <span class='ocrx_word' id='word_1_646' title='bbox 2601 2565 2716 2601; x_wconf 83' lang='lat' dir='ltr'><strong>vero</strong></span> <span class='ocrx_word' id='word_1_647' title='bbox 2752 2566 2862 2615; x_wconf 74' lang='lat' dir='ltr'><strong>qum</strong></span> <span class='ocrx_word' id='word_1_648' title='bbox 2884 2554 2932 2604; x_wconf 87' lang='lat' dir='ltr'><strong>in</strong></span> <span class='ocrx_word' id='word_1_649' title='bbox 2955 2567 3034 2604; x_wconf 89' lang='lat' dir='ltr'><strong>me</strong></span> <span class='ocrx_word' id='word_1_650' title='bbox 3062 2559 3284 2618; x_wconf 80' lang='lat' dir='ltr'><strong>congeret</strong></span> <span class='ocrx_word' id='word_1_651' title='bbox 3305 2558 3572 2608; x_wconf 83' lang='lat' dir='ltr'><strong>maledictis</strong></span> <span class='ocrx_word' id='word_1_652' title='bbox 3599 2571 3725 2620; x_wconf 75' lang='lat' dir='ltr'><strong>pauca</strong></span> 
     </span>
     <span class='ocr_line' id='line_1_82' title="bbox 2195 2627 3723 2698; baseline 0.01 -27"><span class='ocrx_word' id='word_1_653' title='bbox 2195 2635 2326 2673; x_wconf 88' lang='lat' dir='ltr'><strong>nunc</strong></span> <span class='ocrx_word' id='word_1_654' title='bbox 2339 2627 2592 2687; x_wconf 79' lang='lat' dir='ltr'><strong>praei&#39;abor.</strong></span> <span class='ocrx_word' id='word_1_655' title='bbox 2659 2631 2812 2680; x_wconf 74' lang='lat' dir='ltr'><strong>Audio</strong></span> <span class='ocrx_word' id='word_1_656' title='bbox 2823 2631 2950 2680; x_wconf 90' lang='lat' dir='ltr'><strong>enim</strong></span> <span class='ocrx_word' id='word_1_657' title='bbox 2971 2635 3338 2684; x_wconf 85' lang='lat' dir='ltr'><strong>Demosthenem</strong></span> <span class='ocrx_word' id='word_1_658' title='bbox 3347 2637 3606 2698; x_wconf 83' lang='lat' dir='ltr'><strong>dictnmm,</strong></span> <span class='ocrx_word' id='word_1_659' title='bbox 3621 2649 3723 2685; x_wconf 86' lang='lat' dir='ltr'><strong>rem-</strong></span> 
     </span>
     <span class='ocr_line' id='line_1_83' title="bbox 2197 2700 3724 2774; baseline 0.008 -24"><span class='ocrx_word' id='word_1_660' title='bbox 2197 2700 2436 2763; x_wconf 83' lang='lat' dir='ltr'><strong>publicam</strong></span> <span class='ocrx_word' id='word_1_661' title='bbox 2459 2717 2490 2754; x_wconf 83' lang='lat' dir='ltr'><strong>a</strong></span> <span class='ocrx_word' id='word_1_662' title='bbox 2506 2719 2558 2755; x_wconf 87' lang='lat' dir='ltr'><strong>se</strong></span> <span class='ocrx_word' id='word_1_663' title='bbox 2574 2707 2766 2768; x_wconf 88' lang='lat' dir='ltr'><strong>quidem</strong></span> <span class='ocrx_word' id='word_1_664' title='bbox 2787 2709 2940 2758; x_wconf 84' lang='lat' dir='ltr'><strong>multa</strong></span> <span class='ocrx_word' id='word_1_665' title='bbox 2957 2711 3210 2761; x_wconf 89' lang='lat' dir='ltr'><strong>commoda</strong></span> <span class='ocrx_word' id='word_1_666' title='bbox 3228 2749 3243 2774; x_wconf 91' lang='lat'><strong>,</strong></span> <span class='ocrx_word' id='word_1_667' title='bbox 3269 2726 3298 2760; x_wconf 89' lang='lat' dir='ltr'><strong>a</strong></span> <span class='ocrx_word' id='word_1_668' title='bbox 3321 2725 3404 2764; x_wconf 87' lang='lat' dir='ltr'><strong>me</strong></span> <span class='ocrx_word' id='word_1_669' title='bbox 3423 2717 3580 2764; x_wconf 85' lang='lat' dir='ltr'><strong>autem</strong></span> <span class='ocrx_word' id='word_1_670' title='bbox 3599 2715 3724 2762; x_wconf 74' lang='lat' dir='ltr'><strong>mum</strong></span> 
     </span>
    </p>
   </div>
   <div class='ocr_carea' id='block_1_10' title="bbox 2195 2786 3730 5304">
    <p class='ocr_par' dir='ltr' id='par_1_19' title="bbox 2195 2786 3730 5304">
     <span class='ocr_line' id='line_1_84' title="bbox 2197 2786 3722 2859; baseline 0.009 -25"><span class='ocrx_word' id='word_1_671' title='bbox 2197 2786 2374 2836; x_wconf 85' lang='lat' dir='ltr'><strong>damna</strong></span> <span class='ocrx_word' id='word_1_672' title='bbox 2395 2791 2684 2854; x_wconf 84' lang='lat' dir='ltr'><strong>suscepisse,</strong></span> <span class='ocrx_word' id='word_1_673' title='bbox 2709 2796 2760 2843; x_wconf 90' lang='lat' dir='ltr'><strong>et</strong></span> <span class='ocrx_word' id='word_1_674' title='bbox 2784 2793 2927 2843; x_wconf 84' lang='lat' dir='ltr'><strong>simui</strong></span> <span class='ocrx_word' id='word_1_675' title='bbox 2951 2795 3220 2859; x_wconf 79' lang='lat' dir='ltr'><strong>Philippum</strong></span> <span class='ocrx_word' id='word_1_676' title='bbox 3243 2801 3292 2849; x_wconf 87' lang='lat' dir='ltr'><strong>et</strong></span> <span class='ocrx_word' id='word_1_677' title='bbox 3311 2801 3628 2850; x_wconf 80' lang='lat' dir='ltr'><strong>Alexandrum</strong></span> <span class='ocrx_word' id='word_1_678' title='bbox 3662 2801 3722 2848; x_wconf 82' lang='lat' dir='ltr'><strong>at·</strong></span> 
     </span>
     <span class='ocr_line' id='line_1_85' title="bbox 2195 2872 3722 2945; baseline 0.007 -25"><span class='ocrx_word' id='word_1_679' title='bbox 2195 2883 2294 2932; x_wconf 88' lang='lat' dir='ltr'><strong>que</strong></span> <span class='ocrx_word' id='word_1_680' title='bbox 2315 2872 2426 2924; x_wconf 87' lang='lat' dir='ltr'><strong>inde</strong></span> <span class='ocrx_word' id='word_1_681' title='bbox 2445 2877 2558 2926; x_wconf 85' lang='lat' dir='ltr'><strong>nata</strong></span> <span class='ocrx_word' id='word_1_682' title='bbox 2593 2877 2794 2928; x_wconf 82' lang='lat' dir='ltr'><strong>crimina</strong></span> <span class='ocrx_word' id='word_1_683' title='bbox 2817 2879 2864 2927; x_wconf 85' lang='lat' dir='ltr'><strong>in</strong></span> <span class='ocrx_word' id='word_1_684' title='bbox 2893 2893 2970 2928; x_wconf 88' lang='lat' dir='ltr'><strong>me</strong></span> <span class='ocrx_word' id='word_1_685' title='bbox 2993 2881 3302 2941; x_wconf 86' lang='lat' dir='ltr'><strong>rejecturum.</strong></span> <span class='ocrx_word' id='word_1_686' title='bbox 3396 2887 3482 2936; x_wconf 75' lang='lat' dir='ltr'><strong>Est</strong></span> <span class='ocrx_word' id='word_1_687' title='bbox 3503 2885 3648 2945; x_wconf 86' lang='lat' dir='ltr'><strong>enim,</strong></span> <span class='ocrx_word' id='word_1_688' title='bbox 3679 2887 3722 2930; x_wconf 85' lang='lat' dir='ltr'><strong>ut</strong></span> 
     </span>
     <span class='ocr_line' id='line_1_86' title="bbox 2199 2956 3725 3029; baseline 0.007 -25"><span class='ocrx_word' id='word_1_689' title='bbox 2199 2956 2406 3020; x_wconf 82' lang='lat' dir='ltr'><strong>videtur,</strong></span> <span class='ocrx_word' id='word_1_690' title='bbox 2427 2959 2547 3010; x_wconf 88' lang='lat' dir='ltr'><strong>adeo</strong></span> <span class='ocrx_word' id='word_1_691' title='bbox 2569 2961 2771 3012; x_wconf 86' lang='lat' dir='ltr'><strong>callidus</strong></span> <span class='ocrx_word' id='word_1_692' title='bbox 2786 2963 3045 3013; x_wconf 76' lang='lat' dir='ltr'><strong>verborum</strong></span> <span class='ocrx_word' id='word_1_693' title='bbox 3076 2965 3276 3028; x_wconf 78' lang='lat' dir='ltr'><strong>artifex,</strong></span> <span class='ocrx_word' id='word_1_694' title='bbox 3311 2967 3370 3017; x_wconf 85' lang='lat' dir='ltr'><strong>ut</strong></span> <span class='ocrx_word' id='word_1_695' title='bbox 3401 2967 3508 3029; x_wconf 77' lang='lat' dir='ltr'><strong>jam</strong></span> <span class='ocrx_word' id='word_1_696' title='bbox 3529 2982 3616 3016; x_wconf 87' lang='lat' dir='ltr'><strong>non</strong></span> <span class='ocrx_word' id='word_1_697' title='bbox 3632 2967 3725 3014; x_wconf 71' lang='lat' dir='ltr'><strong>sati-³</strong></span> 
     </span>
     <span class='ocr_line' id='line_1_87' title="bbox 2201 3038 3726 3110; baseline 0.005 -22"><span class='ocrx_word' id='word_1_698' title='bbox 2201 3038 2400 3102; x_wconf 75' lang='lat' dir='ltr'><strong>babeat,</strong></span> <span class='ocrx_word' id='word_1_699' title='bbox 2425 3041 2466 3092; x_wconf 86' lang='lat' dir='ltr'><strong>si</strong></span> <span class='ocrx_word' id='word_1_700' title='bbox 2483 3041 2600 3103; x_wconf 84' lang='lat' dir='ltr'><strong>quid</strong></span> <span class='ocrx_word' id='word_1_701' title='bbox 2621 3055 2710 3104; x_wconf 76' lang='lat' dir='ltr'><strong>ego</strong></span> <span class='ocrx_word' id='word_1_702' title='bbox 2744 3044 2794 3094; x_wconf 87' lang='lat' dir='ltr'><strong>in</strong></span> <span class='ocrx_word' id='word_1_703' title='bbox 2817 3045 3058 3106; x_wconf 83' lang='lat' dir='ltr'><strong>republica</strong></span> <span class='ocrx_word' id='word_1_704' title='bbox 3077 3047 3199 3108; x_wconf 79' lang='lat' dir='ltr'><strong>gessi</strong></span> <span class='ocrx_word' id='word_1_705' title='bbox 3218 3048 3296 3097; x_wconf 80' lang='lat' dir='ltr'><strong>vel</strong></span> <span class='ocrx_word' id='word_1_706' title='bbox 3313 3049 3352 3097; x_wconf 86' lang='lat' dir='ltr'><strong>si</strong></span> <span class='ocrx_word' id='word_1_707' title='bbox 3371 3061 3498 3110; x_wconf 85' lang='lat' dir='ltr'><strong>quas</strong></span> <span class='ocrx_word' id='word_1_708' title='bbox 3519 3049 3726 3098; x_wconf 74' lang='lat' dir='ltr'><strong>orationes</strong></span> 
     </span>
     <span class='ocr_line' id='line_1_88' title="bbox 2200 3121 3724 3191; baseline 0.005 -21"><span class='ocrx_word' id='word_1_709' title='bbox 2200 3121 2327 3184; x_wconf 86' lang='lat' dir='ltr'><strong>apud</strong></span> <span class='ocrx_word' id='word_1_710' title='bbox 2341 3136 2428 3173; x_wconf 77' lang='lat' dir='ltr'><strong>vos</strong></span> <span class='ocrx_word' id='word_1_711' title='bbox 2448 3123 2613 3185; x_wconf 82' lang='lat' dir='ltr'><strong>habui,</strong></span> <span class='ocrx_word' id='word_1_712' title='bbox 2629 3124 2874 3184; x_wconf 84' lang='lat' dir='ltr'><strong>incusare,</strong></span> <span class='ocrx_word' id='word_1_713' title='bbox 2902 3128 3030 3188; x_wconf 78' lang='lat'>(2¹6)</span> <span class='ocrx_word' id='word_1_714' title='bbox 3050 3128 3134 3178; x_wconf 87' lang='lat' dir='ltr'><strong>sed</strong></span> <span class='ocrx_word' id='word_1_715' title='bbox 3157 3129 3313 3191; x_wconf 84' lang='lat' dir='ltr'><strong>ipsum</strong></span> <span class='ocrx_word' id='word_1_716' title='bbox 3333 3131 3454 3182; x_wconf 74' lang='lat' dir='ltr'><strong>vitoe</strong></span> <span class='ocrx_word' id='word_1_717' title='bbox 3471 3145 3586 3181; x_wconf 69' lang='lat' dir='ltr'><strong>mem</strong></span> <span class='ocrx_word' id='word_1_718' title='bbox 3597 3132 3724 3180; x_wconf 86' lang='lat' dir='ltr'><strong>otium</strong></span> 
     </span>
     <span class='ocr_line' id='line_1_89' title="bbox 2200 3205 3727 3276; baseline 0.005 -23"><span class='ocrx_word' id='word_1_719' title='bbox 2200 3205 2484 3255; x_wconf 88' lang='lat' dir='ltr'><strong>criminatur</strong></span> <span class='ocrx_word' id='word_1_720' title='bbox 2499 3218 2760 3270; x_wconf 85' lang='lat' dir='ltr'><strong>meumque</strong></span> <span class='ocrx_word' id='word_1_721' title='bbox 2775 3209 3016 3260; x_wconf 85' lang='lat' dir='ltr'><strong>silentium</strong></span> <span class='ocrx_word' id='word_1_722' title='bbox 3036 3210 3311 3272; x_wconf 82' lang='lat' dir='ltr'><strong>insimulat,</strong></span> <span class='ocrx_word' id='word_1_723' title='bbox 3331 3225 3394 3262; x_wconf 90' lang='lat' dir='ltr'><strong>ne</strong></span> <span class='ocrx_word' id='word_1_724' title='bbox 3415 3213 3530 3276; x_wconf 83' lang='lat' dir='ltr'><strong>quis</strong></span> <span class='ocrx_word' id='word_1_725' title='bbox 3557 3214 3598 3263; x_wconf 86' lang='lat' dir='ltr'><strong>ei</strong></span> <span class='ocrx_word' id='word_1_726' title='bbox 3615 3215 3727 3263; x_wconf 79' lang='lat' dir='ltr'><strong>locus</strong></span> 
     </span>
     <span class='ocr_line' id='line_1_90' title="bbox 2199 3291 3726 3361; baseline 0.004 -19"><span class='ocrx_word' id='word_1_727' title='bbox 2199 3291 2382 3342; x_wconf 88' lang='lat' dir='ltr'><strong>scilicet</strong></span> <span class='ocrx_word' id='word_1_728' title='bbox 2394 3292 2647 3342; x_wconf 68' lang='lat' dir='ltr'><strong>calumniae</strong></span> <span class='ocrx_word' id='word_1_729' title='bbox 2667 3306 2846 3344; x_wconf 78' lang='lat' dir='ltr'><strong>vacuus</strong></span> <span class='ocrx_word' id='word_1_730' title='bbox 2863 3295 3190 3358; x_wconf 82' lang='lat' dir='ltr'><strong>relinquatur3</strong></span> <span class='ocrx_word' id='word_1_731' title='bbox 3205 3300 3360 3348; x_wconf 78' lang='lat' dir='ltr'><strong>coetus</strong></span> <span class='ocrx_word' id='word_1_732' title='bbox 3375 3313 3522 3361; x_wconf 72' lang='lat' dir='ltr'><strong>porro</strong></span> <span class='ocrx_word' id='word_1_733' title='bbox 3541 3303 3588 3350; x_wconf 88' lang='lat' dir='ltr'><strong>et</strong></span> <span class='ocrx_word' id='word_1_734' title='bbox 3601 3301 3726 3348; x_wconf 81' lang='lat' dir='ltr'><strong>cuiin-</strong></span> 
     </span>
     <span class='ocr_line' id='line_1_91' title="bbox 2199 3377 3726 3446; baseline 0.005 -22"><span class='ocrx_word' id='word_1_735' title='bbox 2199 3378 2341 3438; x_wconf 83' lang='lat' dir='ltr'><strong>qnia,</strong></span> <span class='ocrx_word' id='word_1_736' title='bbox 2365 3391 2476 3440; x_wconf 64' lang='lat' dir='ltr'><strong>quaa</strong></span> <span class='ocrx_word' id='word_1_737' title='bbox 2495 3377 2542 3427; x_wconf 87' lang='lat' dir='ltr'><strong>in</strong></span> <span class='ocrx_word' id='word_1_738' title='bbox 2577 3379 2832 3442; x_wconf 74' lang='lat' dir='ltr'><strong>gymnasiis</strong></span> <span class='ocrx_word' id='word_1_739' title='bbox 2867 3393 2980 3430; x_wconf 89' lang='lat' dir='ltr'><strong>cum</strong></span> <span class='ocrx_word' id='word_1_740' title='bbox 3001 3380 3364 3434; x_wconf 82' lang='lat' dir='ltr'><strong>adolescentulis</strong></span> <span class='ocrx_word' id='word_1_741' title='bbox 3399 3385 3570 3446; x_wconf 84' lang='lat' dir='ltr'><strong>babeo,</strong></span> <span class='ocrx_word' id='word_1_742' title='bbox 3597 3397 3726 3446; x_wconf 85' lang='lat' dir='ltr'><strong>repre-</strong></span> 
     </span>
     <span class='ocr_line' id='line_1_92' title="bbox 2201 3461 3726 3528; baseline 0.005 -18"><span class='ocrx_word' id='word_1_743' title='bbox 2201 3461 2392 3526; x_wconf 79' lang='lat' dir='ltr'><strong>hendit3</strong></span> <span class='ocrx_word' id='word_1_744' title='bbox 2419 3463 2537 3526; x_wconf 84' lang='lat' dir='ltr'><strong>quin</strong></span> <span class='ocrx_word' id='word_1_745' title='bbox 2559 3466 2608 3514; x_wconf 91' lang='lat' dir='ltr'><strong>et</strong></span> <span class='ocrx_word' id='word_1_746' title='bbox 2625 3466 2793 3514; x_wconf 77' lang='lat' dir='ltr'><strong>contra</strong></span> <span class='ocrx_word' id='word_1_747' title='bbox 2809 3466 2936 3516; x_wconf 86' lang='lat' dir='ltr'><strong>hanc</strong></span> <span class='ocrx_word' id='word_1_748' title='bbox 2957 3467 3107 3528; x_wconf 88' lang='lat' dir='ltr'><strong>ipsam</strong></span> <span class='ocrx_word' id='word_1_749' title='bbox 3125 3468 3364 3518; x_wconf 85' lang='lat' dir='ltr'><strong>actionem</strong></span> <span class='ocrx_word' id='word_1_750' title='bbox 3384 3471 3550 3521; x_wconf 85' lang='lat' dir='ltr'><strong>statim</strong></span> <span class='ocrx_word' id='word_1_751' title='bbox 3573 3471 3726 3519; x_wconf 78' lang='lat' dir='ltr'><strong>oratio·</strong></span> 
     </span>
     <span class='ocr_line' id='line_1_93' title="bbox 2201 3549 3725 3618; baseline 0.004 -20"><span class='ocrx_word' id='word_1_752' title='bbox 2201 3549 2275 3598; x_wconf 81' lang='lat' dir='ltr'><strong>nis</strong></span> <span class='ocrx_word' id='word_1_753' title='bbox 2295 3563 2398 3599; x_wconf 71' lang='lat' dir='ltr'><strong>sum</strong></span> <span class='ocrx_word' id='word_1_754' title='bbox 2431 3550 2566 3600; x_wconf 89' lang='lat' dir='ltr'><strong>initio</strong></span> <span class='ocrx_word' id='word_1_755' title='bbox 2593 3551 2774 3602; x_wconf 86' lang='lat' dir='ltr'><strong>crimen</strong></span> <span class='ocrx_word' id='word_1_756' title='bbox 2792 3552 3036 3614; x_wconf 84' lang='lat' dir='ltr'><strong>quoddam</strong></span> <span class='ocrx_word' id='word_1_757' title='bbox 3057 3554 3254 3618; x_wconf 76' lang='lat' dir='ltr'><strong>asseret,</strong></span> <span class='ocrx_word' id='word_1_758' title='bbox 3271 3556 3506 3606; x_wconf 87' lang='lat' dir='ltr'><strong>melitem</strong></span> <span class='ocrx_word' id='word_1_759' title='bbox 3529 3558 3570 3606; x_wconf 90' lang='lat' dir='ltr'><strong>ei</strong></span> <span class='ocrx_word' id='word_1_760' title='bbox 3597 3557 3725 3604; x_wconf 85' lang='lat' dir='ltr'><strong>inien-</strong></span> 
     </span>
     <span class='ocr_line' id='line_1_94' title="bbox 2201 3635 3727 3700; baseline 0.001 -16"><span class='ocrx_word' id='word_1_761' title='bbox 2201 3636 2324 3685; x_wconf 86' lang='lat' dir='ltr'><strong>disse</strong></span> <span class='ocrx_word' id='word_1_762' title='bbox 2341 3649 2438 3685; x_wconf 91' lang='lat' dir='ltr'><strong>non</strong></span> <span class='ocrx_word' id='word_1_763' title='bbox 2457 3635 2618 3686; x_wconf 85' lang='lat' dir='ltr'><strong>studio</strong></span> <span class='ocrx_word' id='word_1_764' title='bbox 2637 3636 2908 3700; x_wconf 71' lang='lat' dir='ltr'><strong>reipublicae</strong></span> <span class='ocrx_word' id='word_1_765' title='bbox 2927 3636 3210 3699; x_wconf 84' lang='lat' dir='ltr'><strong>adductum,</strong></span> <span class='ocrx_word' id='word_1_766' title='bbox 3225 3638 3308 3688; x_wconf 83' lang='lat' dir='ltr'><strong>sed</strong></span> <span class='ocrx_word' id='word_1_767' title='bbox 3325 3641 3380 3690; x_wconf 82' lang='lat' dir='ltr'><strong>ut</strong></span> <span class='ocrx_word' id='word_1_768' title='bbox 3397 3653 3482 3690; x_wconf 85' lang='lat' dir='ltr'><strong>me</strong></span> <span class='ocrx_word' id='word_1_769' title='bbox 3493 3639 3727 3691; x_wconf 72' lang='lat' dir='ltr'><strong>Alexandro</strong></span> 
     </span>
     <span class='ocr_line' id='line_1_95' title="bbox 2201 3720 3725 3785; baseline 0 -16"><span class='ocrx_word' id='word_1_770' title='bbox 2201 3721 2490 3770; x_wconf 84' lang='lat' dir='ltr'><strong>ostentarem</strong></span> <span class='ocrx_word' id='word_1_771' title='bbox 2507 3723 2698 3783; x_wconf 84' lang='lat' dir='ltr'><strong>propter</strong></span> <span class='ocrx_word' id='word_1_772' title='bbox 2715 3720 2986 3772; x_wconf 81' lang='lat' dir='ltr'><strong>inimicitias</strong></span> <span class='ocrx_word' id='word_1_773' title='bbox 2995 3734 3108 3785; x_wconf 77' lang='lat' dir='ltr'><strong>quae</strong></span> <span class='ocrx_word' id='word_1_774' title='bbox 3121 3722 3188 3771; x_wconf 84' lang='lat' dir='ltr'><strong>illi</strong></span> <span class='ocrx_word' id='word_1_775' title='bbox 3203 3736 3318 3772; x_wconf 89' lang='lat' dir='ltr'><strong>cum</strong></span> <span class='ocrx_word' id='word_1_776' title='bbox 3333 3723 3428 3774; x_wconf 85' lang='lat' dir='ltr'><strong>isto</strong></span> <span class='ocrx_word' id='word_1_777' title='bbox 3439 3723 3725 3775; x_wconf 84' lang='lat' dir='ltr'><strong>intercedunt.</strong></span> 
     </span>
     <span class='ocr_line' id='line_1_96' title="bbox 2203 3807 3726 3873; baseline 0.003 -17"><span class='ocrx_word' id='word_1_778' title='bbox 2203 3807 2332 3869; x_wconf 86' lang='lat'>(217)</span> <span class='ocrx_word' id='word_1_779' title='bbox 2359 3809 2646 3870; x_wconf 77' lang='lat' dir='ltr'><strong>Enimvero,</strong></span> <span class='ocrx_word' id='word_1_780' title='bbox 2667 3811 2723 3858; x_wconf 88' lang='lat' dir='ltr'><strong>ut</strong></span> <span class='ocrx_word' id='word_1_781' title='bbox 2761 3811 2950 3871; x_wconf 83' lang='lat' dir='ltr'><strong>accepi,</strong></span> <span class='ocrx_word' id='word_1_782' title='bbox 2974 3823 3036 3860; x_wconf 79' lang='lat' dir='ltr'><strong>ex</strong></span> <span class='ocrx_word' id='word_1_783' title='bbox 3067 3823 3146 3860; x_wconf 86' lang='lat' dir='ltr'><strong>me</strong></span> <span class='ocrx_word' id='word_1_784' title='bbox 3165 3810 3311 3860; x_wconf 78' lang='lat' dir='ltr'><strong>etiam</strong></span> <span class='ocrx_word' id='word_1_785' title='bbox 3335 3813 3621 3873; x_wconf 70' lang='lat' dir='ltr'><strong>qiioesiiurus</strong></span> <span class='ocrx_word' id='word_1_786' title='bbox 3643 3813 3726 3868; x_wconf 70' lang='lat' dir='ltr'><strong>est,</strong></span> 
     </span>
     <span class='ocr_line' id='line_1_97' title="bbox 2201 3896 3726 3958; baseline 0.001 -18"><span class='ocrx_word' id='word_1_787' title='bbox 2201 3905 2290 3940; x_wconf 90' lang='lat' dir='ltr'><strong>cur</strong></span> <span class='ocrx_word' id='word_1_788' title='bbox 2306 3905 2392 3954; x_wconf 84' lang='lat' dir='ltr'><strong>ego</strong></span> <span class='ocrx_word' id='word_1_789' title='bbox 2411 3906 2570 3943; x_wconf 89' lang='lat' dir='ltr'><strong>rerum</strong></span> <span class='ocrx_word' id='word_1_790' title='bbox 2593 3907 2622 3942; x_wconf 88' lang='lat' dir='ltr'><strong>a</strong></span> <span class='ocrx_word' id='word_1_791' title='bbox 2644 3907 2695 3943; x_wconf 88' lang='lat' dir='ltr'><strong>se</strong></span> <span class='ocrx_word' id='word_1_792' title='bbox 2713 3896 2953 3954; x_wconf 83' lang='lat' dir='ltr'><strong>gestarum</strong></span> <span class='ocrx_word' id='word_1_793' title='bbox 2977 3906 3218 3944; x_wconf 85' lang='lat' dir='ltr'><strong>summam</strong></span> <span class='ocrx_word' id='word_1_794' title='bbox 3251 3897 3596 3958; x_wconf 83' lang='lat' dir='ltr'><strong>reprehendam</strong></span> <span class='ocrx_word' id='word_1_795' title='bbox 3613 3933 3627 3956; x_wconf 90' lang='lat'><em>‚</em></span> <span class='ocrx_word' id='word_1_796' title='bbox 3645 3897 3726 3942; x_wconf 77' lang='lat' dir='ltr'><strong>sin·</strong></span> 
     </span>
     <span class='ocr_line' id='line_1_98' title="bbox 2201 3979 3728 4044; baseline 0.001 -17"><span class='ocrx_word' id='word_1_797' title='bbox 2201 3979 2335 4038; x_wconf 81' lang='lat' dir='ltr'><strong>gulas</strong></span> <span class='ocrx_word' id='word_1_798' title='bbox 2352 3991 2466 4028; x_wconf 87' lang='lat' dir='ltr'><strong>vero</strong></span> <span class='ocrx_word' id='word_1_799' title='bbox 2487 3991 2644 4042; x_wconf 86' lang='lat' dir='ltr'><strong>neque</strong></span> <span class='ocrx_word' id='word_1_800' title='bbox 2669 3980 3008 4044; x_wconf 82' lang='lat' dir='ltr'><strong>interpellarim</strong></span> <span class='ocrx_word' id='word_1_801' title='bbox 3027 3993 3185 4043; x_wconf 89' lang='lat' dir='ltr'><strong>neque</strong></span> <span class='ocrx_word' id='word_1_802' title='bbox 3213 3982 3262 4030; x_wconf 87' lang='lat' dir='ltr'><strong>in</strong></span> <span class='ocrx_word' id='word_1_803' title='bbox 3275 3982 3514 4042; x_wconf 79' lang='lat' dir='ltr'><strong>iudicium</strong></span> <span class='ocrx_word' id='word_1_804' title='bbox 3539 3982 3728 4031; x_wconf 77' lang='lat' dir='ltr'><strong>adduxe-</strong></span> 
     </span>
     <span class='ocr_line' id='line_1_99' title="bbox 2203 4061 3726 4128; baseline 0.001 -19"><span class='ocrx_word' id='word_1_805' title='bbox 2203 4061 2291 4109; x_wconf 87' lang='lat' dir='ltr'><strong>rim</strong></span> <span class='ocrx_word' id='word_1_806' title='bbox 2305 4098 2320 4122; x_wconf 84' lang='lat'>,</span> <span class='ocrx_word' id='word_1_807' title='bbox 2343 4062 2425 4112; x_wconf 86' lang='lat' dir='ltr'><strong>sed</strong></span> <span class='ocrx_word' id='word_1_808' title='bbox 2447 4063 2588 4125; x_wconf 83' lang='lat' dir='ltr'><strong>longo</strong></span> <span class='ocrx_word' id='word_1_809' title='bbox 2605 4063 2800 4113; x_wconf 87' lang='lat' dir='ltr'><strong>demum</strong></span> <span class='ocrx_word' id='word_1_810' title='bbox 2815 4063 3065 4114; x_wconf 81' lang='lat' dir='ltr'><strong>intervallo</strong></span> <span class='ocrx_word' id='word_1_811' title='bbox 3077 4100 3094 4127; x_wconf 88' lang='lat'><em>,</em></span> <span class='ocrx_word' id='word_1_812' title='bbox 3109 4067 3160 4114; x_wconf 86' lang='lat' dir='ltr'><strong>et</strong></span> <span class='ocrx_word' id='word_1_813' title='bbox 3181 4077 3330 4126; x_wconf 86' lang='lat' dir='ltr'><strong>quum</strong></span> <span class='ocrx_word' id='word_1_814' title='bbox 3354 4065 3404 4114; x_wconf 89' lang='lat' dir='ltr'><strong>in</strong></span> <span class='ocrx_word' id='word_1_815' title='bbox 3417 4067 3650 4128; x_wconf 82' lang='lat' dir='ltr'><strong>republica</strong></span> <span class='ocrx_word' id='word_1_816' title='bbox 3661 4061 3726 4110; x_wconf 81' lang='lat' dir='ltr'><strong>ad·</strong></span> 
     </span>
     <span class='ocr_line' id='line_1_100' title="bbox 2203 4147 3724 4210; baseline 0.002 -15"><span class='ocrx_word' id='word_1_817' title='bbox 2203 4147 2518 4198; x_wconf 83' lang='lat' dir='ltr'><strong>ministranda</strong></span> <span class='ocrx_word' id='word_1_818' title='bbox 2539 4162 2638 4198; x_wconf 91' lang='lat' dir='ltr'><strong>non</strong></span> <span class='ocrx_word' id='word_1_819' title='bbox 2661 4149 2850 4199; x_wconf 84' lang='lat' dir='ltr'><strong>assidue</strong></span> <span class='ocrx_word' id='word_1_820' title='bbox 2885 4151 3101 4200; x_wconf 82' lang='lat' dir='ltr'><strong>versatus</strong></span> <span class='ocrx_word' id='word_1_821' title='bbox 3122 4163 3302 4210; x_wconf 87' lang='lat' dir='ltr'><strong>essem,</strong></span> <span class='ocrx_word' id='word_1_822' title='bbox 3339 4150 3402 4200; x_wconf 87' lang='lat' dir='ltr'><strong>ad</strong></span> <span class='ocrx_word' id='word_1_823' title='bbox 3427 4148 3724 4200; x_wconf 79' lang='lat' dir='ltr'><strong>accusandum</strong></span> 
     </span>
     <span class='ocr_line' id='line_1_101' title="bbox 2203 4231 3726 4294; baseline -0.001 -14"><span class='ocrx_word' id='word_1_824' title='bbox 2203 4231 2500 4280; x_wconf 79' lang='lat' dir='ltr'><strong>accesserim.</strong></span> <span class='ocrx_word' id='word_1_825' title='bbox 2567 4235 2668 4294; x_wconf 86' lang='lat' dir='ltr'><strong>Ego</strong></span> <span class='ocrx_word' id='word_1_826' title='bbox 2693 4245 2806 4280; x_wconf 83' lang='lat' dir='ltr'><strong>vero</strong></span> <span class='ocrx_word' id='word_1_827' title='bbox 2831 4245 2987 4293; x_wconf 87' lang='lat' dir='ltr'><strong>neque</strong></span> <span class='ocrx_word' id='word_1_828' title='bbox 3010 4233 3344 4282; x_wconf 80' lang='lat' dir='ltr'><strong>Demosthenis</strong></span> <span class='ocrx_word' id='word_1_829' title='bbox 3364 4233 3726 4283; x_wconf 80' lang='lat' dir='ltr'><strong>consuetudinem</strong></span> 
     </span>
     <span class='ocr_line' id='line_1_102' title="bbox 2203 4313 3725 4378; baseline -0.003 -14"><span class='ocrx_word' id='word_1_830' title='bbox 2203 4317 2252 4364; x_wconf 87' lang='lat' dir='ltr'><strong>et</strong></span> <span class='ocrx_word' id='word_1_831' title='bbox 2269 4314 2510 4376; x_wconf 88' lang='lat' dir='ltr'><strong>colloquia</strong></span> <span class='ocrx_word' id='word_1_832' title='bbox 2531 4313 2648 4362; x_wconf 86' lang='lat' dir='ltr'><strong>mihi</strong></span> <span class='ocrx_word' id='word_1_833' title='bbox 2673 4327 2890 4376; x_wconf 89' lang='lat' dir='ltr'><strong>unquam</strong></span> <span class='ocrx_word' id='word_1_834' title='bbox 2907 4313 3162 4364; x_wconf 81' lang='lat' dir='ltr'><strong>invidenda</strong></span> <span class='ocrx_word' id='word_1_835' title='bbox 3184 4314 3298 4365; x_wconf 74' lang='lat' dir='ltr'><strong>duxi</strong></span> <span class='ocrx_word' id='word_1_836' title='bbox 3313 4352 3327 4377; x_wconf 86' lang='lat'>‚</span> <span class='ocrx_word' id='word_1_837' title='bbox 3347 4328 3506 4378; x_wconf 87' lang='lat' dir='ltr'><strong>neque</strong></span> <span class='ocrx_word' id='word_1_838' title='bbox 3537 4325 3725 4364; x_wconf 84' lang='lat' dir='ltr'><strong>meorum</strong></span> 
     </span>
     <span class='ocr_line' id='line_1_103' title="bbox 2204 4399 3730 4464; baseline -0.002 -16"><span class='ocrx_word' id='word_1_839' title='bbox 2204 4412 2282 4448; x_wconf 90' lang='lat' dir='ltr'><strong>me</strong></span> <span class='ocrx_word' id='word_1_840' title='bbox 2305 4399 2476 4462; x_wconf 81' lang='lat' dir='ltr'><strong>pudet,</strong></span> <span class='ocrx_word' id='word_1_841' title='bbox 2491 4413 2646 4462; x_wconf 87' lang='lat' dir='ltr'><strong>neque</strong></span> <span class='ocrx_word' id='word_1_842' title='bbox 2667 4414 2778 4464; x_wconf 83' lang='lat' dir='ltr'><strong>quae</strong></span> <span class='ocrx_word' id='word_1_843' title='bbox 2798 4414 2960 4450; x_wconf 81' lang='lat' dir='ltr'><strong>coram</strong></span> <span class='ocrx_word' id='word_1_844' title='bbox 2985 4401 3119 4450; x_wconf 81' lang='lat' dir='ltr'><strong>vobis</strong></span> <span class='ocrx_word' id='word_1_845' title='bbox 3135 4415 3164 4450; x_wconf 84' lang='lat' dir='ltr'><strong>a</strong></span> <span class='ocrx_word' id='word_1_846' title='bbox 3183 4413 3261 4450; x_wconf 89' lang='lat' dir='ltr'><strong>me</strong></span> <span class='ocrx_word' id='word_1_847' title='bbox 3293 4401 3420 4450; x_wconf 86' lang='lat' dir='ltr'><strong>dicta</strong></span> <span class='ocrx_word' id='word_1_848' title='bbox 3439 4405 3548 4451; x_wconf 86' lang='lat' dir='ltr'><strong>sunt</strong></span> <span class='ocrx_word' id='word_1_849' title='bbox 3578 4399 3730 4449; x_wconf 78' lang='lat' dir='ltr'><strong>indicta</strong></span> 
     </span>
     <span class='ocr_line' id='line_1_104' title="bbox 2204 4480 3728 4546; baseline -0.003 -15"><span class='ocrx_word' id='word_1_850' title='bbox 2204 4495 2306 4531; x_wconf 65' lang='lat' dir='ltr'><strong>esse</strong></span> <span class='ocrx_word' id='word_1_851' title='bbox 2333 4483 2476 4532; x_wconf 75' lang='lat' dir='ltr'><strong>velim</strong></span> <span class='ocrx_word' id='word_1_852' title='bbox 2491 4518 2504 4541; x_wconf 86' lang='lat'>‚</span> <span class='ocrx_word' id='word_1_853' title='bbox 2524 4495 2681 4545; x_wconf 87' lang='lat' dir='ltr'><strong>neque</strong></span> <span class='ocrx_word' id='word_1_854' title='bbox 2697 4519 2712 4544; x_wconf 89' lang='lat'><strong>,</strong></span> <span class='ocrx_word' id='word_1_855' title='bbox 2735 4482 2776 4531; x_wconf 86' lang='lat' dir='ltr'><strong>si</strong></span> <span class='ocrx_word' id='word_1_856' title='bbox 2809 4483 2972 4545; x_wconf 79' lang='lat' dir='ltr'><strong>quales</strong></span> <span class='ocrx_word' id='word_1_857' title='bbox 2996 4483 3083 4532; x_wconf 81' lang='lat' dir='ltr'><strong>iste</strong></span> <span class='ocrx_word' id='word_1_858' title='bbox 3105 4481 3274 4546; x_wconf 78' lang='lat' dir='ltr'><strong>habuit</strong></span> <span class='ocrx_word' id='word_1_859' title='bbox 3293 4483 3546 4532; x_wconf 86' lang='lat' dir='ltr'><strong>conciones</strong></span> <span class='ocrx_word' id='word_1_860' title='bbox 3560 4480 3728 4531; x_wconf 84' lang='lat' dir='ltr'><strong>habuis·</strong></span> 
     </span>
     <span class='ocr_line' id='line_1_105' title="bbox 2203 4565 3729 4629; baseline -0.004 -13"><span class='ocrx_word' id='word_1_861' title='bbox 2203 4579 2330 4628; x_wconf 71' lang='lat' dir='ltr'><strong>scm,</strong></span> <span class='ocrx_word' id='word_1_862' title='bbox 2359 4567 2477 4616; x_wconf 88' lang='lat' dir='ltr'><strong>mihi</strong></span> <span class='ocrx_word' id='word_1_863' title='bbox 2495 4565 2675 4616; x_wconf 87' lang='lat' dir='ltr'><strong>diutius</strong></span> <span class='ocrx_word' id='word_1_864' title='bbox 2697 4566 2952 4615; x_wconf 85' lang='lat' dir='ltr'><strong>vivendum</strong></span> <span class='ocrx_word' id='word_1_865' title='bbox 2971 4568 3210 4629; x_wconf 86' lang='lat' dir='ltr'><strong>putarem.</strong></span> <span class='ocrx_word' id='word_1_866' title='bbox 3299 4568 3431 4629; x_wconf 81' lang='lat'>(218)</span> <span class='ocrx_word' id='word_1_867' title='bbox 3459 4570 3612 4617; x_wconf 76' lang='lat' dir='ltr'><strong>Meum</strong></span> <span class='ocrx_word' id='word_1_868' title='bbox 3633 4575 3729 4612; x_wconf 74' lang='lat' dir='ltr'><strong>vero</strong></span> 
     </span>
     <span class='ocr_line' id='line_1_106' title="bbox 2204 4647 3726 4711; baseline -0.003 -13"><span class='ocrx_word' id='word_1_869' title='bbox 2204 4649 2444 4699; x_wconf 84' lang='lat' dir='ltr'><strong>silentium</strong></span> <span class='ocrx_word' id='word_1_870' title='bbox 2460 4685 2474 4710; x_wconf 86' lang='lat'><strong>,</strong></span> <span class='ocrx_word' id='word_1_871' title='bbox 2503 4649 2868 4710; x_wconf 85' lang='lat' dir='ltr'><strong>Demosthenes,</strong></span> <span class='ocrx_word' id='word_1_872' title='bbox 2906 4652 3016 4699; x_wconf 77' lang='lat' dir='ltr'><strong>vitae</strong></span> <span class='ocrx_word' id='word_1_873' title='bbox 3052 4663 3172 4698; x_wconf 80' lang='lat' dir='ltr'><strong>meae</strong></span> <span class='ocrx_word' id='word_1_874' title='bbox 3203 4649 3494 4698; x_wconf 76' lang='lat' dir='ltr'><strong>continentia</strong></span> <span class='ocrx_word' id='word_1_875' title='bbox 3531 4647 3692 4711; x_wconf 81' lang='lat' dir='ltr'><strong>peperit</strong></span> <span class='ocrx_word' id='word_1_876' title='bbox 3716 4665 3726 4690; x_wconf 90' lang='lat'>:</span> 
     </span>
     <span class='ocr_line' id='line_1_107' title="bbox 2205 4729 3726 4794; baseline 0.001 -14"><span class='ocrx_word' id='word_1_877' title='bbox 2205 4745 2352 4794; x_wconf 79' lang='lat' dir='ltr'><strong>parvo</strong></span> <span class='ocrx_word' id='word_1_878' title='bbox 2370 4732 2497 4782; x_wconf 87' lang='lat' dir='ltr'><strong>enim</strong></span> <span class='ocrx_word' id='word_1_879' title='bbox 2517 4745 2625 4782; x_wconf 87' lang='lat' dir='ltr'><strong>sum</strong></span> <span class='ocrx_word' id='word_1_880' title='bbox 2640 4734 2892 4781; x_wconf 85' lang='lat' dir='ltr'><strong>contentus</strong></span> <span class='ocrx_word' id='word_1_881' title='bbox 2905 4768 2920 4790; x_wconf 85' lang='lat'>‚</span> <span class='ocrx_word' id='word_1_882' title='bbox 2939 4743 3028 4780; x_wconf 87' lang='lat' dir='ltr'><strong>nec</strong></span> <span class='ocrx_word' id='word_1_883' title='bbox 3041 4731 3220 4792; x_wconf 80' lang='lat' dir='ltr'><strong>majora</strong></span> <span class='ocrx_word' id='word_1_884' title='bbox 3231 4731 3438 4794; x_wconf 86' lang='lat' dir='ltr'><strong>turpiter</strong></span> <span class='ocrx_word' id='word_1_885' title='bbox 3451 4729 3726 4789; x_wconf 77' lang='lat' dir='ltr'><strong>concupisco.</strong></span> 
     </span>
     <span class='ocr_line' id='line_1_108' title="bbox 2205 4809 3726 4878; baseline -0.008 -12"><span class='ocrx_word' id='word_1_886' title='bbox 2205 4817 2368 4878; x_wconf 80' lang='lat' dir='ltr'><strong>itaque</strong></span> <span class='ocrx_word' id='word_1_887' title='bbox 2381 4818 2429 4867; x_wconf 87' lang='lat' dir='ltr'><strong>et</strong></span> <span class='ocrx_word' id='word_1_888' title='bbox 2450 4815 2636 4865; x_wconf 85' lang='lat' dir='ltr'><strong>silentio</strong></span> <span class='ocrx_word' id='word_1_889' title='bbox 2653 4816 2764 4865; x_wconf 88' lang='lat' dir='ltr'><strong>utor</strong></span> <span class='ocrx_word' id='word_1_890' title='bbox 2781 4819 2830 4865; x_wconf 86' lang='lat' dir='ltr'><strong>et</strong></span> <span class='ocrx_word' id='word_1_891' title='bbox 2861 4815 2920 4864; x_wconf 87' lang='lat' dir='ltr'><strong>ad</strong></span> <span class='ocrx_word' id='word_1_892' title='bbox 2939 4815 3195 4864; x_wconf 86' lang='lat' dir='ltr'><strong>dicendum</strong></span> <span class='ocrx_word' id='word_1_893' title='bbox 3219 4816 3360 4864; x_wconf 88' lang='lat' dir='ltr'><strong>venio</strong></span> <span class='ocrx_word' id='word_1_894' title='bbox 3383 4815 3579 4863; x_wconf 83' lang='lat' dir='ltr'><strong>consilio</strong></span> <span class='ocrx_word' id='word_1_895' title='bbox 3599 4809 3726 4859; x_wconf 82' lang='lat' dir='ltr'><strong>addu·</strong></span> 
     </span>
     <span class='ocr_line' id='line_1_109' title="bbox 2207 4897 3725 4965; baseline -0.009 -12"><span class='ocrx_word' id='word_1_896' title='bbox 2207 4905 2344 4964; x_wconf 85' lang='lat' dir='ltr'><strong>ctus,</strong></span> <span class='ocrx_word' id='word_1_897' title='bbox 2358 4915 2454 4952; x_wconf 88' lang='lat' dir='ltr'><strong>non</strong></span> <span class='ocrx_word' id='word_1_898' title='bbox 2478 4903 2618 4952; x_wconf 88' lang='lat' dir='ltr'><strong>insita</strong></span> <span class='ocrx_word' id='word_1_899' title='bbox 2635 4903 2824 4965; x_wconf 84' lang='lat' dir='ltr'><strong>ingenio</strong></span> <span class='ocrx_word' id='word_1_900' title='bbox 2842 4903 3036 4952; x_wconf 79' lang='lat' dir='ltr'><strong>luxuria</strong></span> <span class='ocrx_word' id='word_1_901' title='bbox 3061 4905 3276 4951; x_wconf 85' lang='lat' dir='ltr'><strong>coactus.</strong></span> <span class='ocrx_word' id='word_1_902' title='bbox 3339 4902 3402 4952; x_wconf 67' lang='lat' dir='ltr'><strong>at</strong></span> <span class='ocrx_word' id='word_1_903' title='bbox 3417 4903 3472 4950; x_wconf 89' lang='lat' dir='ltr'><strong>tu</strong></span> <span class='ocrx_word' id='word_1_904' title='bbox 3495 4897 3651 4961; x_wconf 87' lang='lat' dir='ltr'><strong>opinor</strong></span> <span class='ocrx_word' id='word_1_905' title='bbox 3665 4905 3725 4940; x_wconf 80' lang='lat' dir='ltr'><strong>ac·</strong></span> 
     </span>
     <span class='ocr_line' id='line_1_110' title="bbox 2205 4982 3726 5056; baseline -0.008 -18"><span class='ocrx_word' id='word_1_906' title='bbox 2205 4989 2344 5056; x_wconf 61' lang='lat' dir='ltr'><strong>cepto</strong></span> <span class='ocrx_word' id='word_1_907' title='bbox 2375 5001 2576 5037; x_wconf 87' lang='lat' dir='ltr'><strong>munere</strong></span> <span class='ocrx_word' id='word_1_908' title='bbox 2595 4987 2792 5048; x_wconf 79' lang='lat' dir='ltr'><strong>siluisti,</strong></span> <span class='ocrx_word' id='word_1_909' title='bbox 2815 4989 3100 5050; x_wconf 84' lang='lat' dir='ltr'><strong>consumpto</strong></span> <span class='ocrx_word' id='word_1_910' title='bbox 3131 4987 3418 5036; x_wconf 72' lang='lat' dir='ltr'><strong>vociferatus</strong></span> <span class='ocrx_word' id='word_1_911' title='bbox 3435 4997 3512 5044; x_wconf 58' lang='grc' dir='ltr'><strong>συ</strong></span> <span class='ocrx_word' id='word_1_912' title='bbox 3530 4982 3640 5031; x_wconf 81' lang='lat' dir='ltr'><strong>dicis</strong></span> <span class='ocrx_word' id='word_1_913' title='bbox 3659 4991 3726 5026; x_wconf 85' lang='lat' dir='ltr'><strong>au·</strong></span> 
     </span>
     <span class='ocr_line' id='line_1_111' title="bbox 2204 5063 3724 5134; baseline -0.009 -11"><span class='ocrx_word' id='word_1_914' title='bbox 2204 5075 2323 5134; x_wconf 91' lang='lat' dir='ltr'><strong>tem,</strong></span> <span class='ocrx_word' id='word_1_915' title='bbox 2335 5085 2431 5122; x_wconf 92' lang='lat' dir='ltr'><strong>non</strong></span> <span class='ocrx_word' id='word_1_916' title='bbox 2441 5084 2591 5134; x_wconf 86' lang='lat' dir='ltr'><strong>quum</strong></span> <span class='ocrx_word' id='word_1_917' title='bbox 2602 5072 2688 5121; x_wconf 88' lang='lat' dir='ltr'><strong>tibi</strong></span> <span class='ocrx_word' id='word_1_918' title='bbox 2705 5071 2924 5122; x_wconf 79' lang='lat' dir='ltr'><strong>videatur</strong></span> <span class='ocrx_word' id='word_1_919' title='bbox 2937 5084 3092 5134; x_wconf 89' lang='lat' dir='ltr'><strong>neque</strong></span> <span class='ocrx_word' id='word_1_920' title='bbox 3105 5083 3162 5120; x_wconf 87' lang='lat' dir='ltr'><strong>ca</strong></span> <span class='ocrx_word' id='word_1_921' title='bbox 3181 5084 3290 5133; x_wconf 79' lang='lat' dir='ltr'><strong>quae</strong></span> <span class='ocrx_word' id='word_1_922' title='bbox 3307 5069 3446 5129; x_wconf 81' lang='lat' dir='ltr'><strong>velis,</strong></span> <span class='ocrx_word' id='word_1_923' title='bbox 3459 5067 3540 5118; x_wconf 89' lang='lat' dir='ltr'><strong>sed</strong></span> <span class='ocrx_word' id='word_1_924' title='bbox 3559 5075 3690 5128; x_wconf 88' lang='lat' dir='ltr'><strong>quum</strong></span> <span class='ocrx_word' id='word_1_925' title='bbox 3701 5063 3724 5105; x_wconf 79' lang='lat' dir='ltr'><strong>i·</strong></span> 
     </span>
     <span class='ocr_line' id='line_1_112' title="bbox 2205 5145 3724 5222; baseline -0.003 -16"><span class='ocrx_word' id='word_1_926' title='bbox 2205 5157 2288 5222; x_wconf 85' lang='lat' dir='ltr'><strong>qui</strong></span> <span class='ocrx_word' id='word_1_927' title='bbox 2307 5169 2499 5220; x_wconf 86' lang='lat' dir='ltr'><strong>operam</strong></span> <span class='ocrx_word' id='word_1_928' title='bbox 2519 5159 2654 5206; x_wconf 82' lang='lat' dir='ltr'><strong>tuam</strong></span> <span class='ocrx_word' id='word_1_929' title='bbox 2667 5158 2944 5206; x_wconf 84' lang='lat' dir='ltr'><strong>mercantur</strong></span> <span class='ocrx_word' id='word_1_930' title='bbox 2957 5156 3238 5220; x_wconf 86' lang='lat' dir='ltr'><strong>imperarint</strong></span> <span class='ocrx_word' id='word_1_931' title='bbox 3258 5167 3442 5218; x_wconf 85' lang='lat' dir='ltr'><strong>:neque</strong></span> <span class='ocrx_word' id='word_1_932' title='bbox 3467 5167 3523 5203; x_wconf 89' lang='lat' dir='ltr'><strong>ea</strong></span> <span class='ocrx_word' id='word_1_933' title='bbox 3541 5155 3588 5202; x_wconf 83' lang='lat' dir='ltr'><strong>tc</strong></span> <span class='ocrx_word' id='word_1_934' title='bbox 3603 5145 3724 5212; x_wconf 77' lang='lat' dir='ltr'><strong>pudet</strong></span> 
     </span>
     <span class='ocr_line' id='line_1_113' title="bbox 2209 5236 3722 5304; baseline -0.006 -13"><span class='ocrx_word' id='word_1_935' title='bbox 2209 5243 2482 5304; x_wconf 81' lang='lat' dir='ltr'><strong>arroganter</strong></span> <span class='ocrx_word' id='word_1_936' title='bbox 2501 5241 2754 5290; x_wconf 80' lang='lat' dir='ltr'><strong>decantare</strong></span> <span class='ocrx_word' id='word_1_937' title='bbox 2771 5277 2785 5301; x_wconf 93' lang='lat'>‚</span> <span class='ocrx_word' id='word_1_938' title='bbox 2805 5254 2916 5303; x_wconf 77' lang='lat' dir='ltr'><strong>quae</strong></span> <span class='ocrx_word' id='word_1_939' title='bbox 2931 5240 3076 5304; x_wconf 80' lang='lat' dir='ltr'><strong>paulo</strong></span> <span class='ocrx_word' id='word_1_940' title='bbox 3099 5240 3206 5302; x_wconf 84' lang='lat' dir='ltr'><strong>post</strong></span> <span class='ocrx_word' id='word_1_941' title='bbox 3227 5251 3256 5288; x_wconf 77' lang='lat' dir='ltr'><strong>a</strong></span> <span class='ocrx_word' id='word_1_942' title='bbox 3279 5239 3328 5288; x_wconf 84' lang='lat' dir='ltr'><strong>te</strong></span> <span class='ocrx_word' id='word_1_943' title='bbox 3349 5236 3548 5288; x_wconf 79' lang='lat' dir='ltr'><strong>conficta</strong></span> <span class='ocrx_word' id='word_1_944' title='bbox 3567 5241 3722 5282; x_wconf 56' lang='lat' dir='ltr'><strong>emeat·</strong></span> 
     </span>
    </p>
   </div>
  </div>
 </body>
</html>
