3825 5834
488 529 563 582 8⁴3
1436 509 1799 573 Aizxmor
1838 513 1889 566 Ο
1928 507 2108 568 ΠΕΡΙ
2141 505 2830 566 ΠΑΡΑΠΡΕΣΒΕῘΑΣ..

1094 691 1175 736 ΕΠ
1186 691 1411 736 ΙΣΤΟΛΗ
1423 723 1434 734 .

572 838 665 878 139.
678 817 971 887 Ἀκούσατε,
988 805 1031 874 ὦ
1054 815 1249 893 ἄνδρες,
1272 813 1350 870 ὅτι
1374 839 1397 864 e·
1425 809 1537 876 τοὺς
1556 809 1733 888 δ’ρκους
1746 807 1992 866 ἀπέδωκα
2009 833 2032 858 υ

494 904 619 985 φησὶ
646 932 671 956 ιι
706 912 809 970 τοῖς
836 903 1101 982 ὑμετέροις
1127 899 1408 981 πρέσὸεσι,
1442 925 1465 950 ν
1489 899 1578 955 καὶ
1608 901 1708 954 τῶν
1738 896 2034 973 συμμάχων

493 996 599 1050 τῶν
625 994 809 1049 ἑαυτοῦ
835 989 952 1053 τοὺς
981 986 1427 1065 παραγενομένους
1450 986 1567 1041 κατ’
1590 981 1752 1057 ὄνομα
1782 983 2036 1060 γέγραφε,

489 1079 582 1137 καὶ
614 1077 793 1138 αὐτοὺς
820 1076 909 1133 καὶ
936 1075 1021 1141 τὰς
1042 1077 1213 1138 πόλεις
1240 1075 1429 1141 αὐτῶν,
1448 1070 1562 1134 τοὺς
1586 1071 1631 1127 δ’
1656 1068 2038 1146 ὑστερήσαντας

490 1169 595 1223 τῶν
622 1163 917 1241 συμμάχων
942 1165 1242 1220 ἀποστελεῖν
1276 1181 1401 1240 φησι
1430 1159 1553 1235 πρὸς
1581 1161 1732 1232 ὑμᾶς.
1754 1157 1920 1216 Ταῦτ’
1949 1145 2035 1212 οὗν

489 1255 587 1309 οὐκ
612 1249 672 1308 ἂν
700 1251 863 1310 οἴεσθε
895 1248 1143 1307 δύνασθαι
1173 1247 1371 1326 γράψαι
1396 1235 1663 1306 Φίλιππον
1698 1243 1809 1319 μεθ’
1837 1240 2036 1320 ἡμέραν

496 1339 615 1396 ἄνευ
644 1340 805 1413 ἐμοῦ;

420 1443 467 1480 ¹⁵
580 1446 673 1484 120.
720 1423 855 1484 Ἀλλ’
887 1421 1062 1498 ἔμοιγε
1096 1421 1162 1490 νὴ
1204 1415 1317 1484 τοὺς
1346 1417 1486 1483 θεοὺς
1516 1415 1690 1475 οὖτοσὶ
1720 1415 1856 1474 δοκεῖ
1888 1419 2041 1472 τοῦτο

498 1511 651 1584 μόνον
693 1510 1010 1586 λογίζεσθαι,
1055 1507 1193 1571 ὅπως
1240 1504 1428 1581 μεταξὺ
1474 1503 1638 1580 λέγων
1684 1500 2040 1578 εὐδοκιμήσει·

498 1600 544 1654 εἰ
567 1597 621 1654 δὲ
648 1595 831 1674 μικρὸν
860 1591 1089 1671 ἐπισχὼν
1118 1591 1251 1659 δόξει
1274 1589 1621 1669 πονηρότατος
1643 1592 1745 1646 τῶν
1770 1587 2040 1658 Ἑλλήνων

498 1671 657 1752 εἶναι,
692 1680 807 1740 οὐδὲ
851 1679 1033 1758 μικρὸν
1058 1679 1328 1759 φροντίζει.
1362 1678 1433 1737 Τί
1479 1675 1579 1757 γὰρ
1612 1675 1675 1734 ἄν
1715 1699 1791 1742 τις
1822 1673 2040 1753 τοιούτῳ

500 1765 817 1826 πιστεύσειεν
862 1766 1143 1846 ἀνθρώπῳ,
1178 1763 1230 1830 ὃς
1268 1765 1599 1844 ἐγκεχείρηκε
1634 1760 1800 1840 λέγειν
1828 1765 1898 1826 ὡς
1937 1761 2044 1821 Φί-

500 1858 688 1920 λιππος
711 1856 768 1911 οὗ
800 1854 903 1918 τοῖς
933 1857 1087 1910 αὑτοῦ
1109 1852 1540 1932 στρατηγήμασιν
1558 1895 1573 1920 ,
1598 1848 1733 1906 ἀλλὰ
1762 1850 1873 1916 ταῖς
1896 1849 2044 1924 ἐμαῖς

500 1941 839 2019 δημηγορίαις
864 1939 987 1998 εἴσω
1008 1941 1197 2000 Πυλῶν
1222 1941 1484 2018 παρῆλθε,
1512 1937 1617 1996 Καὶ
1650 1936 1897 2012 λογισμόν
1926 1959 2042 1993 τινα

500 2031 708 2107 ἡμερῶν
745 2031 1107 2104 συνηριθμεῖτο
1128 2025 1252 2106 πρὸς
1274 2029 1406 2098 ὑμᾶς
1426 2027 1477 2082 ἐν
1506 2015 1585 2088 αἶς
1614 2021 1715 2100 ἐγὼ
1740 2023 1831 2097 μὲν
1862 2023 2050 2101 ἀπήγ-

422 2135 477 2172 20
504 2115 685 2188 γελλον
718 2111 813 2181 τὴν
840 2111 1153 2190 πρεσὸείαν,
1200 2114 1247 2169 οἱ
1284 2111 1335 2168 δὲ
1366 2109 1645 2170 Φαλαίκου
1677 2113 1767 2167 τοῦ
1812 2108 2046 2167 Φωκέων

501 2200 753 2280 τυράννου
802 2199 1184 2279 δρομοκήρυκες
1232 2197 1469 2255 τάνθένδε
1511 2198 1677 2254 ἐκεῖσε
1726 2196 2046 2272 διήγγελλον,

503 2287 873 2352 πιστεύσαντες
912 2284 967 2344 δὲ
1012 2291 1060 2344 οἱ
1096 2289 1304 2351 Φωκεῖς
1344 2285 1461 2361 ἐμοὶ
1498 2284 1622 2341 εἴσω
1664 2285 1851 2342 Πυλῶν
1894 2283 2050 2340 αὐτὸν

502 2373 847 2452 παρεδέξαντο
897 2374 987 2431 καὶ
1030 2371 1123 2438 τὰς
1170 2371 1343 2438 πόλεις
1388 2371 1481 2436 τὰς
1519 2373 1685 2428 αὑτῶν
1734 2368 2046 2451 παρέδοσαν.

507 2465 619 2535 (131)
655 2460 705 2516 Τ
710 2465 843 2516 αῧτα
890 2459 981 2534 μὲν
1020 2450 1107 2516 cdv
1152 2463 1181 2516 ὁ
1211 2458 1493 2536 κατήγορος
1534 2456 1942 2534 μεμηχάνηται,
1977 2455 2043 2514 τὰ

504 2549 549 2604 δ’
594 2551 646 2605 ἐν
690 2550 939 2606 Φωκεῦσι
979 2546 1225 2625 διεφθάρη
1269 2545 1555 2623 πράγματα
1593 2548 1793 2621 πρῶτον
1829 2542 1924 2618 μὲν
1967 2541 2050 2601 διὰ

503 2633 597 2703 τὴν
631 2633 813 2711 τύχην,
832 2633 870 2703 ἢ
900 2633 1109 2690 πάντων
1144 2632 1256 2690 ἐστὶ
1280 2631 1460 2712 κυρία,
1488 2631 1667 2688 ἔπειτα
1694 2629 1777 2688 διὰ
1802 2631 1859 2688 τὸ
1888 2635 2052 2706 μῆκος

488 2711 595 2778 ’τοῦ
635 2719 822 2800 χρόνου
864 2719 953 2777 καὶ
991 2719 1079 2775 τὸν
1110 2720 1329 2788 δεκαετῆ
1353 2716 1603 2792 πόλεμον.
1685 2715 1763 2776 Τὸ
1794 2715 1894 2795 γὰρ
1930 2715 2053 2774 αὐτὸ

426 2827 478 2866 αε
506 2805 698 2877 ηὔξησέ
722 2829 777 2863 τε
794 2809 897 2862 τῶν
926 2807 977 2861 ἐν
995 2805 1245 2862 Φωκεῦσι
1271 2803 1529 2881 τυράννων
1554 2801 1619 2860 τὰ
1641 2801 1924 2882 πράγματα
1963 2801 2054 2858 καὶ

504 2895 734 2952 καθεῖλε·
760 2890 1085 2962 κατέστησαν
1114 2891 1207 2965 μὲν
1235 2889 1334 2970 γὰρ
1363 2893 1431 2956 εἰς
1449 2889 1543 2961 τὴν
1564 2889 1730 2968 ἀρχὴν
1753 2889 2054 2965 τολμήσαν-

506 3003 590 3046 τες
619 2984 721 3038 τῶν
762 2982 911 3059 ἱερῶν
939 2977 1226 3059 χρημάτων
1269 2977 1501 3056 ἅψασθαι
1541 2977 1629 3034 καὶ
1673 2977 1756 3035 διὰ
1785 2977 1938 3044 ξένων
1965 2975 2057 3041 τὰς

508 3067 770 3133 πολιτείας
799 3067 1147 3141 μετέστησαν,
1180 3064 1536 3135 κατελύθησαν
1560 3064 1608 3121 δ’
1636 3064 1825 3142 ἀπορίᾳ
1843 3063 2055 3142 χρημά-

508 3179 633 3227 των,
646 3157 825 3224 ἐπειδὴ
846 3151 1360 3232 κατεμισθοφόρησαν
1376 3151 1441 3210 τὰ
1458 3150 1780 3232 ὑπάρχοντα.
1796 3154 1911 3230 (132)
1933 3151 2057 3230 Τρί-

508 3266 595 3301 τον
628 3243 672 3300 δ’
703 3240 887 3308 αὐτοὺς
914 3241 1146 3300 καθεῖλεν
1184 3245 1219 3310 ἡ
1242 3243 1345 3305 τοῖς
1372 3238 1737 3319 ἀπορουμένοις
1766 3239 2059 3316 στρατοπέ-

492 3329 613 3404 ιδοις
629 3325 855 3397 συνήθως
868 3331 1325 3402 παρακολουθοῦσα
1348 3325 1545 3394 στάσις,
1556 3325 1801 3404 τέταρτον
1824 3324 1869 3381 δ’
1892 3329 1926 3394 ἡ
1944 3327 2059 3384 Φα·

512 3414 697 3473 λαίκου
758 3413 878 3492 περὶ
926 3417 1029 3472 τῶν
1104 3412 1397 3488 μελλόντων
1466 3412 1673 3470 ἔσεσθαι
1734 3412 2061 3491 πραγμάτων

434 3501 713 3580 δομᾶγνοια.
744 3499 808 3562 Ἡ
843 3503 936 3578 μὲν
974 3500 1073 3580 γὰρ
1098 3503 1380 3560 θετταλῶν
1404 3499 1494 3558 καὶ
1524 3498 1797 3560 Φιλίππου
1816 3499 2062 3578 στρατεία

514 3586 768 3670 πρόδηλος
798 3581 883 3660 ἦν,
917 3589 973 3646 οὐ
1003 3591 1179 3668 πολλῷ
1212 3588 1261 3646 δὲ
1288 3587 1458 3668 χρόνῳ
1485 3587 1729 3668 πρότερον
1758 3587 1877 3665 πρὶν
1908 3584 1942 3656 ἢ
1971 3585 2063 3656 τὴν

513 3677 639 3757 πρὸς
663 3681 801 3752 ἡμᾶς
825 3676 1031 3756 εἰρήνην
1060 3677 1289 3753 γενέσθαι
1321 3674 1561 3756 πρέσὸεις
1585 3673 1709 3753 πρὸς
1745 3678 1878 3750 ὑμᾶς
1906 3665 2061 3746 ἦλθον

516 3766 574 3820 ἐκ
602 3764 855 3832 Φωκέων,
888 3767 1091 3838 βοηθεῖν
1118 3765 1288 3826 αὑτοῖς
1316 3763 1605 3825 κελεύοντες
1632 3763 1721 3818 καὶ
1754 3758 2066 3835 ἐπαγγελλό-

494 3851 665 3923 ’μενοι
689 3849 1018 3924 παραδώσειν
1042 3847 1306 3906 Ἄλπωνον
1337 3848 1425 3905 καὶ
1449 3847 1667 3926 Θρόνιον
1700 3847 1789 3904 καὶ
1818 3847 2064 3918 Νίκαιαν,

515 3933 582 3989 τὰ
602 3935 703 3990 τῶν
728 3933 967 4011 παρόδων
992 3937 1092 3991 τῶν
1116 3937 1184 3999 εἷς
1207 3935 1385 3999 Πύλας
1405 3934 1574 4013 χωρία
1600 3932 1768 4012 κύρια.
1796 3935 1909 4009 (13.1)
1937 3936 2065 4004 Ψη-

518 4019 816 4100 φισαμένων
844 4020 892 4076 δ’
912 4024 1057 4095 ὑμῶν
1079 4021 1401 4098 παραδοῦναι
1430 4019 1670 4099 Προξένῳ
1686 4025 1760 4100 τῷ
1789 4023 2066 4100 στρατηγῷ

447 4123 504 4163 ⁸³
520 4105 636 4172 τοὺς
664 4103 890 4172 Φωκέας
918 4111 1081 4162 ταῦτα
1109 4106 1175 4163 τὰ
1194 4109 1363 4186 χωρία
1384 4107 1474 4163 καὶ
1494 4107 1816 4178 πεντήκοντα
1836 4111 2066 4189 πληροῦν

520 4191 745 4273 τριήρεις
769 4191 858 4250 καὶ
884 4193 998 4258 τοὺς
1033 4193 1187 4274 μέχρι
1216 4195 1493 4274 τριάκοντα
1524 4193 1613 4264 ἔτη
1642 4194 1915 4272 γεγονότας
1943 4195 2069 4262 ἐξιέ-

520 4304 631 4352 ναι,
660 4279 774 4338 ani
800 4284 893 4338 τοῦ
911 4282 1233 4357 παραδοῦναι
1258 4281 1325 4339 τὰ
1351 4281 1521 4359 χωρία
1550 4281 1789 4360 Προξένῳ
1812 4281 2002 4353 ἔδησαν
2021 4287 2068 4341 οἱ

521 4367 759 4446 τύραννοι
808 4365 924 4432 τοὺς
974 4366 1213 4445 πρέσὸεις
1258 4367 1373 4432 τοὺς
1427 4367 1899 4444 ἐπαγγελλομένους
1948 4371 2068 4444 ὑμῖν
2129 4387 2136 4396 ’

523 4451 852 4534 παραδώσειν
876 4453 942 4510 τὰ
966 4454 1293 4534 φυλακτήρια
1310 4500 1323 4526 ,
1342 4455 1431 4513 καὶ
1450 4463 1557 4520 τοῖς
1580 4453 1942 4552 σπονδοφόροις
1965 4465 2069 4523 τοῖς

520 4531 609 4598 τὰς
647 4532 1059 4611 μυστηριώτιδας
1098 4533 1322 4599 σπονδὰς
1366 4533 1743 4611 ἐπαγγέλλουσι
1782 4556 1926 4608 μονοι
1968 4539 2069 4592 τῶν

521 4619 793 4689 Ἑλλήνιον
806 4621 1015 4685 Φωκεῖς
1044 4623 1135 4678 οὐκ
1160 4620 1481 4678 ἐσπείσαντο.
1514 4621 1621 4680 Καὶ
1650 4620 1805 4676 πάλιν
1831 4619 2070 4700 Ἀρχιδά-

524 4727 623 4781 μου
670 4711 757 4764 τοῦ
797 4708 1045 4772 Λάκωνος
1092 4706 1529 4786 παραλαμὸοἱνειν
1568 4707 1711 4772 ὄντος
1756 4705 1966 4782 ἑτοίμου
2004 4709 2070 4764 τὰ

444 4805 499 4842 ⁴⁰
524 4793 691 4871 χωρία
712 4791 800 4850 καὶ
819 4793 1110 4871 φυλάττειν,
1132 4797 1224 4852 οὐκ
1242 4793 1568 4865 ἐπείσθησαν,
1595 4793 1710 4850 ἀλλ’
1734 4793 2071 4872 ἀπεκρίναντο

527 4879 668 4958 αὐτῷ
695 4877 761 4936 τὰ
793 4885 883 4950 τῆς
915 4881 1163 4960 Σπάρτης
1192 4879 1333 4938 δεινὰ
1366 4881 1584 4938 δεδιέναι
1624 4881 1713 4938 καὶ
1746 4881 1819 4958 μὴ
1850 4880 1916 4938 τὰ
1945 4885 2068 4960 παρ’

526 4967 713 5032 αὑτοῖς.
796 4967 916 5043 (114)
949 4969 1228 5027 Κάνταῦθα
1271 4967 1413 5024 οὔπω
1452 4968 1741 5028 διελέλυσθε
1782 4966 2070 5050 Φιλίππῳ,

529 5056 643 5112 ἀλλ’
668 5057 719 5112 ἐν
744 5059 807 5132 τῇ
830 5058 961 5134 αὐτῇ
986 5056 1161 5136 ἡμέρα
1190 5055 1309 5136 περί
1329 5078 1385 5112 τε
1406 5059 1497 5124 τῆς
1518 5055 1719 5135 εἰρήνης
1741 5055 2070 5116 ἐδουλεύεσθε

527 5142 616 5199 καὶ
655 5146 747 5212 τῆς
774 5145 1048 5213 ἐπιστολῆς
1075 5142 1287 5213 ἠκούετε
1325 5147 1416 5212 τῆς
1452 5141 1706 5222 Προξένου
1740 5142 1819 5201 ὅτι
1860 5145 2070 5211 Φωκεῖς

522 5230 578 5284 οὐ
604 5229 1037 5309 παραδεδώκασιν
1060 5232 1201 5308 αὑτῷ
1222 5227 1285 5286 τὰ
1310 5229 1477 5308 χωρία
1493 5273 1509 5301 ,
1534 5229 1621 5288 καὶ
1645 5235 1691 5290 οἱ
1719 5229 1783 5288 τὰ
1806 5230 2068 5308 μυστήρια

3399 503 3673 578 (ssa-am)

2771 687 3025 728 Lt'rEnAE.

2193 819 2296 864 129.
2331 813 2530 873 Audite,
2557 812 2946 864 Atheniensem«
2975 810 3113 871 Dedi,
3135 810 3222 870 ait,
3235 809 3578 872 jusjurandum
3597 823 3678 859 ve·

2124 935 2233 984 stris
2247 935 2428 996 legat1s5
2449 953 2472 978 n
2493 937 2541 983 et
2557 935 2711 982 socios
2723 947 2834 982 suos
2851 935 2938 995 qui
2954 932 3209 994 adfuerint,
3229 931 3511 980 nominatim
3525 945 3678 994 quum

2127 1057 2276 1120 ipsos,
2306 1059 2410 1105 tum
2433 1056 2575 1106 urbes
2596 1070 2762 1106 eorum
2780 1055 3044 1118 inscripsit,
3067 1069 3152 1106 eos
3174 1068 3288 1104 vero
3303 1055 3460 1104 socios
3482 1055 3680 1117 quinon

2123 1180 2396 1241 adfuerint,
2417 1179 2664 1242 pollicetur
2686 1193 2738 1228 se
2757 1178 2820 1227 ad
2842 1191 2930 1228 vos
2951 1177 3206 1226 missurum
3241 1190 3360 1226 esse.
3403 1180 3522 1227 Haec
3567 1189 3681 1238 emo

2129 1299 2308 1360 putatis
2329 1298 2598 1360 Philippum
2621 1311 2718 1346 non
2740 1295 2949 1347 interdiu
2972 1296 3180 1345 scribere
3207 1296 3415 1358 potuisse
3446 1297 3550 1344 sine
3573 1297 3682 1343 me?

2195 1425 2298 1469 130.
2335 1419 2516 1468 sedita
2531 1431 2612 1468 nm
2638 1417 2706 1466 dii
2723 1419 2917 1478 autent,
2935 1417 3014 1466 isti
3043 1429 3142 1466 non
3163 1416 3298 1466 aliud
3321 1429 3454 1466 enm
3473 1429 3576 1464 esse
3593 1428 3682 1477 ap-

2130 1517 2292 1576 paret,
2311 1515 2398 1563 nisi
2417 1517 2472 1563 ut
2495 1514 2684 1564 interim
2707 1513 2823 1562 dum
2851 1513 2997 1560 verba
3017 1512 3156 1572 l'acit,
3173 1512 3461 1574 eloquentia
3483 1513 3684 1573 gloriam

2129 1612 2452 1671 consequatur
2469 1624 2484 1670 3
2503 1621 2568 1656 an
2593 1621 2708 1657 vero
2735 1607 2894 1670 paullo
2919 1610 3027 1668 post
3047 1607 3266 1655 omnium
3285 1611 3570 1657 Graecorum
3591 1609 3686 1655 im-

2133 1704 2441 1766 probissimus
2457 1705 2519 1754 sit
2539 1703 2888 1767 perhibemus,
2925 1717 3012 1765 pro
3049 1703 3200 1752 nihilo
3217 1705 3371 1766 putat.
3403 1703 3532 1760 Quid
3557 1705 3686 1752 enim

2133 1801 2218 1852 tali
2241 1801 2424 1850 homini
2451 1800 2704 1864 qnisquam
2737 1799 2924 1862 credat,
2945 1801 3028 1862 qui
3061 1799 3219 1848 dicere
3251 1812 3347 1848 non
3376 1799 3558 1848 veritus
3586 1805 3687 1862 est,

2135 1898 2403 1960 Philippum
2415 1911 2510 1946 non
2523 1897 2620 1948 suis
2629 1897 2810 1946 artibus
2819 1897 3150 1957 imperatoriis,
3159 1895 3240 1944 sed
3252 1895 3370 1945 ineis
3379 1895 3692 1945 concionibus

2135 1994 2260 2042 intra
2283 1993 2418 2056 Pylas
2435 1996 2704 2054 penetrasse
2721 1995 2744 2040 Ρ
2771 1993 2924 2053 Atque
2941 1991 3082 2040 etiam
3105 2003 3358 2039 numerum
3377 1990 3564 2038 dierum
3586 1991 3692 2038 iniit

2135 2091 2262 2154 apud
2282 2103 2392 2150 νοε,
2425 2089 2548 2138 intra
2571 2102 2692 2150 quos
2711 2101 2799 2149 ego
2823 2087 3105 2147 legationem
3131 2086 3462 2144 renuntiarim,
3483 2091 3532 2134 et
3561 2085 3689 2134 Pha-

2137 2185 2260 2246 laeci,
2279 2185 2591 2234 phocensium
2607 2183 2814 2246 tyranni,
2837 2196 3078 2246 praecones
3095 2182 3292 2232 cursorii
3309 2181 3502 2232 decreta
3527 2184 3693 2230 nostra

2137 2282 2253 2330 illuc
2275 2280 2614 2339 renuntiarint,
2645 2283 2696 2330 et
2723 2279 2985 2328 Phocenses
3015 2291 3094 2326 me
3109 2279 3215 2327 freti
3237 2278 3372 2326 illurn
3403 2277 3532 2326 intra
3555 2278 3692 2338 Pslas

2139 2377 2430 2439 receperint,
2449 2378 2596 2438 atque
2619 2375 2760 2424 urbes
2775 2387 2888 2424 suas
2909 2373 2952 2422 ei
2975 2372 3276 2422 tradiderint.
3341 2373 3470 2433 (131)
3499 2375 3561 2421 Et
3591 2373 3696 2420 hac

2139 2473 2332 2534 quidem
2361 2473 2664 2520 commentus
2689 2473 2762 2519 est
2789 2472 3058 2530 accusator,
3087 2481 3164 2518 res
3185 2471 3348 2516 antem
3377 2467 3696 2517 phocensium

2141 2568 2452 2629 interierunt,
2474 2568 2682 2630 primum
2701 2579 2784 2628 per
2806 2566 3074 2624 fortunam,
3099 2577 3210 2626 quae
3227 2565 3452 2613 omnibus
3475 2565 3696 2612 domina·

2145 2667 2262 2726 tur3
2286 2665 2456 2714 deinde
2478 2667 2669 2726 propter
2695 2664 2904 2724 spatium
2922 2663 3150 2724 temporis
3163 2664 3210 2711 et
3237 2661 3496 2710 decennale
3515 2661 3697 2710 bellum

2148 2787 2209 2798 —
2227 2762 2392 2810 cadem
2417 2761 2542 2810 enim
2563 2773 2638 2808 τας
2671 2759 2986 2808 Phocensium
3005 2761 3320 2819 tyrannorum
3343 2771 3456 2819 opes
3479 2760 3528 2805 et
3559 2757 3698 2805 auxit

2144 2859 2192 2907 et
2220 2856 2471 2914 destruxit;
2490 2867 2600 2904 nam
2625 2852 2876 2916 imperium
2893 2854 3220 2913 susceperunt,
3241 2865 3393 2913 quum
3409 2851 3510 2900 ausi
3541 2857 3702 2900 essent

2145 2963 2328 2998 sacram
2348 2948 2596 3010 pecuniam
2616 2945 2858 3007 invadere,
2883 2947 2933 2995 et
2951 2945 3304 3006 peregrinorum
3325 2944 3536 2994 militum
3557 2959 3700 3006 opera

2147 3043 2434 3106 respublicas
2453 3043 2740 3101 mutassent3
2759 3041 2952 3090 tandem
2973 3039 3254 3088 interierunt
3279 3037 3438 3100 inopia
3461 3039 3700 3100 pecuuiae,

2146 3148 2297 3197 quum
2330 3147 2434 3184 eam
2469 3147 2660 3194 omnem
2679 3131 2974 3195 instipendia
2989 3133 3198 3181 militum
3241 3132 3575 3182 insuinsissent
3607 3153 3701 3192 —;

2150 3232 2276 3292 (132)
2301 3230 2442 3279 tertio
2463 3231 2570 3279 loco
2592 3242 2675 3278 eos
2692 3229 2866 3278 evertit
2887 3228 3057 3278 seditio
3071 3264 3088 3290 ‚
3107 3241 3216 3290 quoe
3237 3228 3480 3278 exercitus
3503 3233 3706 3291 penuria

2149 3328 2418 3376 laborantes
2435 3326 2654 3376 comitari
2669 3327 3007 3387 solet3quarto
3035 3326 3144 3373 loco
3181 3323 3390 3374 Phalaeci
3429 3325 3704 3377 suturarum

2153 3436 2312 3471 rerum
2351 3423 2598 3484 ignoratio.
2681 3423 2804 3470 Nam
2830 3419 3164 3470 Thessalorum
3203 3421 3398 3483 quidem
3417 3423 3470 3470 et
3501 3422 3708 3485 Philippi

2152 3517 2390 3580 expeditio
2427 3519 2476 3568 in
2491 3521 2750 3580 conspectu
2777 3519 2906 3576 crat,
2923 3530 3020 3566 non
3034 3517 3190 3566 multo
3219 3520 3384 3566 autem
3419 3521 3534 3567 ante
3557 3533 3708 3580 quam

2153 3629 2246 3678 pax
2269 3615 2516 3664 vobiscum
2539 3615 2757 3675 iniretur,
2781 3613 2921 3674 legati
2939 3613 3246 3663 Phocensium
3260 3613 3322 3662 ad
3345 3627 3432 3662 vos
3453 3619 3707 3676 venerant,

2153 3711 2327 3761 auxilia
2341 3713 2571 3773 petentes,
2587 3713 2636 3760 et
2653 3711 2789 3760 vobis
2801 3722 2852 3759 se
2871 3710 3131 3759 tradituros
3149 3709 3425 3771 pollicentes
3448 3709 3709 3772 Alponum,

2161 3809 2421 3857 Thronium
2451 3811 2498 3856 et
2527 3807 2759 3867 Nicaeam,
2779 3820 2888 3868 quae
2909 3807 3013 3855 loca
3035 3807 3116 3869 qul
3135 3805 3353 3855 obtinent
3372 3807 3578 3854 transitu
3613 3811 3711 3869 Py·

2155 3903 2310 3951 larum
2335 3903 2596 3966 poliuntur.
2646 3903 2774 3964 (133)
2801 3907 2962 3962 Quum
2993 3915 3111 3950 vero
3151 3915 3236 3950 vos
3266 3901 3622 3962 decrevissetiS,
3651 3917 3712 3951 ea

2159 3999 2263 4048 loca
2285 4004 2498 4048 Proxeno
2529 3998 2637 4046 duci
2671 4001 2828 4046 vestro
2847 4011 2874 4045 a
2904 3997 3227 4047 Phocensihus
3265 3995 3496 4046 tradenda
3513 4010 3636 4056 oese,
3661 4002 3714 4046 et

2159 4096 2502 4160 quinquaginta
2520 4094 2736 4144 triremes
2754 4093 3086 4156 complendas,
3109 4097 3160 4144 et
3186 4093 3242 4144 iis
3259 4093 3342 4155 qui
3373 4093 3502 4142 intra
3517 4093 3716 4154 trigesi-

2159 4205 2295 4241 mum
2311 4193 2468 4242 aetatis
2493 4205 2674 4240 annum
2699 4191 2856 4240 essent
2883 4188 2933 4236 in
2947 4191 3098 4236 aciem
3122 4185 3416 4246 exeundum,
3436 4185 3631 4248 tyranni
3655 4199 3716 4234 ea

2157 4291 2262 4340 loca
2281 4294 2500 4340 Proxeno
2517 4287 2636 4338 adeo
2655 4300 2750 4337 non
2768 4284 3086 4344 tradiderunt,
3107 4286 3164 4332 ut
3179 4283 3360 4344 legatos
3377 4318 3390 4341 ,
3409 4281 3492 4344 qui
3509 4294 3718 4330 searces

2155 4387 2262 4438 illas
2279 4385 2416 4434 vobis
2441 4382 2700 4433 tradituros
2729 4380 3073 4443 promiserant,
3093 4379 3144 4426 in
3173 4377 3366 4426 vincula
3387 4375 3686 4436 coniecerim
3701 4411 3716 4434 ,

2155 4485 2339 4532 etcum
2373 4478 2632 4537 l'ecialibus,
2661 4476 2742 4538 qui
2766 4473 3102 4536 mysteriorum
3124 4471 3476 4521 Eleusinioi-um
3493 4469 3722 4518 inducias

2157 4591 2240 4640 per
2259 4575 2456 4626 Groeciae
2472 4573 2614 4623 urbes
2631 4570 2998 4628 annuntiabant,
3021 4568 3108 4617 soli
3131 4571 3413 4617 Graecorum
3445 4565 3721 4614 Phocenses

2156 4672 2328 4736 paciaci
2359 4669 2695 4720 recusaverint.
2719 4664 2896 4714 Deinde
2909 4675 3062 4726 quum
3087 4659 3404 4711 Archidamus
3425 4661 3552 4707 Laco
3571 4671 3720 4720 parn-

2157 4767 2236 4814 tns
2254 4767 2376 4814 esset
2401 4763 2506 4812 loca
2539 4759 2620 4809 illa
2647 4755 2863 4820 accipere
2883 4769 2940 4804 ac
2956 4755 3097 4812 tueri,
3131 4765 3232 4801 non
3272 4753 3576 4800 assenserunt
3592 4787 3605 4810 ‚
3628 4752 3720 4798 sed

2157 4859 2200 4908 ei
2239 4855 2608 4919 responderunt,
2641 4865 2692 4900 se
2727 4853 2910 4912 Spartae
2943 4847 3155 4911 pericula
3195 4845 3366 4893 timere
3395 4847 3446 4892 et
3491 4855 3589 4890 non
3627 4855 3722 4892 sua

2159 4952 2386 5014 ipsorum.
2412 4949 2541 5009 (134)
2579 4949 2647 4995 Eo
2683 4947 2849 4992 autem
2887 4943 3102 5001 tempore
3137 4935 3352 4986 nondum
3387 4935 3511 4983 inter
3547 4947 3639 4982 vos
3671 4940 3723 4984 et

2161 5045 2430 5108 Philippum
2452 5043 2773 5102 convenerat,
2799 5037 2882 5088 sed
2915 5037 3083 5086 eodem
3107 5033 3184 5082 die
3210 5033 3259 5082 et
3289 5029 3349 5079 de
3384 5043 3501 5092 pace
3538 5030 3726 5079 delibe-

2159 5143 2365 5201 rabafis,
2396 5143 2445 5190 et
2472 5137 2672 5188 Proxeni
2697 5136 2857 5186 literas
2889 5130 3180 5191 audiebatis,
3207 5127 3383 5191 quibus
3411 5125 3722 5187 significaba-

2159 5243 2257 5298 tur,
2293 5237 2554 5287 Phocenses
2586 5235 2690 5282 loca
2717 5232 2800 5282 illa
2827 5244 2922 5280 non
2955 5226 3230 5284 tradidisse,
3253 5223 3354 5273 etii
3379 5222 3464 5284 qni
3487 5221 3720 5283 mysteria
