3825 5834
489 475 564 524 20
1385 463 1788 525 ΛΥΚΟΡΓΟΥ
1823 467 1871 523 Ο
1919 465 2121 525 ΚΑΤΑ
2167 467 2690 531 ΛΕΩΚΡΑΤΟΥΣ.

485 596 712 670 γρῆσθαι
731 590 896 670 τούτῳ
919 590 1172 667 τολμῶσι.
1259 592 1394 670 Πρὶν
1417 594 1511 669 μὲν
1533 594 1635 671 γὰρ
1665 599 1814 652 τοῦτο
1833 593 2029 674 πρᾶξαι

411 701 460 739 ιο
488 659 798 756 Ᾰεωκράτην
837 679 1024 748 ἄδηλον
1069 670 1131 748 ἦν
1176 679 1342 737 ὁποῖοί
1383 702 1514 745 τινες
1548 681 1688 746 ὄντες
1715 681 2026 758 ἐτύγχανον,

485 769 572 822 νῦν
614 763 670 820 δὲ
696 774 826 820 πᾶσι
853 764 1070 843 φανερὸν
1115 763 1194 821 ὅτι
1230 769 1337 831 τοῖς
1369 767 1544 830 αὐτοῖς
1583 766 1729 836 ἤθεσι
1766 766 2029 844 χρώμενοι

484 851 580 920 τὴν
615 851 742 929 πρὸς
783 857 960 908 τοῦτον
1007 852 1180 930 φιλίαν
1225 853 1684 930 διαφυλάττουσιν,
1712 854 1846 910 ὥστε
1891 852 2025 910 πολὺ

481 937 727 1014 πρότερον
756 935 883 1015 ὑπὲρ
911 941 1078 994 αὑτῶν
1102 941 1274 1004 αὐτοῖς
1302 941 1438 996 ἐστιν
1469 939 1816 1015 ἀπολογητέον
1843 939 1880 1010 ἢ
1905 945 2029 997 τοῦ·

481 1045 567 1080 τον
592 1025 716 1102 παρ’
741 1027 885 1097 ὑμῶν
915 1024 1234 1096 ἐξαιτητέον.

564 1131 660 1170 1³⁸.
706 1111 970 1187 Ἦγοῧμαι
1011 1111 1059 1168 δ’
1085 1112 1248 1189 ἔγωγε
1289 1112 1380 1169 καὶ
1421 1111 1507 1170 τὸν
1533 1112 1733 1192 πατέρα
1769 1113 1910 1188 αὐτῷ
1940 1113 2025 1169 τὸν

481 1198 881 1268 τετελευτηκότα
897 1242 912 1268 ,
933 1197 1072 1265 εἴτις
1097 1199 1202 1278 ἄρα
1232 1198 1372 1257 ἔστιν
1396 1198 1630 1268 αἴσθησις
1651 1207 1753 1265 τοῖς
1781 1201 1890 1256 ἐκεῖ
1906 1198 2027 1279 περὶ

481 1287 584 1341 τῶν
641 1283 819 1342 ἐνθάδε
867 1283 1191 1374 γινομένων,
1237 1282 1477 1342 ἁπάντων
1537 1283 1599 1342 ἂν
1651 1283 2027 1364 χαλεπώτατον

482 1367 717 1444 γενέσθαι
742 1368 991 1438 δικαστήν
1008 1413 1023 1440 ,
1057 1360 1116 1426 οὗ
1143 1367 1236 1438 τὴν
1260 1372 1463 1448 χαλκῆν
1494 1370 1667 1428 εἰκόνα
1696 1371 1899 1429 ἔκδοτον
1928 1393 2023 1429 κα·

407 1467 456 1505 15
479 1453 654 1511 τέλιπε
698 1457 803 1518 τοῖς
850 1453 1113 1529 πολεμίοις
1159 1457 1212 1512 ἐν
1256 1460 1332 1535 τῷ
1373 1463 1462 1514 τοῦ
1504 1457 1622 1522 Διὸς
1665 1463 1754 1514 τοῦ
1797 1461 2025 1535 σωτῆρος

480 1542 812 1618 ἱεροσυλῆσαι
858 1539 948 1596 καὶ
997 1540 1324 1612 αἰκίσασθαι,
1365 1543 1456 1600 καὶ
1499 1543 1563 1614 ἣν
1603 1545 1793 1609 ἐκεῖνος
1836 1543 2025 1612 ἔστησε

482 1629 732 1702 μνημεῖον
782 1629 874 1695 τῆς
921 1631 1076 1684 αὑτοῦ
1117 1629 1474 1708 μετριότητος,
1505 1629 1698 1702 ταύτην
1727 1630 1880 1695 αὐτὸς
1903 1631 2025 1686 ἐπο-

479 1712 726 1770 νείδιστον
751 1712 962 1783 ἐποίησε
978 1737 991 1750 ·
1020 1713 1248 1772 τοιούτου
1273 1714 1376 1796 γὰρ
1402 1719 1513 1774 υἱοῦ
1548 1716 1722 1795 πατὴρ
1762 1741 2021 1796 προσαγο·

481 1799 698 1878 ρεύεται.
785 1800 900 1878 (1³7)
945 1801 1038 1860 Διὸ
1067 1803 1158 1859 καὶ
1191 1804 1375 1860 πολλοί
1416 1827 1504 1878 μοι
1541 1806 2019 1883 προσεληλύθασιν,

477 1879 522 1946 ὦ
549 1889 726 1967 ἄνδρες
741 1892 1061 1967 ,ἐρωτῶντες
1085 1890 1170 1946 διὰ
1191 1891 1243 1948 τί
1263 1892 1357 1949 οὐκ
1380 1891 1638 1970 ἐνέγραψα
1664 1897 1816 1952 τοῦτο
1833 1897 1904 1961 εἰς
1928 1893 2022 1964 τὴν

477 1975 832 2052 εἰσαγγελίαν,
851 1976 1231 2054 προδεδωκέναι
1249 1976 1341 2046 τὴν
1365 1977 1538 2036 εἰκόνα
1561 1979 1654 2050 τὴν
1683 1985 1770 2038 τοῦ
1799 1981 2021 2060 πατρὸς,

478 2061 572 2132 τὴν
597 2065 650 2120 ἐν
679 2065 754 2141 τῷ
781 2069 871 2120 τοῦ
905 2063 1024 2128 Διὸς
1051 2069 1138 2120 τοῦ
1169 2067 1396 2140 σωτῆρος
1427 2067 1792 2142 ἀνακειμένην.
1877 2067 2021 2146 Ἐγὼ

398 2163 452 2201 20
479 2149 550 2220 δέ,
576 2138 620 2207 ὦ
649 2149 844 2228 ἄνδρες,
873 2151 964 2207 οὐκ
991 2149 1206 2226 ἠγνόουν
1235 2155 1382 2208 τοῦτο
1409 2151 1466 2208 τὸ
1506 2153 1736 2231 ἀδίκημα
1768 2153 1904 2221 ἄξιον
1930 2161 2021 2225 τῆς

479 2235 724 2313 μεγίστης
756 2237 1032 2316 τιμωρίας,
1059 2237 1172 2294 ἀλλ’
1201 2239 1299 2316 οὔχ
1334 2238 1566 2315 ἡγούμην
1608 2243 1710 2298 δεῖν
1739 2241 1860 2320 περὶ
1893 2265 2017 2320 προ·

476 2320 849 2388 δοσίας.το’ῡ’τον
888 2323 1072 2400 κρίνων
1109 2324 1274 2399 ὄνομα
1309 2325 1430 2390 Διὸς
1465 2331 1694 2406 σωτῆρος
1734 2329 2021 2408 ἐπιγράψαι

475 2409 601 2487 πρὸς
619 2409 714 2480 τὴν
744 2411 1092 2486 εἰσαγγελίαν.

555 2515 652 2554 1³8.
701 2495 1110 2575 Ἐκπέπληγμαι
1137 2497 1190 2554 δὲ
1218 2498 1452 2574 μάλιστα
1473 2501 1560 2557 ἐπὶ
1585 2503 1688 2568 τοῖς
1713 2502 1846 2578 μήτε
1880 2505 2017 2582 γένει

478 2579 612 2654 μήτε
639 2580 784 2661 φιλία
824 2581 986 2656 μηδὲν
1021 2584 1372 2661 προσήκουσι,
1415 2592 1597 2660 μισθοῦ
1633 2588 1687 2645 δὲ
1729 2592 2020 2648 συναπολο-

477 2667 740 2742 γουμένοις
781 2667 862 2724 ἀεὶ
893 2669 996 2734 τοῖς
1024 2669 1365 2747 κρινομένοις,
1394 2673 1438 2728 εἰ
1465 2672 1738 2743 λελήθασιν
1768 2679 1901 2751 ὑμᾶς
1928 2681 2020 2747 τῆς

475 2753 698 2831 ἐσχάτης
725 2757 878 2832 ὀργῆς
902 2757 1109 2820 δικαίως
1132 2754 1192 2812 ἂν
1219 2757 1574 2834 τυγχάνοντες.
1659 2761 1738 2822 Τὸ
1761 2763 1860 2840 γὰρ
1888 2763 2017 2842 ὑπὲρ

397 2855 452 2894 25
473 2842 578 2896 τῶν
598 2841 933 2916 ἀδικημάτων
955 2844 1324 2920 ἀπολογεῖσθαι
1351 2845 1629 2923 τεκμήριόν
1663 2851 1802 2907 ἐστιν
1825 2845 1902 2906 ὅτι
1927 2851 2017 2907 καὶ

472 2927 574 2981 τῶν
594 2926 969 3004 πεπραγμένων
993 2931 1040 2986 οἱ
1067 2936 1286 2988 τοιοῦτοι
1306 2928 1366 2986 ἂν
1393 2931 1721 3010 μετάσχοιεν.
1809 2937 1888 2994 Οὐ
1910 2935 2011 3016 γὰρ

474 3010 552 3066 δεῖ
573 3013 689 3067 καθ’
730 3015 873 3087 ὑμῶν
899 3017 1204 3088 γεγενῆσθαι
1241 3015 1431 3087 δεινόν,
1461 3017 1576 3075 ἀλλ’
1601 3019 1730 3099 ὑπὲρ
1759 3023 1904 3097 ὑμῶν
1927 3022 2017 3079 καὶ

474 3099 577 3154 τῶν
605 3096 775 3172 νόμων
804 3098 893 3155 καὶ
917 3103 1008 3170 τῆς
1038 3101 1406 3180 δημοκρατίας.

555 3203 649 3243 1³9.
695 3185 882 3244 Καίτοι
905 3186 1037 3253 τινὲς
1064 3191 1231 3245 αὐτῶν
1253 3188 1421 3247 οὐκέτι
1443 3192 1546 3258 τοῖς
1569 3191 1738 3268 λόγοις
1765 3196 1899 3270 ὑμᾶς
1916 3219 2014 3252 πα·

475 3268 858 3348 ρακρούσασθαι
883 3274 1150 3344 ζητοῦσιν,
1181 3274 1294 3331 ἀλλ’
1316 3273 1418 3346 ἤδη
1447 3278 1558 3343 ταῖς
1587 3282 1756 3336 αὑτῶν
1778 3281 2012 3362 λειτουρ-

472 3355 608 3434 γίαις
661 3355 971 3423 ἐξαιτεῖσθαι
1015 3357 1132 3425 τοὺς
1175 3362 1498 3438 κρινομένους
1544 3363 1871 3430 ἀξιώσουσιν·
1934 3372 2011 3450 ἐφ’

473 3433 550 3508 οἷς
577 3443 738 3521 ἔγωγε
771 3445 860 3502 καὶ
893 3445 1106 3521 μάλιστ’
1143 3449 1438 3524 ἀγανακτῶ.
1525 3453 1614 3516 Εἰς
1644 3452 1743 3531 γὰρ
1770 3453 1856 3512 τὸν
1885 3454 2013 3514 ἴδιον

395 3549 450 3587 ³0
473 3522 610 3589 οἶκον
667 3529 825 3598 αὐτὰς
879 3535 1344 3611 περιποιησάμενοι
1389 3534 1562 3602 κοινὰς
1605 3538 1826 3616 χάριτας
1881 3545 2015 3618 ὑμᾶς

472 3619 793 3678 ἀπαιτοῦσιν.
878 3621 957 3678 Οὗ
985 3618 1085 3698 γὰρ
1105 3619 1153 3677 εἴ
1169 3643 1242 3684 τις
1270 3621 1710 3701 ἱπποτετρόφηκεν
1732 3623 1766 3695 ἢ
1790 3627 2015 3705 κεχορή-

469 3725 598 3776 γηκε
619 3706 870 3780 λαμπρῶς
894 3701 928 3774 ἢ
955 3709 1056 3762 τῶν
1083 3705 1253 3763 ἄλλων
1282 3710 1383 3763 τῶν
1422 3709 1667 3767 τοιούτων
1696 3734 1745 3767 τι
1777 3713 2011 3772 δεδαπά-

469 3812 652 3863 νηκεν,
690 3789 826 3856 ἄξιός
867 3793 976 3849 ἐστι
1021 3797 1146 3869 παρ’
1177 3795 1321 3869 ὑμῶν
1361 3795 1602 3867 τοιαύτης
1640 3797 1852 3875 χάριτος
1895 3801 2011 3875 (ἐπὶ

467 3874 665 3940 τούτοις
707 3875 808 3953 γὰρ
856 3877 1008 3942 αὐτὸς
1045 3878 1193 3952 μόνος
1242 3886 1612 3958 στεφανοῦται,
1662 3883 1780 3950 τοὺς
1824 3885 2013 3953 ἄλλους

468 3959 610 4019 οὐδὲν
637 3963 910 4041 ὠφελῶν),
956 3966 1072 4020 ἀλλ’
1118 3964 1166 4020 εἴ
1203 3988 1279 4030 τις
1316 3969 1726 4046 τετριηράρχηκε
1754 3972 2011 4052 λαμπρῶς

467 4045 500 4117 ἢ
530 4048 678 4126 τείχη
701 4053 766 4125 τῇ
791 4049 1000 4126 πατρίδι
1029 4049 1332 4128 περιέὸαλεν
1363 4051 1395 4121 ἢ
1423 4054 1550 4132 πρὸς
1571 4055 1665 4125 τὴν
1695 4056 1868 4127 κοινὴν
1899 4081 2010 4117 σω-

466 4135 648 4210 τηρίαν
669 4137 726 4192 ἐκ
750 4139 851 4192 τῶν
873 4136 1015 4193 ἰδίων
1041 4136 1413 4217 συνευπόρησε·
1449 4141 1565 4217 (14⁰)
1588 4147 1752 4199 ταῦτα
1776 4145 1874 4221 γάρ
1901 4149 2009 4204 ἐστι

387 4245 440 4283 36
471 4225 648 4287 κοινῶς
671 4221 800 4302 ὑπὲρ
824 4226 971 4297 ἡμῶν
1003 4223 1278 4298 ἁπάντων,
1315 4226 1405 4284 καὶ
1434 4229 1486 4284 ἐν
1521 4227 1613 4304 μὲν
1641 4229 1842 4308 τούτοις.
1869 4231 2007 4290 ἔστιν

468 4312 590 4368 ἰδεῖν
615 4309 708 4380 τὴν
730 4310 916 4388 ἀρετὴν
941 4315 1043 4368 τῶν
1069 4313 1480 4388 ἐπιδεδωκότων,
1517 4318 1568 4374 ἐν
1599 4316 1806 4382 ἐκείνοις
1835 4317 1888 4376 δὲ
1913 4319 2007 4390 τὴν

465 4399 708 4478 εὐπορίαν
729 4398 882 4474 μόνον
899 4402 999 4456 τῶν
1021 4399 1466 4470 δεδαπανηκότων.
1491 4403 1757 4480 Ἥγοῧμαι
1775 4407 1818 4462 δ’
1841 4405 2007 4483 ἔγωγε

465 4485 644 4544 οὐδένα
681 4485 819 4544 οὕτω
855 4487 1061 4564 μεγάλα
1100 4484 1193 4556 τὴν
1231 4487 1380 4545 πόλιν
1417 4491 1813 4568 εὐηργετηκέναι
1832 4536 1849 4567 ,
1881 4493 2007 4553 ὥστ’

463 4571 717 4649 ἐξαίρετον
753 4571 926 4638 ἀξιοῦν
962 4570 1249 4645 λαμὸάνειν
1273 4573 1427 4652 χάριν
1455 4574 1549 4646 τὴν
1587 4575 1722 4634 κατὰ
1749 4581 1851 4635 τῶν
1878 4602 2008 4658 προ-

465 4658 704 4716 διδόντων
731 4657 1019 4736 τιμωρίαν,
1059 4659 1166 4716 οὖδ’
1196 4658 1356 4723 οὕτως
1391 4661 1624 4735 ἀνόητον,
1649 4663 1780 4721 ὥστε
1808 4667 2002 4742 φιλοτι·

465 4749 670 4819 μεῖσθαι
689 4745 784 4820 μὲν
805 4745 929 4822 πρὸς
952 4744 1045 4816 τὴν
1073 4746 1251 4816 πόλιν,
1277 4745 1442 4827 τούτῳ
1461 4749 1516 4806 δὲ
1538 4753 1742 4828 βοηθεῖν
1773 4750 1827 4816 ὃς
1849 4755 2004 4811 αὐτοῦ

385 4841 438 4880 ⁴0
465 4826 668 4900 πρῶτον
703 4822 796 4890 τὰς
837 4823 1130 4903 φιλοτιμίας
1191 4825 1528 4904 ἦφάνισεν·εἶ
1561 4828 1636 4904 μὴ
1678 4827 1738 4898 νὴ
1781 4831 1880 4888 Δία
1927 4831 2001 4906 μὴ

463 4908 628 4966 ταύτὰ
652 4913 718 4987 τῇ
744 4910 954 4986 πατρίδι
981 4911 1070 4968 καὶ
1095 4911 1290 4977 τούτοις
1313 4914 1426 4970 ἐστὶ
1454 4915 1800 4993 συμφέροντα.

543 5015 638 5057 ιιι.
682 4996 880 5076 Ἐχρῆν
909 4997 1000 5074 μὲν
1030 4989 1146 5078 οὖν,
1174 4989 1217 5056 ὦ
1244 5000 1450 5078 ἄνδρες,
1476 5003 1520 5058 εἰ
1544 5003 1632 5060 καὶ
1665 5003 1781 5082 περὶ
1805 5003 2003 5070 οὐδενὸς

466 5083 623 5141 ἄλλου
646 5082 866 5161 νόμιμόν
885 5087 994 5143 ἐστι
1021 5086 1212 5151 παῖδας
1239 5088 1327 5146 καὶ
1353 5097 1598 5166 γυναῖκας
1633 5093 2001 5198 παρακαθισα-

467 5170 646 5246 μένους
665 5174 863 5240 ἑαυτοῖς
881 5171 995 5239 τοὺς
1015 5173 1260 5241 δικαστὰς
1283 5173 1505 5244 δικάζειν
1521 5219 1536 5246 ,
1561 5175 1675 5233 ἀλλ’
1694 5199 1780 5234 ουν
1805 5198 1863 5252 γε
1883 5175 2001 5255 περὶ

3382 479 3663 558 ‹ms—2³⁴)

2118 592 2438 646 familiaritate
2472 599 2543 646 uti
2574 599 2799 648 audeant.
2869 587 3151 664 Priusquam
3179 605 3304 654 enim
3342 609 3599 658 Leocrates
3620 610 3667 658 id

2116 689 2463 750 committeret,
2486 693 2759 751 qualesnam
2784 698 2939 743 essent
2960 696 3086 744 baud
3106 698 3383 760 constabat3
3405 715 3534 751 nunc
3552 718 3667 754 vero

2116 781 2340 830 omnibus
2358 785 2663 846 perspicuum
2698 787 2828 848 quod
2868 787 3035 837 iisdem
3060 791 3277 842 moribus
3304 793 3477 844 imbuti
3501 800 3669 846 amir-i·

2118 872 2233 921 tiam
2266 887 2379 922 curn
2416 875 2501 924 illo
2536 882 2846 941 conserveut3
2874 895 3025 942 quare
3058 885 3211 933 multo
3244 887 3404 946 potius
3444 902 3532 950 pro
3562 904 3664 940 sese

2116 959 2327 1019 primum
2345 964 2416 1009 est
2436 961 2528 1010 illis
2546 963 2666 1012 ratio
2699 965 2937 1015 reddenda
2964 981 3109 1030 quam
3128 971 3257 1020 bunc
3278 986 3309 1021 a
3332 974 3467 1024 vobis
3500 975 3666 1026 dimit·

2117 1046 2317 1094 tendum
2341 1051 2559 1098 exorent.

2184 1139 2287 1182 136.
2324 1133 2539 1183 Arbitror
2558 1149 2702 1198 porro
2720 1151 2805 1199 ego
2825 1141 2873 1188 et
2891 1143 3075 1202 patrem
3108 1143 3195 1204 ipsi
3215 1145 3312 1194 sato
3346 1161 3433 1196 suo
3470 1152 3665 1212 persuu-

2116 1227 2251 1274 ctum
2268 1255 2329 1267 -
2354 1228 2393 1276 si
2424 1229 2535 1290 quis
2564 1243 2729 1280 sensus
2748 1231 2871 1282 inest
2902 1233 3140 1286 defunctis
3168 1251 3335 1289 earum
3368 1256 3529 1292 rerum
3556 1260 3667 1306 quae

2116 1317 2195 1365 bic
2230 1319 2352 1368 tiunt
2381 1349 2444 1360 —
2478 1323 2695 1371 omnium
2732 1326 3085 1378 severissimum
3122 1330 3223 1380 sore
3252 1333 3493 1398 judicem,
3530 1339 3669 1399 wius

2115 1423 2289 1460 aeream
2327 1414 2579 1476 imaginem
2614 1417 2831 1467 hostibus
2855 1423 3121 1483 expositam
3148 1425 3366 1489 reliquit,
3396 1433 3449 1478 ut
3484 1444 3593 1480 eam
3616 1433 3669 1484 in

2114 1504 2292 1565 templo
2330 1508 2465 1556 Jovis
2499 1511 2767 1560 servatoris
2804 1511 3193 1574 depraedarentur
3228 1524 3666 1588 contumelioseque

2117 1597 2401 1658 tractarent,
2417 1602 2466 1647 et
2484 1613 2627 1661 quam
2644 1601 2745 1663 ipse
2761 1605 2928 1655 statuit
2940 1613 3307 1660 monumentum
3326 1615 3665 1670 moderationis

2114 1701 2215 1737 suae
2234 1725 2247 1750 ,
2273 1690 2399 1739 banc
2422 1691 2503 1740 ille
2531 1693 2895 1754 ignominiosam
2917 1697 3123 1748 reddidit
3145 1720 3157 1749 ε
3186 1702 3297 1752 talis
3320 1705 3447 1754 enim
3470 1707 3557 1756 tilii
3578 1722 3663 1770 pa-

2112 1781 2189 1828 ter
2214 1782 2495 1842 appellatur.
2562 1785 2692 1845 (137)
2726 1791 2863 1836 Hanc
2892 1789 2957 1838 ob
2992 1801 3093 1838 rem
3130 1793 3269 1842 multi
3292 1797 3433 1844 etiam
3457 1811 3661 1850 accesse-

2112 1876 2228 1921 runt
2246 1885 2352 1934 me,
2371 1875 2581 1938 iudices,
2611 1879 2955 1942 interrogantes
2978 1895 3065 1931 cur
3084 1884 3211 1934 istuc
3228 1899 3325 1936 non
3343 1889 3662 1954 inscripserim

2114 1965 2433 2026 accusationi,
2450 1967 2581 2028 quod
2600 1969 2825 2020 nimirum
2848 1973 3109 2034 prodiderit
3126 1976 3379 2038 imaginem
3400 1984 3553 2043 patris
3562 1990 3658 2050 sui,

2112 2057 2160 2106 in
2180 2059 2317 2108 Jovis
2336 2063 2603 2112 servatoris
2620 2063 2819 2113 delubro
2836 2073 3177 2118 consecratam.
3246 2077 3344 2135 Ego
3368 2089 3485 2125 vero
3498 2115 3513 2139 ,
3538 2081 3657 2144 viri,

2113 2150 2243 2200 haud
2284 2152 2556 2214 ignorabam
2591 2156 2683 2204 boc
2704 2157 2931 2207 delictum
2954 2160 3058 2222 ejus
3084 2162 3279 2222 dignum
3304 2170 3519 2220 maximo
3542 2185 3657 2236 sup-

2111 2241 2251 2303 plicio
2264 2277 2279 2302 ,
2298 2243 2380 2292 sed
2404 2257 2497 2292 non
2514 2247 2741 2308 putabam
2762 2251 2983 2312 oportere
2996 2288 3009 2311 ,
3026 2265 3175 2314 quum
3198 2257 3353 2317 ipsum
3376 2261 3657 2321 proditionis

2110 2331 2305 2381 nomine
2318 2333 2501 2395 judicio
2524 2336 2689 2385 sistam
2706 2372 2720 2397 ,
2746 2349 2922 2387 nomen
2954 2341 3088 2390 Jovis
3120 2347 3384 2398 servatoris
3402 2350 3659 2405 inscribere

2109 2427 2415 2476 accusationi.

2176 2525 2279 2570 138.
2316 2521 2554 2584 obstupui
2586 2525 2747 2573 autem
2773 2526 3079 2578 vehementer
3106 2543 3247 2593 super
3272 2533 3359 2596 iis,
3393 2537 3477 2599 qui
3501 2553 3656 2604 neque

2108 2619 2278 2668 genere
2299 2621 2455 2668 neque
2473 2610 2678 2658 anticitia
2699 2612 2791 2660 reis
2812 2615 3054 2675 conjuncti
3072 2621 3211 2678 sunt,
3234 2633 3321 2682 pro
3341 2627 3559 2676 mercede
3574 2644 3655 2678 au·

2108 2697 2207 2742 tem
2232 2695 2457 2744 conducti
2475 2695 2795 2748 defensionem
2818 2714 2984 2762 parare
3007 2703 3158 2753 cuivis
3174 2708 3354 2764 solent,
3377 2710 3416 2759 si
3434 2713 3659 2772 ignoretis

2110 2794 2195 2828 vos
2216 2784 2432 2830 extrema
2454 2795 2565 2843 erga
2588 2783 2713 2845 ipsos
2733 2786 3051 2848 indignatione
3064 2790 3322 2852 justissime
3344 2805 3651 2852 commoveri.

2108 2870 2254 2929 Nam,
2283 2869 2414 2930 quod
2442 2883 2528 2932 pro
2563 2873 2818 2922 sceleribus
2838 2875 3157 2926 defensionem
3194 2881 3479 2948 instituunt,
3513 2901 3651 2952 argu·

2108 2959 2323 3003 mentum
2341 2959 2438 3016 oet,
2466 2957 2593 3018 quod
2618 2961 2669 3006 et
2683 2962 3061 3022 perpetratorum
3084 2967 3319 3016 scelerum
3342 2971 3409 3020 illi
3432 2971 3521 3036 ipsi
3540 2979 3653 3026 socii

2106 3054 2207 3090 esse
2229 3042 2398 3090 velint.
2472 3047 2575 3092 Non
2601 3046 2729 3093 enim
2752 3049 2918 3096 contra
2940 3061 3025 3098 vos
3042 3053 3147 3100 arte
3181 3053 3367 3105 dicendi
3394 3061 3465 3108 uti
3490 3061 3650 3125 decet,

2104 3128 2189 3177 sed
2221 3141 2305 3190 pro
2324 3129 2459 3180 vobis
2478 3134 2525 3179 et
2542 3130 2723 3192 legibus
2740 3137 2789 3182 et
2804 3137 2931 3184 statu
2954 3135 3153 3198 reipubl.
3176 3142 3408 3202 populari.

2172 3222 2273 3265 139.
2308 3219 2369 3264 At
2388 3230 2501 3265 vero
2524 3217 2741 3268 nonnulli
2776 3233 2871 3268 non
2908 3225 3178 3274 orationum
3214 3229 3427 3280 artificiis
3462 3247 3551 3284 vos
3570 3238 3647 3286 de·

2105 3291 2259 3353 cipere
2272 3296 2515 3354 quaerunt,
2535 3294 2615 3342 sed
2630 3294 2695 3342 ob
2702 3301 2977 3358 sumptuosa
2992 3313 3204 3361 munera,
3220 3317 3331 3366 quae
3346 3308 3391 3356 in
3410 3313 3653 3373 republica

2104 3368 2363 3429 ediderint,
2392 3383 2497 3419 reos
2518 3375 2568 3418 in
2586 3371 2795 3432 ipsorum
2818 3375 3026 3434 gratiam
3049 3377 3225 3428 dimitti
3238 3384 3407 3434 volunt
3426 3405 3439 3434 :
3462 3389 3526 3436 ob
3542 3403 3649 3451 quae

2104 3445 2195 3494 illis
2213 3458 2298 3506 ego
2314 3446 2571 3506 plurimum
2587 3460 2859 3498 succ-ensem
2886 3453 3007 3500 Nam
3028 3467 3179 3514 quum
3195 3470 3361 3508 eorum
3379 3463 3650 3516 officiorum

2104 3527 2313 3576 fructum
2349 3529 2571 3589 privatim
2606 3528 2807 3579 domum
2849 3533 3125 3597 retulerint,
3162 3537 3377 3598 publicas
3410 3549 3586 3605 gratias
3618 3565 3649 3599 a

2102 3611 2236 3659 vobis
2256 3614 2522 3674 reposcunt.
2587 3615 2689 3661 Non
2712 3613 2866 3676 enim,
2895 3615 2934 3663 si
2955 3616 3063 3678 quis
3098 3631 3246 3680 equos
3272 3623 3390 3672 aluit
3421 3633 3507 3676 aut
3522 3644 3645 3680 sum-

2102 3693 2238 3748 ptum
2267 3689 2375 3736 fecit
2396 3689 2442 3736 iu
2460 3688 2599 3738 ludos
2619 3689 2831 3739 scenicos
2852 3693 3079 3752 praeclare
3099 3699 3181 3743 aut
3209 3696 3257 3745 in
3284 3699 3374 3748 alia
3394 3715 3490 3752 non
3508 3706 3647 3756 dissi-

2102 3765 2231 3813 milia
2250 3766 2506 3826 quicquam
2538 3765 2799 3828 impendit,
2821 3767 2990 3828 dignus
3006 3773 3077 3818 est
3096 3772 3181 3820 tali
3204 3777 3431 3838 tantaque
3452 3793 3480 3828 a
3514 3784 3651 3834 vobis

2100 3847 2250 3908 gralia
2288 3847 2448 3896 ornari
2480 3875 2542 3883 -
2578 3849 2640 3896 ob
2680 3849 2909 3908 eiusmodi
2956 3853 3083 3902 enim
3118 3857 3373 3907 ministeria
3402 3875 3491 3911 sua
3519 3867 3647 3916 solus

2101 3925 2199 3986 ipse
2226 3928 2500 3985 coronatur,
2516 3925 2619 3973 aliis
2636 3925 2755 3974 nibil
2779 3929 3086 3978 commodans
3112 3958 3185 3992 -‚
3206 3933 3287 3981 sed
3301 3971 3317 3994 ,
3336 3937 3373 3984 si
3396 3939 3645 4002 quisquam

2100 4001 2364 4050 triremium
2388 4001 2721 4063 praetenturam
2740 4003 2983 4065 splendide
3004 4005 3351 4060 administravit
3368 4017 3455 4062 aut
3471 4021 3648 4069 moenia

2100 4085 2265 4146 pan-im
2288 4084 2497 4132 firmavit
2518 4085 2669 4134 autin
2688 4087 2927 4148 publicam
2954 4088 3157 4138 salutem
3174 4103 3203 4137 a
3224 4094 3320 4142 suis
3340 4095 3647 4150 facultatibus

2099 4165 2353 4224 quicquam
2380 4162 2637 4212 liberaliter
2648 4165 2851 4213 contulit
2868 4185 2880 4214 :
2899 4166 3027 4226 (1⁴0)
3048 4167 3153 4216 baec
3172 4171 3367 4221 enimin
3390 4187 3647 4229 commune

2099 4241 2243 4290 vestri
2268 4240 2483 4288 omnium
2508 4241 2885 4292 emolumentum
2904 4249 3131 4306 vergunt,
3160 4251 3304 4309 atque
3322 4251 3369 4298 in
3390 4254 3462 4302 bis
3484 4256 3647 4308 videre

2098 4321 2169 4367 est
2189 4317 2415 4364 virtutem
2438 4319 2607 4364 eorum
2626 4318 2708 4378 qui
2724 4318 3073 4380 impertierunt,
3094 4322 3141 4370 in
3162 4323 3253 4374 illis
3274 4330 3437 4378 autem
3456 4336 3645 4394 copiam

2096 4392 2431 4443 tantummodo
2446 4393 2603 4454 quain
2626 4395 2851 4444 faciendis
2867 4397 3135 4458 sumptibus
3153 4401 3489 4454 exuberarunt.
3556 4417 3645 4460 Ar-

2096 4474 2246 4521 bitror
2271 4471 2433 4520 autem
2452 4473 2690 4521 neminem
2714 4473 2835 4522 adeo
2871 4475 3043 4536 ingenti
3073 4475 3301 4528 beneficio
3328 4484 3495 4536 urbem
3522 4492 3643 4541 affe-

2095 4551 2240 4608 cisse,
2270 4550 2325 4596 nt
2356 4548 2481 4596 bane
2507 4549 2732 4598 eximiam
2761 4553 2891 4611 petat
2917 4555 3130 4613 accipere
3167 4557 3369 4615 gratiam
3408 4573 3435 4609 a
3476 4567 3642 4628 vobis,

2094 4626 2274 4676 scilicet
2292 4623 2501 4686 ritpoena
2524 4625 2845 4686 proditoribus
2864 4629 3151 4690 remittatur,
3180 4645 3337 4693 neque
3365 4649 3641 4702 quenquam

2096 4702 2215 4751 adeo
2232 4713 2332 4750 esse
2346 4699 2615 4750 dementem
2632 4705 2687 4750 ut
2704 4703 2902 4762 gloriam
2918 4705 3050 4754 urbis
3066 4707 3262 4768 ambiat,
3274 4709 3513 4776 simulque
3532 4718 3633 4768 bui«

2094 4793 2233 4842 opem
2258 4779 2375 4828 terat
2395 4778 2479 4840 qui
2501 4780 2645 4840 ipsius
2662 4782 2871 4841 primum
2888 4782 3123 4832 celebrem
3142 4785 3452 4838 ambitionem
3476 4796 3525 4842 et
3542 4797 3619 4856 gio

2094 4859 2211 4906 riam
2236 4857 2510 4905 obscuravit
2538 4877 2549 4904 :
2580 4858 2671 4905 nisi
2708 4859 2896 4908 medius
2922 4859 3063 4909 lidius
3086 4873 3185 4910 non
3206 4863 3373 4914 eadem
3404 4871 3453 4916 et
3472 4875 3641 4932 patriae

2093 4940 2139 4985 et
2154 4935 2283 4983 bisce
2304 4935 2400 4983 sint
2428 4936 2582 4983 utilia.

2159 5016 2264 5063 141.
2296 5011 2558 5073 Oportebat
2581 5012 2769 5074 itaque,
2790 5012 2908 5075 viri,
2928 5014 3115 5064 tametsi
3141 5015 3191 5064 in
3209 5018 3343 5067 nulla
3373 5021 3468 5071 alia
3498 5039 3641 5080 eausa
3728 5088 3733 5094 .

2090 5101 2195 5162 lege
2210 5098 2445 5148 sancitum
2484 5099 2548 5147 sit
2568 5099 2740 5147 liberos
2762 5101 2812 5148 et
2834 5114 3011 5150 uxores
3028 5101 3155 5163 apud
3177 5116 3279 5153 sese
3300 5111 3641 5174 constituentes

2087 5186 2271 5248 judices
2288 5186 2415 5250 ipsos
2428 5186 2493 5234 ita
2506 5185 2789 5236 sententiam
2806 5187 2927 5238 serre
2942 5224 2957 5248 ,
2973 5188 3035 5238 de
3048 5189 3313 5250 proditione
3332 5196 3493 5247 tamen
3504 5201 3632 5261 judi.
