3825 5834
545 450 621 502 96

1264 643 1348 704 111

902 815 1112 873 ΚΑΤΑ
1157 811 1741 873 ΚΤΗΣΙΦΩΝΤθΣ.

1163 995 1244 1044 ΥΠ
1251 995 1491 1044 ΟΘΕΣΙΣ.

548 1141 797 1200 Κτησιφῶν
826 1137 997 1200 ἔγραψε
1032 1137 1252 1198 ψήφισμα
1285 1141 1583 1196 στεφανῶσαι
1618 1135 1920 1195 Δημοσθένην
1949 1139 2108 1198 Δημο-

609 1211 795 1265 σθένους
818 1209 1043 1258 Παιανιέα
1061 1211 1223 1270 χρυσῷ
1236 1205 1447 1268 στεφάνῳ
1470 1207 1550 1254 καὶ
1572 1205 1879 1268 ἀναγορεῦσαι
1902 1208 1983 1256 τὸν
2003 1210 2108 1258 στέ-

607 1295 751 1342 φανον
771 1281 819 1327 ἐν
842 1283 909 1340 τῷ
932 1278 1107 1340 θεάτρῳ
1136 1276 1395 1330 Διονυσίοις
1430 1277 1699 1338 τραγῳδῶν,
1726 1277 1795 1325 ὅτι
1824 1277 2022 1328 διατελεῖ
2050 1280 2109 1328 τὰ

613 1351 786 1412 ἄριστα
815 1351 894 1397 καὶ
932 1349 1079 1410 λέγων
1102 1349 1182 1394 καὶ
1210 1346 1425 1409 πράττων
1456 1351 1524 1408 τῷ
1553 1347 1687 1408 δήμῳ
1719 1352 1812 1395 τῶν
1840 1347 2108 1406 Ἀθηναίων.

604 1423 761 1470 Τοῦτο
779 1421 833 1469 τὸ
851 1419 1069 1481 ψήφισμα
1087 1417 1319 1480 ἐγράψατο
1345 1415 1563 1478 Αἰσχίνης
1576 1417 1876 1478 παρανόμων,
1901 1419 1981 1465 καὶ
2010 1419 2109 1466 εἷσ-

608 1491 713 1551 άγει
772 1489 1003 1551 κεφάλαια
1020 1488 1184 1548 γενικὰ
1202 1487 1307 1549 τρία
1320 1521 1333 1544 ,
1360 1487 1407 1535 ἓν
1428 1489 1509 1548 μὲν
1530 1487 1600 1535 ὅτι
1620 1487 1875 1536 ὑπεύθυνον
1898 1488 2012 1536 ὄντα
2030 1491 2108 1538 τὸν

608 1560 913 1622 Δημοσθένην
938 1557 1231 1619 ἐστεφάνωσε
1266 1561 1351 1604 τοῦ
1382 1555 1527 1618 νόμου
1555 1557 1818 1612 κελεύοντος
1848 1559 1915 1620 μὴ
1947 1559 2109 1614 ἐξεῖναι

612 1631 865 1679 ὑπεύθυνον
884 1629 1090 1692 ἄρχοντα
1113 1631 1387 1688 στεφανοῦν,
1406 1629 1507 1690 περὶ
1523 1628 1685 1684 ούσίας
1702 1645 1713 1656 ·
1733 1629 1944 1690 δεύτερον
1967 1631 2014 1678 δὲ
2041 1631 2110 1678 ὅτι

612 1701 661 1750 ἐν
694 1705 761 1762 τῷ
793 1699 968 1760 θεάτρῳ
994 1698 1237 1760 ἀνεκήρυξε
1263 1699 1342 1746 τὸν
1370 1699 1593 1759 στέφανον
1617 1699 1988 1761 ἀπαγορεύοντος
2019 1705 2104 1750 τοῦ

612 1771 759 1833 νόμου
791 1771 969 1832 ’μηδένα
997 1774 1251 1828 στεφανοῦν
1273 1769 1319 1816 ἐν
1352 1772 1420 1829 τῷ
1458 1767 1634 1831 θεάτρῳ
1653 1804 1667 1830 ,
1699 1771 1801 1830 περὶ
1831 1770 2078 1827 ποιότητος
2095 1788 2106 1802 ·

612 1841 765 1904 τρίτον
788 1841 868 1888 καί
886 1839 1169 1898 τελευταῖον,
1194 1839 1269 1886 ὁτι
1292 1838 1445 1885 καὶτὰ
1464 1840 1609 1898 ψευδῆ
1630 1839 1829 1900 ἔγραψεν
1856 1839 1905 1887 ἐν
1932 1845 2002 1901 τῷ
2024 1843 2112 1902 ψη-

610 1911 809 1974 φίσματι
823 1923 836 1935 ·
867 1909 953 1960 οὐκ
971 1909 1085 1957 εἶναι
1104 1909 1194 1971 γὰρ
1216 1908 1359 1956 καλὸν
1387 1908 1468 1955 καὶ
1492 1907 1664 1968 ἀγαθὸν
1690 1910 1769 1957 τὸν
1790 1911 2110 1971 Δημοσθένην,

610 1983 723 2032 οὐδὲ
750 1983 875 2038 ἄξιον
896 1985 981 2028 τοῦ
1000 1978 1247 2041 στεφάνου.
1276 1979 1367 2026 Καὶ
1394 1982 1533 2026 τοῦτο
1552 1979 1619 2033 εἰς
1638 1979 1691 2027 τὸ
1714 1979 1983 2040 παράνομον
2003 1981 2111 2028 ἀνα·

618 2053 771 2113 κτέον,
794 2052 951 2108 ἐπειδὴ
967 2051 1045 2098 καὶ
1064 2049 1204 2112 νόμος
1222 2049 1347 2097 ἐστὶν
1367 2049 1393 2096 δ
1416 2047 1613 2096 κωλύων
1626 2050 1685 2096 τὰ
1702 2050 1847 2110 ψευδῆ
1862 2050 2046 2113 γράφειν
2067 2051 2112 2098 ἐν

612 2129 710 2179 τοῖς
741 2122 1063 2184 ψηφίσμασιν·
1096 2119 1193 2168 lou
1232 2119 1281 2166 δὲ
1313 2119 1417 2180 περὶ
1442 2117 1705 2175 ποιότητος.
1770 2117 2032 2181 Ὑποφορὰς
2065 2121 2112 2168 δὲ

614 2192 841 2256 λαμὸάνει
864 2196 982 2252 τρεῖς
994 2206 1004 2215 ·
1026 2190 1143 2253 πρὸς
1158 2189 1241 2250 μὲν
1256 2190 1311 2238 τὸ
1328 2191 1513 2249 πρῶτον
1534 2189 1708 2244 δισσῶς
1728 2189 1934 2252 ἐροῦντος
1954 2192 2113 2252 Δημο-

610 2265 803 2317 σθένους
818 2297 833 2322 ,
861 2262 932 2308 ὅτι
952 2259 1035 2308 οὐκ
1069 2275 1129 2318 ην
1151 2259 1309 2322 ἅρχων
1337 2258 1443 2306 οὐδὲ
1478 2258 1604 2307 ἔστιν
1626 2259 1749 2321 ἁρχὴ
1766 2261 1797 2316 ἠ
1824 2264 1918 2308 τῶν
1946 2265 2114 2322 τειχῶν

611 2335 841 2394 οἰκοδομὴ
860 2331 977 2380 ἀλλὰ
998 2329 1211 2380 διακονία
1236 2346 1305 2385 τις
1324 2331 1403 2378 καὶ
1429 2329 1693 2391 ἐπιμέλεια,
1718 2331 1757 2378 εἰ
1782 2330 1831 2378 δὲ
1854 2331 1933 2378 καί
1959 2330 2080 2394 ἀρχή
2097 2367 2112 2390 ,

614 2411 684 2468 τῷ
701 2420 755 2464 γε
771 2401 1102 2451 ἐπιδεδωκέναι
1125 2400 1179 2448 ἐκ
1195 2405 1288 2447 τῶν
1304 2399 1435 2448 ἰδίων
1461 2401 1539 2448 καὶ
1562 2400 1701 2462 μηδὲν
1718 2401 1948 2462 εἰληφέναι
1969 2401 2022 2450 ἐκ
2034 2407 2114 2460 τῆς

614 2475 796 2528 πόλεως
815 2473 902 2520 οὐκ
924 2471 983 2530 ἦν
1012 2471 1285 2530 ὑπεύθυνος,
1328 2471 1430 2533 περὶ
1450 2469 1699 2527 ποιότητος
1720 2471 1957 2533 ἀμφότερα
1971 2487 1981 2498 ·
2002 2473 2114 2534 πρὸς

612 2546 669 2594 δὲ
702 2548 841 2592 τοῦτο
868 2545 895 2592 ό
928 2541 1151 2604 Αἰσχίνης
1192 2539 1371 2598 εἰσάγει
1410 2541 1723 2603 στοχαστικὸν
1754 2541 2023 2603 κεφάλαιον,
2061 2543 2116 2591 οὐ

614 2617 775 2677 μέντοι
800 2612 1136 2667 κατασκευάζει
1158 2625 1169 2636 ·
1196 2611 1237 2658 εἰ
1252 2611 1301 2658 δὲ
1323 2612 1387 2672 μὴ
1408 2609 1516 2673 παρ’
1539 2613 1706 2658 ἑαυτοῦ
1738 2611 1986 2668 ἐπέδωκεν,
2009 2613 2116 2662 ἀλλ’

620 2685 719 2747 εἶχε
742 2684 867 2746 παρὰ
885 2689 965 2740 τῆς
984 2683 1150 2744 βουλῆς
1165 2683 1227 2736 εἰς
1242 2685 1379 2728 τοῦτο
1412 2681 1525 2728 δέκα
1535 2681 1739 2729 τάλαντα
1753 2717 1767 2737 ,
1802 2683 1902 2744 περὶ
1932 2681 2112 2740 οὐσίας.

620 2757 745 2816 ΙΙρὸς
773 2755 823 2802 δὲ
847 2755 901 2803 τὸ
938 2753 1149 2815 δεύτερον
1169 2750 1419 2808 κεφάλαιον
1443 2752 1767 2812 παρεχομένου
1796 2753 2117 2814 Δημοσθένους

618 2825 765 2886 νόμον
808 2824 979 2885 ἕτερον,
1010 2820 1261 2870 κελεύοντα
1298 2819 1630 2882 ἀνακηρύττειν
1670 2822 1715 2870 ἐν
1750 2827 1818 2883 τῷ
1850 2821 2028 2885 θεάτρῳ
2060 2826 2116 2873 ἂν

621 2895 880 2958 ψηφίσηται
906 2895 932 2942 ὀ
956 2895 1101 2954 δῆμος
1115 2927 1129 2951 ,
1146 2890 1367 2954 Αἰσχίνης
1386 2891 1441 2938 οὗ
1463 2893 1565 2954 περὶ
1590 2897 1683 2939 τῶν
1705 2893 1958 2942 πολιτικῶν
1979 2895 2116 2944 αὐτὸν

622 2965 739 3014 εἶναί
764 2981 903 3026 φησιν
925 2963 1042 3011 ἀλλὰ
1069 2963 1172 3024 περὶ
1193 2967 1287 3009 τῶν
1312 2961 1501 3015 ξενικῶν
1530 2962 1783 3020 στεφάνων,
1811 2965 1913 3025 περὶ
1937 2964 2115 3021 οὐσία.

622 3037 747 3100 Πρὸς
771 3035 821 3084 δὲ
842 3035 897 3083 τὸ
915 3035 1069 3097 τρίτον
1090 3032 1238 3081 πολλὰ
1261 3032 1383 3080 κατὰ
1408 3033 1560 3095 μέρος.
1597 3033 1759 3081 Οἷεται
1778 3033 1825 3081 δὲ
1848 3035 1929 3082 τὸν
1957 3037 2117 3097 Δημο-

620 3107 787 3163 σθένην
806 3107 871 3162 εἰς
886 3104 1115 3167 τέσσαρας
1134 3103 1322 3164 καιροὺς
1346 3102 1616 3163 διῃρηκέναι
1639 3103 1723 3158 τήν
1748 3102 2028 3164 ἀπολογίαν,
2059 3107 2120 3154 τὰ

621 3176 877 3240 πράγματα
892 3175 996 3222 καθ’
1023 3175 1202 3222 ἕκαστα
1220 3173 1287 3227 εἰς
1309 3171 1500 3226 τούτους
1525 3170 1792 3234 μερίσαντα.
1818 3173 2012 3234 Πρῶτον
2037 3175 2120 3236 μὶν

624 3247 707 3296 οὗν
730 3262 869 3310 φησιν
897 3243 1014 3293 εἶναι
1052 3244 1214 3305 καιρὸν
1240 3245 1326 3290 τοῦ
1348 3241 1557 3303 πολέμου
1579 3244 1662 3288 τοῦ
1692 3241 1877 3303 πρώτου
1896 3247 1981 3290 τοῦ
2008 3246 2122 3306 πρὸς

624 3319 865 3368 Φίλιππον
878 3316 987 3378 περὶ
1004 3313 1317 3375 Ἀμφιπόλεως
1336 3313 1586 3374 γενομένου
1603 3347 1617 3371 ,
1640 3311 1848 3374 δεύτερον
1872 3313 1922 3362 δὲ
1943 3314 2023 3362 τὸν
2041 3321 2120 3374 τῆς

625 3390 831 3452 εἰρήνης,
846 3386 1147 3449 τρίτονδὲτὸν
1158 3388 1241 3433 τοῦ
1258 3383 1466 3443 πολέμου
1488 3387 1569 3431 τοῦ
1594 3383 1807 3445 δευτέρου
1830 3385 1909 3431 καὶ
1929 3389 2009 3442 τῆς
2023 3388 2120 3448 περὶ

622 3459 913 3521 Χαιρώνειαν
927 3457 1067 3513 ἥττης
1081 3490 1095 3516 ,
1117 3457 1333 3516 τέταρτον
1352 3453 1400 3501 δὲ
1414 3453 1493 3500 τὸν
1511 3453 1717 3514 παρόντα
1734 3453 1895 3515 καιρὸν
1916 3456 1997 3502 τὸν
2021 3457 2124 3519 περὶ

621 3535 717 3580 τῶν
731 3527 1134 3591 πρὸςἏλέξανδρον
1146 3522 1595 3585 πολιτευμάτων.Ἐν
1606 3523 1688 3585 μὶν
1698 3521 1779 3570 οὖν
1786 3529 1855 3586 τῷ
1867 3525 2040 3588 πρώτῳ
2051 3527 2123 3574 αἰ·

620 3618 720 3650 τιον
739 3599 878 3649 αὐτόν
902 3615 1013 3662 φησι
1036 3596 1273 3659 γεγονέναι
1296 3599 1375 3652 τῆς
1404 3593 1584 3655 εἰρήνης
1602 3629 1616 3652 ,
1636 3595 1833 3655 αἰσχρᾶς
1870 3595 2014 3651 οὔσης
2039 3597 2120 3644 καί

624 3672 791 3727 ἀδόξου
803 3707 817 3733 ,
842 3671 922 3719 καὶ
940 3673 1023 3717 τοῦ
1036 3669 1101 3730 μὴ
1126 3668 1245 3730 μετὰ
1258 3667 1419 3714 κοινοῦ
1428 3668 1520 3711 τῶν
1538 3663 1771 3720 Ἑλλήνων
1782 3665 2021 3728 συνεδρίου
2039 3667 2122 3724 τὴν

623 3743 757 3792 πόλιν
774 3742 919 3798 αὐτὴν
935 3739 1217 3796 πεποιῆσθαι
1231 3748 1244 3761 ·
1266 3737 1313 3785 ἐν
1337 3736 1387 3784 δὲ
1400 3739 1469 3796 τῷ
1482 3734 1679 3797 δευτέρῳ
1696 3769 1710 3791 ,
1736 3733 1805 3782 ὅτι
1826 3735 1903 3783 τὸν
1924 3735 2126 3798 πόλεμον

622 3816 705 3862 τὸν
732 3815 847 3875 πρὸς
870 3812 1107 3860 Φίλιππον
1138 3809 1275 3864 αὐτὸς
1300 3807 1649 3870 παρεσκεύασεν
1668 3819 1679 3828 ·
1716 3805 1763 3853 ἐν
1787 3805 1836 3854 δὲ
1857 3811 1929 3867 τῷ
1955 3808 2124 3870 τρίτῳ,

626 3885 699 3931 ὅτι
725 3889 809 3931 τοῦ
841 3884 965 3944 ἰεροῦ
997 3881 1205 3940 πολέμου
1243 3878 1323 3926 καί
1355 3881 1450 3924 τῶν
1480 3877 1583 3938 περὶ
1615 3877 1815 3932 Φωκέας
1846 3877 2125 3938 συμὸάντων

626 3954 771 4007 αἰτιος
803 3953 985 4013 ἐγένετο
1000 3987 1013 4008 ,
1047 3950 1127 3998 καὶ
1158 3953 1239 4006 τῆς
1273 3949 1412 4004 ἣττης
1444 3952 1525 4004 τῆς
1552 3948 1599 3995 ἐν
1636 3947 1926 4010 Χαιρωνείᾳ,
1961 3947 2126 4004 πείσας

628 4024 745 4086 μετὰ
764 4023 987 4080 Θηὸαίων
1008 4019 1262 4082 ἀραμένους
1275 4019 1355 4066 τὸν
1372 4015 1575 4079 πόλεμον
1596 4018 1709 4080 πρὸς
1728 4016 1962 4066 Φίλιππον
1981 4035 2126 4081 παρα·

625 4094 874 4150 τάξασθαι·
898 4093 944 4140 ἐν
972 4092 1021 4139 δὲ
1043 4095 1111 4152 τῷ
1136 4088 1383 4150 τελευταίῳ
1398 4125 1412 4148 ,
1446 4089 1517 4136 ὅτι
1540 4089 1662 4136 κατὰ
1685 4089 1763 4136 τὸν
1794 4089 1906 4150 πρὸς
1927 4089 2126 4145 Ἀλέξαν-

628 4167 733 4228 δρον
763 4163 852 4212 οὐκ
874 4162 1221 4211 ἐπολιτεύσατο.
1254 4160 1386 4208 Μετὰ
1409 4163 1559 4207 ταῦτα
1590 4160 1670 4206 καὶ
1698 4163 1783 4207 τοῦ
1818 4158 1925 4221 βίου
1959 4161 2126 4216 παντὸς

629 4239 715 4284 τοῦ
747 4234 1069 4296 Δημοσθένους
1102 4235 1373 4292 κατηγορεῖ,
1396 4231 1477 4277 καί
1512 4229 1568 4287 δὴ
1600 4231 1681 4277 καὶ
1720 4231 2048 4291 Κτησιφῶντος
2080 4231 2128 4278 ἑν

628 4307 802 4368 ὀλίγοις
817 4341 831 4366 ,
857 4305 907 4353 ἐν
942 4303 1012 4358 οἷς
1040 4303 1162 4358 ἀξιοῖ
1191 4301 1331 4350 αὐτὸν
1362 4299 1479 4362 ὑπὲρ
1505 4301 1673 4348 ἑαυτοῦ
1703 4300 1783 4347 τὸν
1818 4302 2129 4359 Κτησιφῶντα

630 4376 978 4438 ἀπολογεῖσθαι.
1009 4375 1079 4423 Τά
1103 4375 1185 4436 μὲν
1203 4373 1285 4422 οὗν
1308 4371 1537 4434 κεφάλαια
1557 4370 1689 4420 ταῦτ’
1713 4369 1859 4419 ἐστίν.
1882 4370 2048 4419 Ἐνίκα
2077 4373 2129 4421 δὲ

627 4451 707 4500 τὸν
731 4448 892 4508 ἀγῶνα
916 4445 1228 4506 Δημοσθένης.

571 4519 837 4582 Μέμφονται
877 4517 1031 4580 μέντοι
1058 4516 1174 4571 τινὲς
1204 4515 1283 4564 τὸν
1322 4513 1547 4576 Αἰσχίνην
1583 4511 1654 4560 ὅτι
1682 4510 1767 4559 οὐκ
1792 4511 2063 4576 ἐνδιέτριψεν
2081 4513 2128 4562 έν

638 4596 697 4654 τῷ
715 4587 974 4652 παρανόμῳ
987 4623 1002 4647 ,
1024 4586 1141 4634 ἀλλὰ
1154 4589 1334 4643 καὶτῆς
1351 4583 1587 4638 πολιτείας
1608 4585 1858 4644 κατηγορεῖ
1872 4587 1957 4630 τοῦ
1975 4587 2130 4646 Δημο·

632 4662 817 4715 σθένους
833 4695 846 4718 ,
861 4659 1017 4712 καλῶς
1038 4657 1428 4718 πεπολιτευμένου
1449 4657 1533 4703 τοῦ
1553 4651 1728 4713 ἀνδρός.
1767 4653 1913 4708 Αὐτὸς
1933 4653 1980 4701 δὲ
1995 4655 2128 4702 τούν-

630 4730 785 4780 αντίον
810 4729 962 4790 τούτῳ
994 4727 1197 4790 μάλιστα
1226 4725 1537 4788 ἰσχυρίζεται,
1552 4720 1715 4782 ’λέγων
1742 4723 1891 4778 οὕτως
1905 4759 1920 4782 ,
1960 4741 1984 4766 «ι
2029 4723 2128 4773 ἔστι

630 4801 669 4850 δ’
679 4800 931 4849 ὑπόλοιπον
949 4799 1173 4862 μέροςτῆς
1187 4795 1467 4860 κατηγορίας
1485 4794 1553 4856 ἐφ’
1574 4793 1615 4856 ᾧ
1633 4793 1837 4854 μάλιστα
1851 4793 2099 4850 σπουδάζω
2115 4808 2126 4818 ·

630 4875 767 4919 τοῦτο
790 4869 830 4917 δ’
848 4869 973 4918 ἐστὶν
992 4870 1022 4925 ἡ
1041 4866 1268 4930 πρόφασις
1282 4865 1341 4913 δι’
1362 4865 1417 4922 ἢν
1433 4863 1573 4912 αὐτὸν
1590 4863 1711 4919 ἀξιοῖ
1723 4864 2078 4924 στεφανοῦσθαι.
2104 4884 2127 4907 υ

634 4941 830 4997 Μήποτε
860 4939 912 4988 δὲ
935 4939 1103 5002 ἄριστα
1131 4941 1273 4985 τοῦτο
1306 4933 1495 4998 ἔπραξεν
1509 4947 1520 4958 ·
1560 4933 1719 4992 ἐπειδὴ
1744 4933 1833 4996 γὰρ
1862 4934 1962 4996 εἶχε
1994 4933 2129 4990 δόξαν

634 5009 834 5073 μεγάλην
858 5010 986 5071 παρὰ
1016 5011 1135 5056 πᾶσι
1162 5009 1242 5054 καὶ
1279 5005 1513 5068 ὑπόληψιν
1537 5005 1563 5052 δ
1595 5003 1893 5066 Δημοσθένης
1919 5005 1983 5059 ὡς
2015 5003 2129 5066 λαμ·

632 5080 844 5143 τρότατα
875 5077 1259 5139 πεπολιτευμένος
1272 5113 1286 5134 ,
1308 5073 1497 5129 εἰκότως
1517 5073 1645 5135 ᾠήθη
1664 5073 1867 5136 ψυχροὺς
1886 5075 1968 5122 καὶ
1995 5073 2127 5123 οὐδε·

632 5151 709 5206 νὸς
729 5148 883 5205 ἀξίους
916 5148 1201 5210 φανήσεσθαι
1231 5145 1339 5200 τοῖος
1366 5145 1468 5207 περὶ
1498 5148 1593 5192 τῶν
1619 5143 1901 5206 παρανόμων
1935 5143 2098 5204 λόγους
2112 5179 2126 5204 ,

634 5221 674 5268 εἰ
686 5222 749 5283 μή
765 5219 917 5280 δόξαν,
944 5219 1100 5274 αὐτοῖς
1119 5217 1212 5280 έμπ
1223 5215 1373 5274 οιὴσει
1393 5216 1476 5274 τὴν
1498 5215 1727 5276 ἐναντίαν,
1743 5217 1805 5271 ὡς
1824 5214 1913 5278 ἄρα
1934 5215 1960 5263 ὁ
1979 5219 2131 5278 Δημο·

1545 441 1911 502 ΑἰΣΧίΝΟΥ
1952 441 2003 499 Ο
2045 439 2248 498 ΚΑἸἍ
2297 441 2868 504 ΚΤΗΣΙΦΩΝΤΟΣ.

2219 4515 2468 4560 AEschinem
2487 4510 2668 4566 quidem
2694 4510 2882 4566 culpant
2911 4508 3137 4559 nonnulli,
3171 4506 3292 4562 quoti
3329 4507 3510 4550 crimini
3537 4507 3593 4551 de
3624 4503 3760 4560 decri-2

3419 445 3732 522 (us-m)

2923 645 3020 698 111.

2495 818 2799 880 CONTRA
2845 818 3453 880 CTEsiPHONTEM.

2753 1013 2919 1054 Alton
2929 1013 3209 1056 MENTUH·

2201 1151 2372 1195 Scitum
2391 1149 2497 1195 lecit
2525 1153 2779 1209 Ctesiphon,
2809 1157 2860 1200 ιιι
2888 1155 3204 1200 Demosthenes
3238 1157 3550 1204 Demosthenis
3579 1157 3609 1202 l.
3637 1162 3744 1204 Pn-

2255 1225 2420 1269 niensis
2451 1236 2619 1271 corona
2635 1237 2768 1272 aurea
2785 1229 3047 1281 donaretur,
3068 1241 3206 1286 eaque
3224 1229 3408 1276 donatio
3431 1233 3480 1277 ln
3499 1233 3666 1278 theatro
3680 1246 3744 1290 pa-

2257 1299 2341 1344 lam
2365 1299 2494 1346 tieret
2509 1301 2668 1346 diebus
2685 1303 3024 1348 Bacchanalium
3053 1305 3288 1360 tragoedis,
3309 1310 3548 1363 propterea
3567 1308 3678 1362 quod
3701 1319 3745 1353 ea

2255 1386 2356 1430 quae
2376 1388 2402 1422 e
2421 1387 2471 1420 re
2488 1382 2632 1422 essem
2649 1379 2803 1434 popuii
2831 1378 3114 1424 Atheniensis
3131 1383 3178 1424 et
3196 1380 3343 1425 dicere
3359 1385 3406 1425 et
3433 1380 3582 1426 tacere
3593 1393 3745 1438 seinper

2255 1450 2515 1506 perstiterit.
2571 1453 2742 1496 scitum
2761 1451 2874 1498 iliud
2905 1453 3134 1498 AEschines
3149 1459 3202 1499 ιιι
3217 1459 3380 1500 contra
3397 1455 3520 1511 teges
3535 1455 3691 1502 facium
3705 1459 3744 1502 in

2253 1519 2475 1572 judicium
2495 1521 2684 1576 vocavit,
2708 1525 2754 1566 et
2775 1522 2857 1566 tria
2881 1523 3178 1568 acciuationis
3205 1524 3350 1578 capita
3369 1536 3547 1568 sununa
3575 1524 3743 1581 profert.

2257 1602 2415 1644 unum,
2450 1592 2568 1648 qnod
2601 1595 2944 1639 Demosthenem
2979 1596 3227 1641 rationibus
3261 1597 3469 1642 nondum
3509 1600 3650 1644 relatis
3681 1611 3746 1643 co-

2259 1671 2368 1703 rona
2389 1659 2652 1706 donandum
2674 1661 2954 1718 decreverit,
2991 1676 3132 1719 quum
3165 1665 3258 1718 iege
3278 1671 3464 1710 cautum
3493 1667 3550 1710 sit
3585 1679 3640 1711 ne
3665 1669 3746 1722 quis

2257 1727 2540 1781 magistratus
2568 1739 2736 1773 corona
2765 1731 3016 1776 donaretur
3041 1734 3298 1788 priusquam
3317 1735 3516 1778 rationes
3535 1735 3746 1788 retuliwt„

2255 1799 2304 1840 et
2321 1795 2407 1840 hoc
2425 1801 2560 1851 caput
2582 1796 2638 1840 ad
2655 1799 2890 1842 essentiam
2915 1809 3059 1844 muse
3085 1802 3280 1856 pertinet
3295 1817 3308 1846 ι
3327 1802 3540 1854 alterum,
3555 1804 3666 1858 quoti
3683 1815 3746 1847 eo-

2258 1877 2383 1910 rome
2411 1867 2682 1920 pra-conium
2711 1869 2758 1912 in
2783 1867 2960 1913 theatro
2991 1867 3086 1914 lieri
3126 1872 3326 1924 jusserit,
3357 1884 3506 1928 quum
3549 1874 3616 1918 lex
3647 1879 3749 1918 vetet

2257 1947 2524 1991 quemquam
2551 1936 2599 1978 in
2619 1935 2794 1981 theatro
2813 1938 3035 1992 coronari,
3054 1943 3097 1982 et
3121 1939 3208 1984 hoc
3230 1941 3286 1984 ad
3310 1941 3567 1997 quationis
3583 1945 3744 1998 qualita—

2258 2010 2350 2051 tem
2386 2009 2589 2062 spectat:
2611 2006 2792 2051 tertium
2827 2011 2873 2052 et
2911 2013 3203 2061 postremum,
3222 2011 3341 2067 quod
3377 2009 3490 2057 falsa
3521 2015 3566 2056 in
3587 2016 3747 2056 decreto

2257 2075 2507 2132 scripserttg
2529 2087 2622 2119 non
2641 2076 2764 2120 enim
2785 2087 2878 2122 esse
2893 2077 3064 2122 honum
3082 2080 3228 2124 virnm
3247 2081 3607 2134 Demosthenem,
3625 2092 3748 2138 neque

2258 2155 2430 2188 corona
2447 2144 2651 2198 dignum.
2707 2147 2806 2190 Hoc
2822 2156 3000 2202 quoque
3018 2150 3084 2192 est
3101 2147 3160 2193 ad
3186 2149 3355 2194 crimen
3371 2149 3432 2194 de
3450 2151 3638 2196 dect-etis
3653 2163 3744 2194 eon-

2259 2217 2332 2258 tra
2351 2214 2468 2268 leges
2482 2211 2608 2258 lactis
2625 2212 2934 2266 referendum,
2955 2228 3094 2272 quum
3118 2222 3260 2262 exstet
3292 2219 3360 2263 lex
3387 2231 3494 2275 quas
3532 2218 3632 2264 laisa
3659 2223 3744 2264 scri-

2259 2282 2367 2327 bere
2393 2282 2631 2338 prohibeat
2661 2283 2708 2326 in
2739 2282 2930 2328 decretis
2959 2297 2972 2326 ε
3009 2286 3205 2341 pertinet
3231 2291 3380 2332 autem
3405 2287 3466 2332 ad
3499 2289 3743 2344 qualitatem.

2259 2351 2514 2398 Adversarii
2545 2362 2651 2397 vero
2678 2355 2769 2396 ιτα
2795 2353 3072 2406 objectiones
3093 2355 3330 2411 anticipatz
3355 2368 3466 2400 nam
3497 2359 3552 2400 ad
3573 2361 3744 2413 primum

2259 2425 2394 2476 caput
2411 2419 2615 2465 hilariam
2635 2420 2920 2476 respondebit
2941 2423 3276 2475 Demosthenes.
3291 2435 3338 2470 se
3355 2436 3456 2468 non
3473 2424 3602 2470 tuine
3619 2427 3662 2470 in
3675 2439 3746 2470 ma·

2259 2491 2446 2546 gisa-atu
2459 2523 2470 2540 .
2499 2502 2585 2535 nec
2623 2502 2858 2536 murorum
2877 2493 3170 2538 reiectionem
3201 2505 3296 2538 esse
3321 2497 3626 2550 magistratum
3639 2529 3652 2549 ,
3681 2497 3746 2542 sed

2261 2561 2562 2606 ministerium
2587 2561 2812 2618 quoddam
2840 2567 2884 2606 et
2917 2564 3225 2614 curationcmz
3247 2569 3294 2610 ct
3324 2571 3376 2610 nt
3393 2567 3670 2620 magistratus
3687 2571 3746 2618 sit.

2263 2631 2412 2672 tamen
2446 2639 2586 2684 quum
2605 2629 2661 2672 de
2679 2641 2760 2673 suo
2779 2629 2839 2673 sit
2862 2630 3045 2684 largitus
3065 2634 3110 2674 ct
3141 2642 3166 2674 e
3189 2631 3368 2686 publico
3389 2633 3506 2677 nihii
3537 2635 3745 2689 acceperit.

2261 2709 2353 2740 non
2393 2697 2478 2740 sihi
2525 2694 2782 2741 referendas
2808 2709 2902 2742 esse
2934 2698 3129 2741 rationes
3157 2713 3172 2741 ι
3197 2701 3442 2756 utrumque
3479 2703 3660 2756 pertinet
3700 2703 3746 2746 mi

2261 2767 2534 2823 qualitatem.
2590 2771 2758 2811 contra
2776 2767 2864 2812 hoc
2897 2772 3048 2813 autem
3067 2769 3292 2813 AEschines
3308 2772 3613 2824 coniecturale
3635 2775 3748 2828 cami

2261 2836 2468 2892 opponit,
2503 2835 2704 2892 quamvis
2725 2835 2771 2880 id
2801 2847 2893 2881 non
2921 2835 3160 2882 confirmet
3183 2853 3197 2880 ι
3221 2839 3256 2881 si
3283 2850 3375 2884 non
3393 2838 3458 2884 de
3485 2851 3566 2884 suo
3592 2841 3748 2896 largitus

2263 2909 2346 2960 est,
2365 2905 2442 2949 sed
2472 2905 2628 2950 decem
2650 2906 2812 2950 talenta
2832 2907 2888 2950 ad
2909 2907 3059 2964 operis
3083 2911 3310 2964 sumptum
3344 2919 3371 2953 a
3387 2916 3552 2956 senatu
3567 2912 3746 2967 aceepit:

2263 2983 2440 3038 respicit
2461 2982 2548 3027 hoc
2571 2982 2804 3026 essentiam
2833 2983 3104 3038 quaestionis.
3162 2981 3382 3027 Adversus
3410 2984 3602 3028 alterum
3637 2987 3749 3038 caput

2263 3064 2402 3108 quum
2435 3051 2750 3097 Demosthenes
2779 3053 2909 3096 aliam
2947 3051 3147 3108 proferat
3179 3053 3322 3108 legem
3353 3064 3458 3108 quas
3485 3065 3686 3099 coronam
3709 3053 3746 3096 in

2267 3123 2444 3168 theatro
2467 3122 2750 3180 promulgare
2767 3123 2938 3175 jubeat,
2957 3122 2994 3166 si
3009 3122 3192 3176 jusserit
3215 3123 3422 3179 populus,
3437 3135 3536 3168 eam
3553 3121 3749 3166 AEschinrs

2263 3205 2360 3238 non
2379 3191 2435 3236 ad
2459 3193 2636 3244 civicas,
2657 3191 2732 3236 sed
2751 3191 2806 3236 ad
2825 3191 3061 3249 hospitales
3077 3203 3266 3236 coronas
3283 3196 3490 3248 spectare
3507 3191 3745 3238 contendit:

2265 3259 2464 3306 retertur
2481 3260 2536 3304 ad
2555 3261 2804 3306 essentiam.
2863 3259 2930 3304 Ad
2947 3261 3132 3305 tertium
3161 3261 3300 3305 multa
3317 3262 3576 3316 singulatim
3595 3261 3750 3314 regerit.

2267 3330 2498 3375 Existimat
2515 3333 2664 3375 autem
2681 3329 3022 3374 Demosthenem
3035 3329 3084 3373 in
3103 3331 3317 3385 quattuor
3337 3333 3545 3386 tempora
3557 3329 3744 3374 defensio

2267 3410 2372 3445 nem
2389 3409 2515 3444 suam
2537 3399 2750 3454 partitum
2764 3409 2874 3451 esse,
2889 3399 3170 3454 singulasque
3183 3399 3381 3444 actiones
3389 3411 3495 3444 suas
3507 3401 3554 3443 in
3569 3411 3616 3444 ea
3627 3397 3748 3441 distri-

2267 3467 2427 3512 buisse.
2485 3467 2688 3512 Primum
2719 3479 2858 3524 porro
2886 3471 3061 3523 tempus
3091 3466 3138 3510 id
3163 3467 3226 3511 ait
3251 3479 3346 3512 esse
3371 3479 3468 3523 quo
3495 3467 3654 3513 beilum
3677 3465 3746 3522 pri·

2269 3547 2395 3581 ιιιιιιιι
2421 3547 2528 3580 cum
2564 3535 2772 3592 Philippo
2807 3535 2866 3579 de
2900 3535 3157 3591 Amphipoli
3193 3539 3364 3590 gestum
3397 3534 3560 3590 tuerit,
3587 3535 3750 3579 alterum

2270 3605 2398 3650 tactae
2407 3606 2542 3661 pacis.
2564 3603 2746 3648 tertium
2763 3603 2946 3648 secundi
2965 3603 3068 3647 belli
3083 3607 3128 3647 et
3150 3602 3285 3648 cladis
3301 3603 3624 3656 OEiaeronensis,
3643 3613 3750 3658 quar·

2267 3679 2364 3719 tum
2379 3674 2572 3728 denique
2589 3677 2763 3728 tempus
2779 3683 2988 3728 presens,
3009 3683 3162 3716 earum
3179 3671 3351 3716 scilicet
3370 3683 3526 3717 rernm
3557 3684 3650 3728 qua:
3667 3671 3752 3726 ipsis

2267 3755 2374 3789 cum
2407 3744 2660 3788 Alexandro
2697 3743 2995 3787 intercedant.
3055 3742 3212 3786 Primo
3241 3741 3382 3797 igitur
3409 3748 3614 3800 tempore
3655 3741 3754 3796 pacis

2270 3825 2374 3860 eum
2395 3813 2528 3860 tuisse
2545 3819 2778 3858 auctorem
2793 3814 2904 3858 dicit
2917 3845 2929 3865 ,
2953 3813 3094 3870 turpis
3113 3817 3158 3856 et
3175 3811 3382 3866 infamis,
3401 3819 3540 3870 atque
3555 3813 3750 3858 obstitisse
3788 3835 3789 3838 =

2268 3886 2509 3940 quominus
2527 3895 2623 3928 eam
2643 3895 2732 3927 una
2753 3895 2858 3928 cum
2877 3883 3106 3928 communi
3125 3885 3387 3928 Graecorum
3407 3895 3615 3930 consessu
3633 3881 3752 3926 sanci·

2269 3961 2337 3999 ret
2359 3954 2546 3998 civitasx
2577 3951 2799 4003 secundo,
2828 3951 2998 3996 benum
3037 3951 3334 4008 Philippicum
3353 3951 3411 3996 ab
3439 3965 3497 3997 eo
3517 3964 3606 3997 esse
3623 3951 3754 3995 conci·

2271 4029 2410 4069 tatum
2427 4039 2440 4073 ι
2461 4023 2620 4076 tertio,
2639 4023 2750 4066 sacri
2771 4022 2876 4066 helii
2895 4027 2943 4066 et
2960 4033 3086 4066 casus
3103 4021 3400 4066 phocensium
3419 4033 3600 4067 causam
3618 4019 3752 4070 suisne,

2269 4093 2378 4149 quiin
2405 4097 2453 4138 et
2484 4091 2620 4137 cladis
2643 4091 2978 4145 ciiaeronensis‚
3005 4101 3146 4146 quum
3177 4091 3462 4146 permasisset
3491 4091 3682 4138 civibus,
3713 4090 3756 4130 ut
3785 4083 3787 4085 ’

2269 4166 2474 4218 suscepto
2503 4165 2664 4206 contra
2691 4159 2942 4215 Philippum
2975 4159 3114 4212 hello,
3135 4171 3240 4204 cum
3266 4159 3489 4204 Thebanis
3519 4159 3634 4204 socia
3651 4167 3756 4200 arma
3783 4217 3785 4226 Ι

2266 4235 2512 4289 jungerent
2523 4247 2536 4274 ι
2548 4235 2789 4287 postremo,
2804 4229 2924 4286 quod
2938 4229 3180 4276 Alexandri
3197 4235 3400 4286 tempore
3415 4243 3556 4286 remp.
3569 4229 3754 4274 desentit.
3783 4231 3785 4290 ξ

2271 4308 2350 4350 llis
2373 4303 2583 4348 absolutis
2603 4305 2744 4345 totam
2764 4301 3072 4346 Demosthenis
3101 4301 3236 4344 vitam
3254 4299 3535 4352 criminatur.
3555 4301 3602 4344 tn
3625 4297 3756 4355 paucis

2287 4378 2421 4421 eiiam
2447 4372 2760 4428 Ctesiphontis,
2779 4372 2856 4418 uhi
2881 4371 3074 4427 postulat
3093 4373 3146 4414 ιιι
3163 4381 3246 4426 pro
3264 4381 3310 4413 se
3329 4369 3422 4425 ipse
3441 4381 3619 4415 cunisam
3637 4367 3783 4430 dieat·-⁴

2269 4449 2324 4490 Ει
2343 4444 2487 4500 capita
2509 4441 2690 4498 quidem
2711 4442 2806 4484 haic
2823 4443 2931 4484 sunt
2943 4439 3137 4495 ziudicio
3151 4443 3302 4483 tamen
3321 4438 3432 4483 vicit
3445 4438 3754 4483 Demosthenes.
3781 4457 3783 4464 ·

2271 4584 2328 4628 tis
2347 4581 2514 4637 legibus
2532 4578 2726 4622 adversis
2753 4588 2844 4621 non
2883 4575 3022 4620 luerit
3055 4577 3332 4628 immoratus,
3349 4574 3424 4618 sed
3443 4579 3490 4620 et
3509 4578 3605 4619 acta
3623 4577 3758 4617 Demo·
3779 4607 3781 4626 2

2270 4653 2438 4698 athenis
2473 4649 2717 4704 exagitarit,
2728 4659 2867 4704 quum
2883 4647 2919 4692 is
2929 4659 3068 4702 remp.
3084 4647 3296 4703 preclare
3305 4645 3660 4691 administrasset.
3685 4641 3758 4684 ilic.
3779 4637 3781 4674 ἓ

2271 4726 2430 4767 contra
2447 4721 2532 4764 hac
2559 4719 2606 4762 in
2633 4729 2684 4763 re
2710 4729 2844 4774 quam
2875 4717 3064 4760 maxime
3104 4715 3278 4760 nititur.
3309 4715 3524 4770 Superest
3553 4713 3676 4764 mim,
3697 4707 3781 4753 iti-¹

2271 4793 2395 4849 quit,
2423 4805 2533 4848 pars
2547 4788 2877 4842 accusationis,
2905 4789 2958 4830 in
2985 4799 3079 4844 qua
3105 4786 3370 4841 plurimum
3399 4785 3550 4830 studii
3571 4783 3724 4828 colloco
3741 4791 3779 4824 ··⁴

2270 4877 2326 4906 ea
2355 4875 2460 4906 vero
2487 4865 2553 4904 est
2585 4872 2754 4912 causa,
2779 4871 2866 4902 cur
2895 4857 3036 4902 illum
3073 4854 3285 4912 Ctesipho
3310 4867 3480 4900 corona
3507 4851 3756 4898 decianam

2271 4932 2514 4977 censuerit.
2571 4929 2763 4974 Videant
2788 4933 2936 4976 autem
2963 4928 3035 4972 isti
3053 4939 3108 4972 an
3136 4937 3229 4971 non
3249 4925 3490 4972 rectissime
3511 4926 3569 4969 sit
3593 4922 3756 4968 iactum.

2271 5005 2418 5054 Quum
2437 5000 2558 5045 enim
2579 5009 2736 5053 magna
2749 4997 2866 5052 apud
2886 5007 3043 5042 omnes
3059 4998 3174 5041 esset
3205 4993 3514 5040 Demosthenis
3539 4989 3776 5046 auctoritas>

2271 5075 2404 5128 atque
2429 5067 2719 5119 existiman,
2749 5071 2803 5112 ut
2830 5067 2906 5123 qui
2935 5065 3290 5124 splendidisdme
3315 5075 3457 5120 remp.
3475 5061 3777 5106 adminisuasw

2271 5146 2354 5196 set,
2373 5153 2468 5186 nou
2491 5140 2656 5194 injuria
2671 5138 2846 5195 putavit
2863 5135 3208 5194 disputationem
3231 5134 3288 5179 (ie
3309 5134 3504 5180 decretis
3521 5130 3676 5177 illicitis
3693 5125 3758 5170 iri·

2273 5209 2421 5268 gidam
2437 5207 2534 5254 i'ore
2557 5211 2603 5254 et
2621 5207 2818 5258 inanem.
2843 5206 2925 5250 nisi
2951 5205 3220 5251 contrariam
3231 5204 3492 5260 opinionem
3503 5196 3758 5246 auditoribus
