3825 5834
464 480 536 530 22
1368 455 1818 518 ΛΥΚΟΥΡΓΟΥ
1856 455 1910 516 Ο
1950 453 2157 512 ΚΑΤΑ
2198 457 2729 518 ΔΕΩΚΡΑΊῸΥΣ.

3368 463 3644 542 ‹na—221)

451 595 578 660 τοὺς
607 593 910 654 ἀδικοῦντας
938 587 1028 646 καὶ
1061 591 1277 646 τοιαῦτα
1307 589 1424 643 κατ’
1459 587 1630 644 αὐτῶν
1669 583 2013 665 ψηφιζόμενα
2104 589 2217 640 odio
2236 597 2579 656 prosequentes
2590 596 2848 658 flagitiosos
2870 599 3087 661 talesque
3112 599 3370 650 adversu-
3394 613 3657 663 eospoenas

461 683 706 760 ἀσφαλῶς
725 680 786 735 ἔκ
811 680 914 735 τῶν
933 673 1182 732 κινδύνων
1205 672 1623 744 ἀπηλλάττοντο.
1651 672 1798 732 Aa&
1827 672 1882 728 δὲ
1913 674 2009 729 αὗ-

461 769 565 834 τοῖς
585 767 646 824 τὸ
669 764 914 845 ψήφισμα
929 807 946 836 ,
973 765 1282 841 γραμματεῦ
1301 805 1320 836 ,
1345 759 1436 818 καὶ
1455 759 1736 836 ἀνάγνωθι.

1080 933 1388 980 wiotum.

393 1103 442 1140 11,
551 1097 644 1134 115.
687 1073 944 1146 Ἀκούετε,
971 1063 1015 1131 ὦ
1059 1071 1256 1150 ἄνδρες,
1287 1071 1472 1129 τούτου
1515 1075 1610 1128 τοῦ
1659 1067 2011 1149 ψηφίσματος.

461 1159 692 1224 Ἔπειτα
722 1163 906 1221 ἐκεῖνοι
930 1159 1024 1236 μὲν
1045 1160 1112 1217 τὰ
1133 1164 1220 1217 τοῦ
1249 1157 1502 1236 προδότου
1528 1160 1660 1259 ὀστὲ
1685 1155 2017 1236 ἀνορύξαντες

463 1253 523 1307 ἔκ
567 1249 660 1321 τῆς
700 1250 938 1318 Ἀττικῆς
971 1245 1241 1324 ἐξώρισαν,
1291 1245 1381 1302 καὶ
1419 1245 1534 1303 τοὺς
1571 1243 2018 1320 ἀπολογουμένους

463 1335 590 1418 ὑπὲρ
638 1339 793 1394 αὐτοῦ
844 1333 1183 1412 Ἀρίσταρχον
1223 1332 1314 1390 καὶ
1357 1329 1652 1398 Ἀλεξικλέα
1703 1330 2013 1389 ἀπέκτειναν

463 1425 552 1483 καὶ
583 1423 687 1480 οὐδ’
709 1425 760 1480 ἐν
789 1427 852 1499 τῇ
883 1420 1032 1500 χώρα
1049 1423 1276 1499 ταφῆναι
1303 1417 1592 1496 ἐπέτρεψαν
1609 1439 1622 1453 ·
1653 1419 1798 1493 ὑμεῖς
1823 1419 1868 1475 δ’
1889 1417 2019 1474 αὐτὸ

460 1511 520 1566 τὸ
553 1513 706 1585 σῶμα
737 1508 796 1566 τὸ
821 1506 1144 1586 προδεδωκὸς
1171 1504 1266 1575 τὴν
1295 1505 1446 1564 πόλιν
1476 1509 1576 1572 ζῶν
1609 1505 1698 1561 καὶ
1723 1504 2016 1582 ὑποχείριον

465 1595 670 1674 ἔχοντες
701 1599 766 1670 τῇ
792 1597 950 1673 ψήφῳ
978 1592 1308 1670 ἀτιμώρητον
1338 1592 1552 1662 ἐάσετε;
1581 1592 1694 1668 (us)
1727 1591 1818 1648 καὶ
1843 1595 2021 1647 τοσοῦ-

385 1707 440 1743 20
465 1704 554 1740 τον
586 1681 762 1740 ἔσεσθέ
781 1704 838 1757 γε
860 1685 964 1738 τῶν
987 1679 1255 1758 προγόνων
1294 1678 1497 1760 χείρους
1517 1723 1532 1748 ,
1566 1677 1685 1735 ὅσον
1715 1680 1898 1735 ἐκεῖνοι
1922 1676 2016 1752 μὲν

465 1767 583 1834 τοὺς
610 1767 752 1846 λόγῳ
781 1767 934 1837 μόνον
961 1769 1036 1844 τῷ
1068 1764 1297 1844 προδότῃ
1338 1764 1697 1843 βοηθήσαντας
1723 1769 1834 1830 ταῖς
1859 1763 2019 1841 ἐσχά-

464 1877 580 1920 ταις
601 1851 874 1930 τιμωρίαις
900 1854 1182 1928 μετῆλθον,
1205 1853 1352 1928 ὑμεῖς
1374 1853 1428 1909 δὲ
1453 1852 1608 1910 αὐτὸν
1637 1851 1722 1908 τὸν
1758 1850 1894 1930 ἔργῳ
1929 1851 2019 1908 καὶ

464 1943 524 1998 οὗ
547 1939 687 2020 λόγῳ
709 1943 796 1999 τὸν
821 1943 982 2014 δῆμον
1013 1939 1428 2046 ἐγκαταλιπόντα
1463 1943 1534 2006 ὡς
1567 1937 1712 1996 οὐδὲν
1743 1939 2018 1996 ἀδικοῦντα

466 2027 713 2107 eis-dest&
739 2027 830 2097 Mi,
859 2029 989 2098 δῆτα
1006 2073 1022 2098 ,
1044 2051 1090 2084 ω
1114 2025 1297 2104 ἄνδρες
1321 2025 1587 2084 δικασταί·
1612 2027 1732 2101 ὑμῖν
1759 2023 1897 2082 οὗτοι
1915 2025 2018 2082 πά-

465 2137 628 2193 τριον,
647 2114 864 2182 ἀναξίως
883 2117 1027 2190 ὑμῶν
1051 2115 1222 2170 αὐτῶν
1243 2113 1572 2192 ψηφίζεσθαι.
1601 2113 1705 2172 Καὶ
1725 2111 1825 2191 γὰρ
1850 2115 1894 2170 εἰ
1924 2112 2018 2188 μὲν

471 2201 524 2260 ἕν
553 2225 602 2259 τι
627 2207 852 2261 τοιοῦτον
881 2202 1085 2277 γεγονὸς
1113 2191 1176 2270 ἦν
1204 2200 1478 2279 ψήφισμα,
1505 2189 1640 2278 εἶχεν
1671 2199 1734 2257 ἄν
1753 2225 1830 2267 τις
1858 2203 2019 2258 εἰπεῖν

467 2294 536 2354 ὣς
561 2291 627 2348 δι’
662 2289 819 2368 ὀργὴν
864 2289 1063 2364 μᾶλλον
1091 2285 1128 2358 ἢ
1155 2288 1222 2344 δι’
1251 2287 1497 2356 ἀλήθειαν
1529 2287 1842 2358 ἐποιήσαντο
1859 2313 1872 2324 ·
1897 2287 2021 2346 ὅταν

387 2397 439 2434 2³
468 2376 522 2433 δὲ
543 2375 687 2458 παρὰ
705 2375 917 2434 πάντων
937 2375 1125 2451 ὁμοίως
1148 2377 1413 2454 εἰληφότες
1435 2364 1534 2432 ὦσι
1555 2373 1652 2446 τὴν
1673 2375 1836 2446 αὐτὴν
1855 2399 2021 2452 τιμω·

469 2463 604 2541 ρίαν,
631 2467 740 2530 πῶς
768 2465 862 2521 οὐκ
904 2461 1116 2534 εὔδηλον
1148 2461 1226 2518 ὅτι
1267 2459 1415 2540 φύσει
1457 2471 1590 2519 πᾶσι
1627 2467 1734 2527 τοῖς
1775 2462 2019 2530 τοιούτοις

471 2549 638 2630 ἔργοις
665 2547 986 2626 ἐπολέμουν,
1018 2547 1130 2625 (117)
1158 2547 1464 2626 Ἵππαρχον
1495 2547 1595 2627 γὰρ
1631 2549 1716 2606 τὸν
1743 2549 2021 2629 Τιμάρχου

467 2637 565 2713 οὐχ
585 2625 953 2710 ’ὑπομείναντα
977 2635 1072 2706 τὴν
1107 2634 1226 2712 περὶ
1257 2639 1349 2705 τῆς
1373 2634 1648 2714 προδοσίας
1681 2637 1738 2692 ἐν
1761 2639 1838 2714 τῷ
1867 2636 2021 2716 δήμῳ

468 2723 654 2801 κρίσιν,
683 2723 798 2780 ἀλλ’
825 2721 1018 2802 ἔρημον
1050 2722 1140 2780 τὸν
1165 2725 1340 2798 ἀγῶνα
1384 2721 1645 2796 ἐάσαντα,
1679 2724 1886 2803 θανάτῳ
1909 2729 2022 2782 τοῦ·

466 2832 555 2868 τον
597 2807 984 2886 ζημιώσαντες,
1023 2805 1202 2878 ἐπειδὴ
1233 2811 1325 2877 τῆς
1355 2807 1557 2874 ἀδικίας
1595 2809 1688 2866 οὔκ
1729 2807 1919 2868 ἔλαὸον
1960 2811 2021 2869 τὸ

469 2900 623 2971 σῶμα
648 2895 870 2972 ὅμηρον,
898 2893 992 2962 τὴν
1021 2894 1194 2952 εἰκόνα
1224 2897 1381 2952 αὐτοῦ
1408 2894 1461 2962 ἐξ
1491 2897 1828 2973 ἀκροπόλεως
1870 2902 2020 2955 καθε-

467 2982 641 3048 λόντες
685 2981 772 3039 καὶ
823 2979 1274 3059 συγχωνεύσαντες
1319 2981 1410 3039 καὶ
1459 2981 1776 3053 ποιήσαντες
1823 2983 2019 3054 στήλην

390 3093 444 3130 an
473 3068 792 3148 ἐψηφίσαντο
837 3070 908 3133 εἷς
954 3065 1149 3138 ταύτην
1191 3067 1505 3148 ἀναγράφειν
1567 3068 1684 3136 τοὺς
1729 3071 2023 3151 ἀλιτηρίους

470 3156 557 3212 καὶ
580 3153 694 3220 τοὺς
725 3153 1016 3234 προδότας·
1058 3155 1148 3212 καὶ
1184 3155 1334 3220 αὐτὸς
1375 3159 1402 3212 ὁ
1440 3151 1734 3235 Ἵππαρχος
1769 3159 1820 3216 ἐν
1857 3156 2019 3236 ταύτῃ

469 3246 535 3319 τῇ
566 3241 734 3320 στήλη
769 3241 1189 3319 ἀναγέγραπται,
1239 3241 1328 3298 καὶ
1365 3244 1410 3299 οἱ
1457 3241 1605 3300 ἄλλοι
1650 3243 1704 3300 δὲ
1744 3245 2013 3322 προδόται.

473 3331 592 3404 (118)
625 3329 730 3387 Καί
757 3351 844 3402 μοι
880 3327 1010 3385 λαὸὲ
1054 3331 1260 3406 πρῶτον
1285 3327 1377 3401 μὲν
1407 3329 1464 3385 τὸ
1493 3327 1736 3408 ψήφισμα
1767 3333 1884 3387 καθ’
1928 3331 1956 3388 ὃ
1989 3336 2020 3401 ἡ

471 3412 622 3471 εἰκὼν
639 3419 726 3472 τοῦ
748 3413 1042 3494 Ἱππάρχου
1063 3419 1152 3472 τοῦ
1170 3413 1419 3492 προδότου
1441 3413 1492 3482 ἐξ
1515 3417 1842 3494 ἀκροπόλεως
1862 3423 2021 3497 καθῃ-

472 3501 624 3579 ρέθη,
653 3500 832 3559 ἔπειτα
860 3507 953 3571 τῆς
981 3503 1176 3571 στήλης
1203 3502 1261 3559 τὸ
1289 3501 1613 3580 ὑπόγραμμα
1643 3505 1731 3560 καὶ
1769 3503 1884 3570 τοὺς
1925 3503 2023 3563 ὕσ-

465 3611 612 3668 τερον
641 3589 1166 3669 προσαναγραφέντας
1193 3590 1446 3668 προδότας
1475 3591 1546 3654 εἰς
1573 3587 1764 3661 ταύτην
1782 3590 1876 3661 τὴν
1901 3594 2021 3664 στή·

387 3665 394 3672 ’
469 3679 586 3748 λην,
613 3676 702 3734 καὶ
730 3677 1084 3754 ἀναγίνωσκε,
1107 3681 1440 3756 γραμματεῦ.

393 3857 444 3896 85
586 3846 879 3892 ΨΗΦΙΞΜΑ
917 3848 1026 3892 ΚΑΙ
1063 3847 1460 3895 ΥΠΟῙῬΑΜΜΑ
1490 3848 1612 3893 ΤΗΣ
1638 3850 1907 3899 ΣΤΗΛΗΣ.

557 4007 647 4046 tw.
689 3985 763 4046 Τί
797 3987 1030 4045 δοκοῦσιν
1065 3987 1218 4062 ὑμῖν,
1265 3977 1310 4045 ὦ
1357 3987 1568 4067 ἄνδρες;
1601 3981 1704 4066 ἀρά
1741 4011 1799 4064 γε
1834 3989 2025 4062 ὁμοίως

475 4075 596 4148 ὑμῖν
623 4074 742 4152 περὶ
765 4078 866 4131 τῶν
892 4073 1210 4131 ἀδικούντων
1241 4073 1540 4149 γινώσκειν,
1565 4075 1654 4133 καὶ
1683 4077 1775 4132 οὐκ
1794 4123 1810 4146 ,
1844 4073 2021 4146 ἐπειδὴ

473 4163 564 4218 καὶ
587 4159 648 4217 τὸ
663 4164 818 4234 σῶμα
845 4163 939 4218 οὐκ
961 4159 1202 4217 ἐδύναντο
1220 4159 1512 4240 ὑποχείριον
1537 4166 1626 4218 τοῦ
1650 4161 1900 4241 προδότου
1928 4165 2026 4220 λα-

475 4245 612 4318 θεῖν,
639 4246 700 4304 τὸ
727 4255 980 4324 μνημεῖον
1005 4251 1096 4305 τοῦ
1141 4237 1390 4326 προδότου
1429 4247 1694 4315 ἀνελόντες
1740 4257 1852 4316 ταῖς
1880 4251 2020 4307 ἐνδε-

473 4333 719 4411 χομέναις
753 4335 1024 4413 τιμωρίαις
1062 4333 1350 4406 ἐκόλασαη
1381 4335 1478 4414 οὐχ
1509 4334 1648 4403 ὅπως
1680 4335 1765 4394 τὸν
1794 4339 2024 4415 χαλκοῦν

477 4419 755 4499 ἀνδριάντα
787 4420 1204 4499 συγχωνεύσειαν
1225 4465 1243 4498 ‚
1273 4421 1394 4478 ἀλλ’
1411 4419 1496 4478 ἵνα
1523 4429 1628 4488 τοῖς
1655 4421 2025 4499 ἐπιγινομένοις

393 4531 447 4568 4ο
475 4509 806 4586 παράδειγμα
838 4512 908 4575 εἷς
930 4509 1016 4566 τὸν
1049 4507 1226 4566 λοιπὸν
1255 4506 1438 4587 χρόνον
1480 4511 1548 4575 ὡς
1586 4499 1724 4588 εἶχον
1760 4509 1884 4588 πρὸς
1909 4508 2027 4577 τοὺς

475 4595 728 4672 προδότας
754 4595 1110 4653 καταλίποιεν.

559 4702 652 4740 mu.
698 4681 844 4741 Λαὸὲ
888 4681 936 4739 δ’
969 4681 1138 4748 αὐτοῖς
1167 4681 1257 4738 καὶ
1295 4681 1354 4739 τὸ
1395 4679 1567 4758 ἕτερον
1611 4681 1860 4761 ψήφισμα
1905 4683 2025 4760 περὶ

475 4769 576 4822 τῶν
598 4769 667 4832 εἷς
693 4765 970 4826 Δεκέλειαν
999 4767 1364 4844 μεταστάντων
1384 4812 1401 4842 ,
1429 4767 1511 4826 ὅτε
1541 4771 1568 4826 ὅ
1595 4770 1756 4844 δῆμος
1783 4770 1883 4826 ὑπὸ
1912 4771 2024 4828 Λα-

475 4851 815 4928 κεδαιμονίων
843 4855 1220 4934 ἐπολιορκεῖτο,
1254 4855 1391 4922 ὅπως
1418 4851 1619 4912 εἰδῶσιν
1665 4853 1742 4912 ὅτι
1770 4853 1888 4932 περὶ
1925 4859 2026 4913 τῶν

477 4940 752 5018 προδοτῶν,
780 4943 827 4998 οἱ
873 4941 1112 5021 πρόγονοι
1150 4941 1332 5019 ὁμοίας
1376 4941 1468 5001 καὶ
1509 4941 1812 5007 ἀκολούθους
1859 4943 2023 5013 ἀλλή-

477 5027 592 5090 λαις
632 5023 722 5092 rit<
771 5025 1022 5109 τιμωρίας
1069 5029 1350 5088 ἐποιοῦντο.
1435 5025 1808 5104 Ἀναγίνωσκε,
1860 5049 2025 5108 γραμ·

481 5134 666 5188 ματευ.

645 5195 664 5212 ..

2103 667 2413 721 dccci-nentes
2447 675 2557 722 tuto
2578 686 2605 721 e
2632 674 2856 734 periculis
2890 675 3235 727 liberabantur.
3270 679 3451 740 Accipe
3492 685 3654 728 autem

2104 755 2217 818 ipsis
2232 757 2507 821 decretum,
2533 761 2717 822 scriba,
2740 765 2791 809 et
2816 761 2981 812 recita.

2702 959 3049 1002 ntem-:Tum

2174 1097 2275 1140 115.
2296 1091 2509 1154 Auditis,
2528 1091 2744 1154 judices,
2765 1095 2857 1144 hoc
2876 1095 3144 1145 decretum.
3180 1097 3331 1159 Igitur
3361 1098 3431 1148 illi
3464 1099 3659 1161 quidem

2106 1181 2361 1245 proditoris
2389 1197 2497 1234 offla
2520 1185 2801 1236 effodientes
2832 1201 2895 1238 cx
2934 1189 3093 1239 Attica
3116 1189 3385 1250 eiecerunt,
3409 1195 3559 1254 atque
3580 1207 3664 1242 eos

2104 1279 2189 1340 qni
2216 1279 2373 1342 ipsum
2394 1281 2708 1332 defenderant
2724 1318 2739 1344 ,
2767 1285 3091 1334 Aristarchum
3120 1289 3171 1336 et
3204 1287 3465 1337 Alexiclem
3478 1323 3495 1349 ,
3530 1290 3663 1338 occi·

2105 1371 2305 1433 derunt,
2332 1385 2489 1435 neque
2519 1388 2601 1423 cos
2624 1357 2829 1425 interra
2856 1377 2947 1426 bac
2972 1379 3159 1440 sepeliri
3182 1380 3507 1442 permiserunt
3533 1401 3545 1431 :
3572 1395 3663 1430 vos

2107 1469 2268 1514 autem
2300 1467 2455 1528 ipsum
2478 1481 2681 1530 corpus,
2715 1470 2846 1532 quod
2880 1471 3049 1520 urbem
3087 1473 3319 1536 prodidit,
3344 1476 3511 1526 vivum
3534 1477 3665 1538 judi·

2106 1559 2278 1621 cioque
2308 1565 2467 1610 vestro
2496 1563 2767 1622 subiectum
2804 1565 3031 1615 habentes
3051 1567 3341 1630 impunitum
3376 1571 3663 1622 dimittetis?

2112 1651 2242 1712 (116)
2271 1666 2331 1701 ac
2358 1657 2495 1703 tanto
2527 1655 2659 1703 eritis
2696 1657 2959 1718 majoribus
3000 1661 3171 1709 vestris
3202 1662 3477 1725 inferiores,
3514 1669 3571 1716 ut
3595 1668 3663 1717 illi

2107 1747 2304 1808 quidem
2336 1762 2437 1808 eos,
2470 1751 2553 1812 qui
2574 1751 2724 1800 verbo
2747 1755 2936 1801 tantum
2972 1754 3206 1815 proditori
3246 1758 3465 1808 tulissent
3500 1773 3661 1822 opem,

2108 1842 2289 1892 ultimis
2308 1845 2553 1907 suppliciis
2584 1847 2679 1896 sint
2708 1847 2895 1906 adorti,
2924 1862 3009 1898 vos
3036 1855 3201 1900 autern
3224 1853 3406 1915 ipsum,
3442 1856 3530 1917 qui
3566 1868 3665 1905 non

2108 1949 2343 1998 sermone,
2363 1937 2444 1986 sed
2468 1951 2609 2002 opere
2626 1942 2856 2002 populum
2872 1941 3104 2005 deseruit,
3125 1959 3210 1994 ceu
3231 1947 3347 1995 nihil
3364 1948 3557 1998 sceleris
3572 1949 3664 1997 ad-

2108 2029 2309 2092 miserit,
2324 2030 2605 2083 dimittatis?
2628 2036 2841 2094 Minime,
2855 2037 3041 2097 judices
3056 2056 3071 2100 ;
3089 2040 3223 2090 vobis
3236 2055 3331 2090 non
3356 2044 3565 2104 patrium
3588 2045 3665 2093 in-

2108 2122 2251 2184 digna
2278 2125 2547 2187 vobisipsis
2582 2131 2807 2178 statuere.
2836 2133 3023 2180 Etenim
3050 2132 3089 2180 si
3120 2145 3275 2182 unum
3306 2135 3503 2198 aliquod
3534 2139 3665 2200 ejus-

2110 2217 2238 2266 modi
2260 2217 2507 2269 decrctum
2528 2222 2707 2272 sactum
2732 2224 2921 2285 suisset,
2946 2229 3101 2287 posset
3126 2227 3300 2289 aliquis
3322 2229 3509 2292 dicere,
3534 2235 3666 2294 quod

2108 2314 2172 2363 ob
2194 2314 2315 2363 iram
2338 2316 2498 2377 potius
2514 2330 2665 2378 quam
2692 2319 2945 2370 veritatem
2970 2321 3187 2372 rei-issent
3209 2343 3221 2372 :
3250 2325 3443 2385 quando
3470 2339 3587 2376 vero
3606 2329 3669 2378 de

2109 2409 2333 2458 omnibus
2365 2409 2491 2459 idem
2526 2413 2811 2474 supplicium
2844 2417 3155 2477 sumpserint,
3178 2419 3423 2479 quomodo
3456 2433 3557 2470 non
3594 2427 3669 2472 est

2110 2508 2411 2570 perspicuum
2426 2543 2441 2568 ,
2474 2509 2605 2571 quod
2628 2509 2850 2560 omnibus
2876 2513 3051 2562 talibus
3077 2514 3365 2566 facinoribus
3382 2517 3669 2567 naturaliter

2112 2610 2370 2660 restiterint
2408 2625 2559 2672 eaque
2594 2616 2825 2674 perpetuo
2862 2613 3212 2676 impugnarint?
3250 2619 3379 2680 (117)
3418 2621 3665 2689 Siquidem

2112 2709 2435 2770 Hipparchum
2456 2709 2691 2760 Timarchi
2717 2711 2864 2761 filium
2891 2725 2989 2761 non
3010 2717 3361 2776 exspectantem
3386 2719 3667 2780 proditionis

2110 2807 2237 2869 apud
2268 2809 2498 2869 populum
2528 2807 2777 2870 judicium,
2811 2809 2893 2858 sed
2920 2813 3161 2861 certamen
3196 2813 3315 2862 illud
3340 2815 3667 2882 deserentem,

2112 2906 2267 2953 morte
2302 2904 2616 2967 mulctantes,
2650 2908 2903 2968 postquam
2936 2908 3128 2958 sceleris
3155 2923 3291 2959 reum
3312 2925 3487 2974 corpus
3504 2917 3553 2964 in
3578 2931 3667 2978 po-

2112 3004 2283 3052 testate
2302 3015 2399 3051 non
2422 3003 2677 3064 habebant,
2694 3003 2942 3066 imaginem
2958 3008 3062 3064 ejus
3083 3020 3145 3055 ex
3166 3020 3275 3056 arce
3297 3008 3601 3060 detrahentes
3620 3017 3669 3062 et

2112 3100 2372 3150 conflantes
2408 3102 2736 3164 erigentesque
2783 3103 3057 3152 columnam
3090 3105 3406 3155 decreverunt
3442 3108 3493 3156 in
3543 3111 3668 3160 lianc

2112 3203 2406 3265 perscribere
2426 3204 2797 3255 calumniatores
2812 3209 2863 3254 et
2879 3205 3169 3268 proditorem
3188 3211 3333 3270 atque
3350 3211 3449 3272 ipse
3468 3213 3668 3274 Hippar-

2112 3305 2233 3354 chus
2257 3308 2305 3355 in
2328 3307 2453 3355 lianc
2475 3307 2749 3357 columnam
2768 3309 3058 3371 perscriptus
3074 3313 3146 3358 est
3158 3347 3171 3370 ,
3193 3311 3435 3373 ceterique
3453 3314 3667 3375 prodito·

2114 3419 2201 3454 res.
2270 3407 2398 3468 (118)
2431 3413 2501 3456 Ac
2525 3407 2639 3456 milii
2672 3421 2789 3470 cape
2821 3409 3031 3470 primum
3056 3411 3249 3472 quidem
3282 3411 3558 3470 decretum.
3582 3429 3668 3478 per

2114 3499 2243 3562 quod
2284 3502 2437 3562 imago
2489 3502 2745 3564 Hipparchi
2780 3503 3033 3564 proditoris
3070 3519 3133 3554 ex
3172 3519 3281 3555 arce
3314 3508 3527 3558 detracta
3567 3515 3666 3570 cst,

2112 3593 2283 3642 deinde
2316 3594 2447 3655 quod
2478 3593 2527 3642 in
2559 3595 2831 3644 columnam
2862 3599 2931 3644 est
2958 3599 3295 3660 perscriptum,
3317 3603 3365 3649 et
3382 3601 3666 3664 proditores,

2114 3703 2321 3752 quorum
2350 3691 2545 3738 nomina
2568 3693 2729 3752 postca
2752 3691 2937 3752 adjecta
2960 3693 3099 3751 sunt3
3118 3695 3263 3754 atque
3294 3695 3468 3755 recita,
3492 3697 3665 3748 scriba.

2283 3851 2610 3892 ntem-:Tun
2660 3853 2733 3892 ET
2772 3853 3106 3894 mscmPTA
3150 3855 3485 3898 COLUMNAE.

2180 4008 2283 4052 119.
2320 4002 2447 4060 Quid
2468 4003 2689 4052 videntur
2710 4003 2863 4065 vobis,
2878 4003 3090 4066 judices,
3112 4005 3315 4066 maJ‘ores
3330 4009 3505 4057 vestri?
3541 4023 3671 4060 anne

2114 4104 2281 4153 eadem
2298 4103 2546 4152 vobiscum
2565 4104 2625 4153 de
2642 4104 2882 4153 sceleratis
2895 4107 3211 4166 cognoscere?
3230 4120 3389 4156 nonne
3406 4112 3666 4170 postquam

2115 4193 2287 4268 eorpus
2316 4201 2702 4268 proditoris'non
2728 4208 2989 4268 potuerunt
3016 4207 3063 4255 in
3094 4221 3182 4256 sua
3208 4209 3381 4257 habere
3400 4213 3669 4274 potestate,

2114 4304 2323 4350 statuam
2356 4300 2611 4362 proditoris
2634 4301 2979 4362 apprehensam
3013 4314 3071 4350 ac
3094 4301 3357 4351 detractam
3380 4304 3558 4365 quibus
3582 4321 3669 4369 po-

2116 4403 2313 4451 tuerunt
2334 4400 2575 4462 suppliciis
2596 4401 2887 4450 affecerunt?
2912 4415 3008 4450 non
3034 4405 3089 4449 ut
3110 4415 3285 4450 oeream
3310 4405 3522 4453 statuam
3547 4419 3669 4456 con-

2116 4499 2315 4560 flarent,
2350 4499 2434 4548 sed
2464 4502 2521 4548 ut
2556 4500 2757 4561 posteris
2792 4500 3068 4562 exemplum
3090 4499 3157 4548 'in
3196 4502 3434 4563 reliquum
3472 4506 3673 4566 tempus

2114 4615 2325 4666 quonam
2352 4602 2401 4650 in
2420 4601 2689 4664 proditores
2713 4601 2875 4650 animo
2901 4605 3057 4650 essent
3080 4603 3421 4666 relinquerent.

2183 4703 2287 4746 120.
2324 4697 2497 4758 Accipe
2523 4708 2666 4757 porro
2693 4697 2742 4744 et
2767 4695 2970 4743 alterum
2992 4693 3237 4742 decretum
3263 4695 3323 4742 de
3341 4695 3397 4746 iis
3414 4696 3495 4758 qui
3517 4699 3673 4747 Dece-

2117 4811 2239 4859 leam
2265 4809 2612 4872 migraverant,
2638 4807 2831 4870 quando
2860 4809 3065 4869 populns
3100 4821 3130 4856 a
3154 4809 3524 4860 Lacedmnoniis
3541 4812 3673 4862 obsi·

2116 4924 2325 4984 deretur,
2346 4927 2401 4972 ut
2417 4923 2570 4972 sciant
2582 4959 2596 4982 ,
2616 4922 2675 4970 dc
2694 4920 3015 4983 proditoribus
3038 4921 3243 4981 maiores
3260 4926 3449 4974 nostros
3468 4939 3607 4987 pares
3624 4929 3673 4976 et

2118 5039 2461 5087 consentaneas
2482 5034 2569 5084 sibi
2592 5047 2755 5097 poenas
2772 5031 2949 5083 fecisse.
3016 5033 3198 5096 Recita,
3219 5035 3389 5084 scriba.
