<?xml version="1.0" encoding="UTF-8"?>
<!DOCTYPE html PUBLIC "-//W3C//DTD XHTML 1.0 Transitional//EN"
    "http://www.w3.org/TR/xhtml1/DTD/xhtml1-transitional.dtd">
<html xmlns="http://www.w3.org/1999/xhtml" xml:lang="en" lang="en">
 <head>
  <title>
</title>
<meta http-equiv="Content-Type" content="text/html;charset=utf-8" />
  <meta name='ocr-system' content='tesseract 3.04.00' />
  <meta name='ocr-capabilities' content='ocr_page ocr_carea ocr_par ocr_line ocrx_word'/>
</head>
<body>
  <div class='ocr_page' id='page_1' title='image "./oratoresatticia02unkngoog/oratoresatticia02unkngoog_0220.png"; bbox 0 0 3825 5834; ppageno 0'>
   <div class='ocr_carea' id='block_1_1' title="bbox 500 440 613 491">
    <p class='ocr_par' dir='ltr' id='par_1_1' title="bbox 500 440 613 491">
     <span class='ocr_line' id='line_1_1' title="bbox 500 440 613 491; baseline 0.018 -2"><span class='ocrx_word' id='word_1_1' title='bbox 500 440 613 491; x_wconf 76' lang='lat'><strong>202</strong></span> 
     </span>
    </p>
   </div>
   <div class='ocr_carea' id='block_1_2' title="bbox 1438 435 2735 499">
    <p class='ocr_par' dir='ltr' id='par_1_2' title="bbox 1438 435 2735 499">
     <span class='ocr_line' id='line_1_2' title="bbox 1438 435 2735 499; baseline 0.002 -2"><span class='ocrx_word' id='word_1_2' title='bbox 1438 435 2054 499; x_wconf 76' lang='grc' dir='ltr'><strong>ΑΔΚΙΔΑΜΑΝἸὉΣ</strong></span> <span class='ocrx_word' id='word_1_3' title='bbox 2093 438 2274 499; x_wconf 83' lang='grc' dir='ltr'><strong>ΠΕΡΙ</strong></span> <span class='ocrx_word' id='word_1_4' title='bbox 2317 437 2735 499; x_wconf 81' lang='grc' dir='ltr'>ΣΟΦΙΣἹὩΝ.</span> 
     </span>
    </p>
   </div>
   <div class='ocr_carea' id='block_1_3' title="bbox 487 555 3688 637">
    <p class='ocr_par' dir='ltr' id='par_1_3' title="bbox 487 555 3688 637">
     <span class='ocr_line' id='line_1_3' title="bbox 487 555 3688 637; baseline 0.001 -20"><span class='ocrx_word' id='word_1_5' title='bbox 487 566 612 621; x_wconf 90' lang='grc' dir='ltr'>σθαι</span> <span class='ocrx_word' id='word_1_6' title='bbox 654 560 760 626; x_wconf 82' lang='grc' dir='ltr'>τοῖς</span> <span class='ocrx_word' id='word_1_7' title='bbox 794 556 1125 637; x_wconf 68' lang='grc' dir='ltr'>βραδυτέρας</span> <span class='ocrx_word' id='word_1_8' title='bbox 1153 555 1350 616; x_wconf 79' lang='grc' dir='ltr'>δύναιτ’</span> <span class='ocrx_word' id='word_1_9' title='bbox 1390 556 1473 615; x_wconf 82' lang='grc' dir='ltr'><strong>ἄν·</strong></span> <span class='ocrx_word' id='word_1_10' title='bbox 1500 562 1529 616; x_wconf 79' lang='grc' dir='ltr'>ὁ</span> <span class='ocrx_word' id='word_1_11' title='bbox 1566 556 1621 619; x_wconf 81' lang='grc' dir='ltr'><strong>δὲ</strong></span> <span class='ocrx_word' id='word_1_12' title='bbox 1654 556 1845 637; x_wconf 79' lang='grc' dir='ltr'>βραδὺς</span> <span class='ocrx_word' id='word_1_13' title='bbox 1871 562 1966 617; x_wconf 85' lang='grc' dir='ltr'>οὖκ</span> <span class='ocrx_word' id='word_1_14' title='bbox 1989 559 2052 617; x_wconf 72' lang='grc' dir='ltr'><strong>ἂν</strong></span> <span class='ocrx_word' id='word_1_15' title='bbox 2151 570 2298 617; x_wconf 85' lang='lat' dir='ltr'><strong>Porro</strong></span> <span class='ocrx_word' id='word_1_16' title='bbox 2325 568 2470 631; x_wconf 79' lang='lat' dir='ltr'><strong>pedes</strong></span> <span class='ocrx_word' id='word_1_17' title='bbox 2497 571 2728 631; x_wconf 70' lang='lat' dir='ltr'><strong>praestans</strong></span> <span class='ocrx_word' id='word_1_18' title='bbox 2749 579 2916 617; x_wconf 72' lang='lat' dir='ltr'><strong>cinnor</strong></span> <span class='ocrx_word' id='word_1_19' title='bbox 2947 565 3090 629; x_wconf 74' lang='lat' dir='ltr'><strong>juxta</strong></span> <span class='ocrx_word' id='word_1_20' title='bbox 3117 566 3309 619; x_wconf 80' lang='lat' dir='ltr'><strong>tardum</strong></span> <span class='ocrx_word' id='word_1_21' title='bbox 3335 568 3468 619; x_wconf 73' lang='lat' dir='ltr'><strong>tacite</strong></span> <span class='ocrx_word' id='word_1_22' title='bbox 3493 568 3688 621; x_wconf 77' lang='lat' dir='ltr'><strong>incesse·</strong></span> 
     </span>
    </p>
   </div>
   <div class='ocr_carea' id='block_1_4' title="bbox 412 638 2064 3459">
    <p class='ocr_par' dir='ltr' id='par_1_4' title="bbox 484 638 2054 907">
     <span class='ocr_line' id='line_1_4' title="bbox 484 638 2054 726; baseline 0 -20"><span class='ocrx_word' id='word_1_23' title='bbox 484 638 587 714; x_wconf 73' lang='grc' dir='ltr'>οἶός</span> <span class='ocrx_word' id='word_1_24' title='bbox 614 670 669 705; x_wconf 87' lang='grc' dir='ltr'><strong>τε</strong></span> <span class='ocrx_word' id='word_1_25' title='bbox 701 646 783 720; x_wconf 71' lang='grc' dir='ltr'><strong>εἴη</strong></span> <span class='ocrx_word' id='word_1_26' title='bbox 812 649 920 711; x_wconf 86' lang='grc' dir='ltr'>τοῖς</span> <span class='ocrx_word' id='word_1_27' title='bbox 964 647 1209 705; x_wconf 84' lang='grc' dir='ltr'>θάσσοσιν</span> <span class='ocrx_word' id='word_1_28' title='bbox 1243 646 1571 725; x_wconf 80' lang='grc' dir='ltr'>ὁμοδρομεῖν.</span> <span class='ocrx_word' id='word_1_29' title='bbox 1673 646 1800 707; x_wconf 70' lang='lat' dir='ltr'><strong>&#39;Eri</strong></span> <span class='ocrx_word' id='word_1_30' title='bbox 1841 647 1895 707; x_wconf 82' lang='grc' dir='ltr'><strong>δὲ</strong></span> <span class='ocrx_word' id='word_1_31' title='bbox 1924 649 2054 726; x_wconf 85' lang='grc' dir='ltr'>πρὸς</span> 
     </span>
     <span class='ocr_line' id='line_1_5' title="bbox 490 734 2046 815; baseline 0 -19"><span class='ocrx_word' id='word_1_32' title='bbox 490 735 692 803; x_wconf 80' lang='grc' dir='ltr'>τούτοις</span> <span class='ocrx_word' id='word_1_33' title='bbox 720 738 749 793; x_wconf 86' lang='grc' dir='ltr'>ὁ</span> <span class='ocrx_word' id='word_1_34' title='bbox 774 734 869 811; x_wconf 77' lang='grc' dir='ltr'><strong>μὲν</strong></span> <span class='ocrx_word' id='word_1_35' title='bbox 896 735 963 793; x_wconf 74' lang='grc' dir='ltr'><strong>τὰ</strong></span> <span class='ocrx_word' id='word_1_36' title='bbox 991 736 1171 815; x_wconf 83' lang='grc' dir='ltr'>πόρρω</span> <span class='ocrx_word' id='word_1_37' title='bbox 1200 734 1481 811; x_wconf 86' lang='grc' dir='ltr'>δυνάμενος</span> <span class='ocrx_word' id='word_1_38' title='bbox 1504 735 1803 803; x_wconf 82' lang='grc' dir='ltr'>ἐπισκόπως</span> <span class='ocrx_word' id='word_1_39' title='bbox 1830 738 2046 797; x_wconf 83' lang='grc' dir='ltr'>ἀκοντί-</span> 
     </span>
     <span class='ocr_line' id='line_1_6' title="bbox 485 822 2052 907; baseline 0.001 -24"><span class='ocrx_word' id='word_1_40' title='bbox 485 828 590 893; x_wconf 82' lang='grc' dir='ltr'>ζειν</span> <span class='ocrx_word' id='word_1_41' title='bbox 622 823 659 895; x_wconf 66' lang='grc' dir='ltr'>ἢ</span> <span class='ocrx_word' id='word_1_42' title='bbox 694 822 915 892; x_wconf 80' lang='grc' dir='ltr'>τοξεύειν</span> <span class='ocrx_word' id='word_1_43' title='bbox 956 823 1047 883; x_wconf 80' lang='grc' dir='ltr'><strong>καὶ</strong></span> <span class='ocrx_word' id='word_1_44' title='bbox 1074 825 1179 881; x_wconf 87' lang='grc' dir='ltr'><strong>τῶν</strong></span> <span class='ocrx_word' id='word_1_45' title='bbox 1224 824 1373 903; x_wconf 76' lang='grc' dir='ltr'>ἐγγὺς</span> <span class='ocrx_word' id='word_1_46' title='bbox 1412 822 1644 893; x_wconf 83' lang='grc' dir='ltr'>τεύξεται</span> <span class='ocrx_word' id='word_1_47' title='bbox 1690 824 1911 907; x_wconf 72' lang='grc' dir='ltr'>ῥαδίως,</span> <span class='ocrx_word' id='word_1_48' title='bbox 1941 828 1968 885; x_wconf 87' lang='grc' dir='ltr'>ὁ</span> <span class='ocrx_word' id='word_1_49' title='bbox 1997 826 2052 885; x_wconf 78' lang='grc' dir='ltr'><strong>δὲ</strong></span> 
     </span>
    </p>

    <p class='ocr_par' dir='ltr' id='par_1_5' title="bbox 412 911 2058 1609">
     <span class='ocr_line' id='line_1_7' title="bbox 438 911 2054 992; baseline 0.001 -21"><span class='ocrx_word' id='word_1_50' title='bbox 438 934 462 971; x_wconf 74' lang='grc' dir='ltr'>ο</span> <span class='ocrx_word' id='word_1_51' title='bbox 485 912 553 971; x_wconf 63' lang='grc' dir='ltr'><strong>τὰ</strong></span> <span class='ocrx_word' id='word_1_52' title='bbox 580 912 801 986; x_wconf 82' lang='grc' dir='ltr'>πλησίον</span> <span class='ocrx_word' id='word_1_53' title='bbox 847 911 1059 992; x_wconf 75' lang='grc' dir='ltr'>βάλλειν</span> <span class='ocrx_word' id='word_1_54' title='bbox 1108 912 1450 988; x_wconf 83' lang='grc' dir='ltr'>ἐπιστάμενος</span> <span class='ocrx_word' id='word_1_55' title='bbox 1491 911 1637 971; x_wconf 83' lang='grc' dir='ltr'>οὔπω</span> <span class='ocrx_word' id='word_1_56' title='bbox 1678 915 1834 984; x_wconf 77' lang='grc' dir='ltr'>δῆλον</span> <span class='ocrx_word' id='word_1_57' title='bbox 1890 913 2054 973; x_wconf 78' lang='grc' dir='ltr'>εἶκαὶ</span> 
     </span>
     <span class='ocr_line' id='line_1_8' title="bbox 485 998 2054 1083; baseline 0.003 -26"><span class='ocrx_word' id='word_1_58' title='bbox 485 1004 591 1060; x_wconf 84' lang='grc' dir='ltr'><strong>τῶν</strong></span> <span class='ocrx_word' id='word_1_59' title='bbox 614 1001 797 1081; x_wconf 86' lang='grc' dir='ltr'>πόρρω</span> <span class='ocrx_word' id='word_1_60' title='bbox 829 1000 1110 1069; x_wconf 85' lang='grc' dir='ltr'>δυνήσεται</span> <span class='ocrx_word' id='word_1_61' title='bbox 1136 998 1433 1079; x_wconf 77' lang='grc' dir='ltr'>τυγχάνειν.</span> <span class='ocrx_word' id='word_1_62' title='bbox 1518 1000 1626 1060; x_wconf 83' lang='grc' dir='ltr'><strong>Τὸν</strong></span> <span class='ocrx_word' id='word_1_63' title='bbox 1654 1001 1806 1059; x_wconf 83' lang='grc' dir='ltr'>αὐτὸν</span> <span class='ocrx_word' id='word_1_64' title='bbox 1840 1001 1903 1073; x_wconf 75' lang='grc' dir='ltr'><strong>δὴ</strong></span> <span class='ocrx_word' id='word_1_65' title='bbox 1931 1000 2054 1083; x_wconf 88' lang='grc' dir='ltr'>τρό-</span> 
     </span>
     <span class='ocr_line' id='line_1_9' title="bbox 485 1087 2051 1169; baseline -0.001 -20"><span class='ocrx_word' id='word_1_66' title='bbox 485 1112 583 1149; x_wconf 91' lang='grc' dir='ltr'><strong>πον</strong></span> <span class='ocrx_word' id='word_1_67' title='bbox 612 1088 703 1147; x_wconf 77' lang='grc' dir='ltr'><strong>καὶ</strong></span> <span class='ocrx_word' id='word_1_68' title='bbox 735 1088 857 1169; x_wconf 83' lang='grc' dir='ltr'>περὶ</span> <span class='ocrx_word' id='word_1_69' title='bbox 878 1088 997 1154; x_wconf 76' lang='grc' dir='ltr'>τοὺς</span> <span class='ocrx_word' id='word_1_70' title='bbox 1027 1087 1209 1165; x_wconf 85' lang='grc' dir='ltr'>λόγους</span> <span class='ocrx_word' id='word_1_71' title='bbox 1231 1091 1259 1145; x_wconf 85' lang='grc' dir='ltr'>ὁ</span> <span class='ocrx_word' id='word_1_72' title='bbox 1288 1088 1383 1157; x_wconf 83' lang='grc' dir='ltr'><strong>μὲν</strong></span> <span class='ocrx_word' id='word_1_73' title='bbox 1408 1089 1467 1146; x_wconf 86' lang='grc' dir='ltr'><strong>ἐκ</strong></span> <span class='ocrx_word' id='word_1_74' title='bbox 1497 1093 1591 1146; x_wconf 87' lang='grc' dir='ltr'><strong>τοῦ</strong></span> <span class='ocrx_word' id='word_1_75' title='bbox 1625 1089 1930 1167; x_wconf 77' lang='grc' dir='ltr'>παραυτίκα</span> <span class='ocrx_word' id='word_1_76' title='bbox 1959 1115 2051 1150; x_wconf 84' lang='grc' dir='ltr'><strong>κα·</strong></span> 
     </span>
     <span class='ocr_line' id='line_1_10' title="bbox 484 1174 2054 1257; baseline 0.001 -22"><span class='ocrx_word' id='word_1_77' title='bbox 484 1178 588 1244; x_wconf 88' lang='grc' dir='ltr'><strong>λῶς</strong></span> <span class='ocrx_word' id='word_1_78' title='bbox 613 1180 783 1245; x_wconf 74' lang='grc' dir='ltr'>αὐτοῖς</span> <span class='ocrx_word' id='word_1_79' title='bbox 812 1175 1081 1256; x_wconf 83' lang='grc' dir='ltr'>χρώμενος</span> <span class='ocrx_word' id='word_1_80' title='bbox 1110 1176 1203 1233; x_wconf 82' lang='grc' dir='ltr'>οὐκ</span> <span class='ocrx_word' id='word_1_81' title='bbox 1232 1174 1424 1245; x_wconf 82' lang='grc' dir='ltr'>ἄδηλον</span> <span class='ocrx_word' id='word_1_82' title='bbox 1454 1174 1532 1232; x_wconf 83' lang='grc' dir='ltr'><strong>ὅτι</strong></span> <span class='ocrx_word' id='word_1_83' title='bbox 1563 1175 1699 1251; x_wconf 72' lang='grc' dir='ltr'>μετὰ</span> <span class='ocrx_word' id='word_1_84' title='bbox 1722 1175 1918 1257; x_wconf 83' lang='grc' dir='ltr'>χρόνου</span> <span class='ocrx_word' id='word_1_85' title='bbox 1962 1176 2054 1236; x_wconf 76' lang='grc' dir='ltr'><strong>καὶ</strong></span> 
     </span>
     <span class='ocr_line' id='line_1_11' title="bbox 488 1261 2054 1344; baseline 0.001 -22"><span class='ocrx_word' id='word_1_86' title='bbox 488 1266 683 1344; x_wconf 77' lang='grc' dir='ltr'>σχολῆς</span> <span class='ocrx_word' id='word_1_87' title='bbox 705 1266 756 1321; x_wconf 88' lang='grc' dir='ltr'><strong>ἐν</strong></span> <span class='ocrx_word' id='word_1_88' title='bbox 778 1268 853 1342; x_wconf 81' lang='grc' dir='ltr'><strong>τῷ</strong></span> <span class='ocrx_word' id='word_1_89' title='bbox 884 1261 1103 1343; x_wconf 67' lang='grc' dir='ltr'>γράφειν</span> <span class='ocrx_word' id='word_1_90' title='bbox 1135 1262 1393 1342; x_wconf 73' lang='grc' dir='ltr'>διαφέρων</span> <span class='ocrx_word' id='word_1_91' title='bbox 1432 1261 1584 1320; x_wconf 82' lang='grc' dir='ltr'>ἔσται</span> <span class='ocrx_word' id='word_1_92' title='bbox 1626 1262 1918 1338; x_wconf 85' lang='grc' dir='ltr'>λογοποιός·</span> <span class='ocrx_word' id='word_1_93' title='bbox 1951 1268 1980 1322; x_wconf 83' lang='grc' dir='ltr'>ὁ</span> <span class='ocrx_word' id='word_1_94' title='bbox 2010 1265 2054 1322; x_wconf 86' lang='grc' dir='ltr'><strong>δ’</strong></span> 
     </span>
     <span class='ocr_line' id='line_1_12' title="bbox 412 1347 2058 1433; baseline -0.002 -20"><span class='ocrx_word' id='word_1_95' title='bbox 412 1374 463 1413; x_wconf 83' lang='lat'><strong>10</strong></span> <span class='ocrx_word' id='word_1_96' title='bbox 495 1353 585 1411; x_wconf 76' lang='grc' dir='ltr'><strong>ἐπὶ</strong></span> <span class='ocrx_word' id='word_1_97' title='bbox 605 1357 695 1411; x_wconf 89' lang='grc' dir='ltr'><strong>τοῦ</strong></span> <span class='ocrx_word' id='word_1_98' title='bbox 725 1351 943 1433; x_wconf 75' lang='grc' dir='ltr'>γράφειν</span> <span class='ocrx_word' id='word_1_99' title='bbox 972 1352 1067 1417; x_wconf 80' lang='grc' dir='ltr'><strong>τὰς</strong></span> <span class='ocrx_word' id='word_1_100' title='bbox 1094 1350 1363 1430; x_wconf 80' lang='grc' dir='ltr'>διατριὸὰς</span> <span class='ocrx_word' id='word_1_101' title='bbox 1392 1347 1701 1425; x_wconf 79' lang='grc' dir='ltr'>ποιούμενος</span> <span class='ocrx_word' id='word_1_102' title='bbox 1733 1354 1827 1409; x_wconf 80' lang='grc' dir='ltr'>οὐκ</span> <span class='ocrx_word' id='word_1_103' title='bbox 1866 1351 2058 1433; x_wconf 70' lang='grc' dir='ltr'>ἀφανὲς</span> 
     </span>
     <span class='ocr_line' id='line_1_13' title="bbox 488 1437 2054 1517; baseline 0.001 -19"><span class='ocrx_word' id='word_1_104' title='bbox 488 1438 571 1498; x_wconf 78' lang='grc' dir='ltr'><strong>ὅτι</strong></span> <span class='ocrx_word' id='word_1_105' title='bbox 608 1438 842 1517; x_wconf 72' lang='grc' dir='ltr'>μεταὸὰς</span> <span class='ocrx_word' id='word_1_106' title='bbox 872 1438 958 1499; x_wconf 76' lang='grc' dir='ltr'><strong>ἐπὶ</strong></span> <span class='ocrx_word' id='word_1_107' title='bbox 998 1437 1119 1506; x_wconf 76' lang='grc' dir='ltr'>τοὺς</span> <span class='ocrx_word' id='word_1_108' title='bbox 1150 1440 1675 1516; x_wconf 75' lang='grc' dir='ltr'>αὖτοτχεδιαστικοὺς</span> <span class='ocrx_word' id='word_1_109' title='bbox 1705 1440 1889 1517; x_wconf 80' lang='grc' dir='ltr'>λόγους</span> <span class='ocrx_word' id='word_1_110' title='bbox 1925 1442 2054 1499; x_wconf 78' lang='grc' dir='ltr'>ἀπο-</span> 
     </span>
     <span class='ocr_line' id='line_1_14' title="bbox 492 1525 2032 1609; baseline -0.001 -21"><span class='ocrx_word' id='word_1_111' title='bbox 492 1529 605 1609; x_wconf 89' lang='grc' dir='ltr'>ρίας</span> <span class='ocrx_word' id='word_1_112' title='bbox 632 1528 722 1587; x_wconf 80' lang='grc' dir='ltr'><strong>καὶ</strong></span> <span class='ocrx_word' id='word_1_113' title='bbox 739 1528 939 1587; x_wconf 84' lang='grc' dir='ltr'>πλάνου</span> <span class='ocrx_word' id='word_1_114' title='bbox 972 1526 1061 1584; x_wconf 82' lang='grc' dir='ltr'><strong>καὶ</strong></span> <span class='ocrx_word' id='word_1_115' title='bbox 1084 1531 1319 1606; x_wconf 79' lang='grc' dir='ltr'>ταραχῆς</span> <span class='ocrx_word' id='word_1_116' title='bbox 1340 1525 1441 1594; x_wconf 75' lang='grc' dir='ltr'>ἕξει</span> <span class='ocrx_word' id='word_1_117' title='bbox 1462 1529 1643 1605; x_wconf 81' lang='grc' dir='ltr'>πλήρη</span> <span class='ocrx_word' id='word_1_118' title='bbox 1672 1527 1770 1599; x_wconf 86' lang='grc' dir='ltr'><strong>τὴν</strong></span> <span class='ocrx_word' id='word_1_119' title='bbox 1794 1529 2032 1606; x_wconf 88' lang='grc' dir='ltr'>γνώμην.</span> 
     </span>
    </p>

    <p class='ocr_par' dir='ltr' id='par_1_6' title="bbox 414 1613 2064 3459">
     <span class='ocr_line' id='line_1_15' title="bbox 568 1613 2060 1696; baseline -0.001 -21"><span class='ocrx_word' id='word_1_120' title='bbox 568 1636 617 1677; x_wconf 75' lang='grc' dir='ltr'><strong>ε.</strong></span> <span class='ocrx_word' id='word_1_121' title='bbox 662 1614 930 1693; x_wconf 84' lang='grc' dir='ltr'>Ἧγοῦμαι</span> <span class='ocrx_word' id='word_1_122' title='bbox 959 1613 1013 1672; x_wconf 81' lang='grc' dir='ltr'><strong>δὲ</strong></span> <span class='ocrx_word' id='word_1_123' title='bbox 1040 1614 1131 1672; x_wconf 83' lang='grc' dir='ltr'><strong>καὶ</strong></span> <span class='ocrx_word' id='word_1_124' title='bbox 1170 1618 1247 1696; x_wconf 81' lang='grc' dir='ltr'><strong>τῷ</strong></span> <span class='ocrx_word' id='word_1_125' title='bbox 1281 1615 1379 1695; x_wconf 79' lang='grc' dir='ltr'><strong>βίῳ</strong></span> <span class='ocrx_word' id='word_1_126' title='bbox 1414 1620 1519 1675; x_wconf 89' lang='grc' dir='ltr'><strong>τῶν</strong></span> <span class='ocrx_word' id='word_1_127' title='bbox 1552 1614 1839 1695; x_wconf 75' lang='grc' dir='ltr'>ἀνθρώπων</span> <span class='ocrx_word' id='word_1_128' title='bbox 1869 1617 1930 1673; x_wconf 85' lang='grc' dir='ltr'><strong>τὸ</strong></span> <span class='ocrx_word' id='word_1_129' title='bbox 1961 1616 2060 1692; x_wconf 80' lang='grc' dir='ltr'><strong>μὲν</strong></span> 
     </span>
     <span class='ocr_line' id='line_1_16' title="bbox 490 1692 2058 1783; baseline -0.001 -20"><span class='ocrx_word' id='word_1_130' title='bbox 490 1702 658 1779; x_wconf 85' lang='grc' dir='ltr'>λέγειν</span> <span class='ocrx_word' id='word_1_131' title='bbox 701 1703 785 1761; x_wconf 81' lang='grc' dir='ltr'><strong>ἀεί</strong></span> <span class='ocrx_word' id='word_1_132' title='bbox 818 1726 875 1761; x_wconf 90' lang='grc' dir='ltr'><strong>τε</strong></span> <span class='ocrx_word' id='word_1_133' title='bbox 908 1703 999 1761; x_wconf 79' lang='grc' dir='ltr'><strong>καὶ</strong></span> <span class='ocrx_word' id='word_1_134' title='bbox 1034 1702 1123 1760; x_wconf 82' lang='grc' dir='ltr'>διὰ</span> <span class='ocrx_word' id='word_1_135' title='bbox 1152 1702 1347 1768; x_wconf 85' lang='grc' dir='ltr'>παντὸς</span> <span class='ocrx_word' id='word_1_136' title='bbox 1380 1702 1645 1783; x_wconf 75' lang='grc' dir='ltr'>χρήσιμον</span> <span class='ocrx_word' id='word_1_137' title='bbox 1672 1692 1837 1777; x_wconf 73' lang='grc' dir='ltr'>εἶναι,</span> <span class='ocrx_word' id='word_1_138' title='bbox 1871 1708 1960 1763; x_wconf 91' lang='grc' dir='ltr'><strong>τοῦ</strong></span> <span class='ocrx_word' id='word_1_139' title='bbox 2003 1704 2058 1762; x_wconf 74' lang='grc' dir='ltr'><strong>δὲ</strong></span> 
     </span>
     <span class='ocr_line' id='line_1_17' title="bbox 416 1788 2059 1873; baseline -0.002 -18"><span class='ocrx_word' id='word_1_140' title='bbox 416 1814 465 1855; x_wconf 72' lang='grc' dir='ltr'>ιο</span> <span class='ocrx_word' id='word_1_141' title='bbox 490 1794 709 1873; x_wconf 78' lang='grc' dir='ltr'>γράφειν</span> <span class='ocrx_word' id='word_1_142' title='bbox 736 1790 970 1869; x_wconf 82' lang='grc' dir='ltr'>ὀλιγάκις</span> <span class='ocrx_word' id='word_1_143' title='bbox 995 1788 1235 1869; x_wconf 82' lang='grc' dir='ltr'>εὔκαιρον</span> <span class='ocrx_word' id='word_1_144' title='bbox 1260 1790 1353 1861; x_wconf 84' lang='grc' dir='ltr'><strong>τὴν</strong></span> <span class='ocrx_word' id='word_1_145' title='bbox 1386 1790 1605 1868; x_wconf 79' lang='grc' dir='ltr'>δύναμιν</span> <span class='ocrx_word' id='word_1_146' title='bbox 1637 1794 1777 1873; x_wconf 77' lang='grc' dir='ltr'>αὐτῷ</span> <span class='ocrx_word' id='word_1_147' title='bbox 1802 1792 2059 1851; x_wconf 87' lang='grc' dir='ltr'>καθίστα-</span> 
     </span>
     <span class='ocr_line' id='line_1_18' title="bbox 495 1870 2060 1958; baseline -0.003 -17"><span class='ocrx_word' id='word_1_148' title='bbox 495 1886 636 1942; x_wconf 86' lang='grc' dir='ltr'>σθαι.</span> <span class='ocrx_word' id='word_1_149' title='bbox 720 1880 817 1947; x_wconf 87' lang='grc' dir='ltr'><strong>Τίς</strong></span> <span class='ocrx_word' id='word_1_150' title='bbox 843 1877 945 1958; x_wconf 76' lang='grc' dir='ltr'><strong>γὰρ</strong></span> <span class='ocrx_word' id='word_1_151' title='bbox 970 1879 1065 1937; x_wconf 81' lang='grc' dir='ltr'>οὐκ</span> <span class='ocrx_word' id='word_1_152' title='bbox 1087 1870 1221 1936; x_wconf 74' lang='grc' dir='ltr'>οἶδεν</span> <span class='ocrx_word' id='word_1_153' title='bbox 1244 1877 1325 1937; x_wconf 82' lang='grc' dir='ltr'><strong>ὅτι</strong></span> <span class='ocrx_word' id='word_1_154' title='bbox 1344 1878 1513 1955; x_wconf 88' lang='grc' dir='ltr'>λέγειν</span> <span class='ocrx_word' id='word_1_155' title='bbox 1537 1878 1631 1956; x_wconf 83' lang='grc' dir='ltr'><strong>μὲν</strong></span> <span class='ocrx_word' id='word_1_156' title='bbox 1660 1882 1717 1937; x_wconf 87' lang='grc' dir='ltr'><strong>ἐκ</strong></span> <span class='ocrx_word' id='word_1_157' title='bbox 1742 1884 1833 1937; x_wconf 87' lang='grc' dir='ltr'><strong>τοῦ</strong></span> <span class='ocrx_word' id='word_1_158' title='bbox 1860 1902 2060 1955; x_wconf 84' lang='grc' dir='ltr'>παραυ-</span> 
     </span>
     <span class='ocr_line' id='line_1_19' title="bbox 492 1966 2060 2046; baseline -0.002 -18"><span class='ocrx_word' id='word_1_159' title='bbox 492 1970 614 2028; x_wconf 86' lang='grc' dir='ltr'>τίκα</span> <span class='ocrx_word' id='word_1_160' title='bbox 638 1966 729 2027; x_wconf 73' lang='grc' dir='ltr'><strong>καὶ</strong></span> <span class='ocrx_word' id='word_1_161' title='bbox 760 1970 1115 2046; x_wconf 77' lang='grc' dir='ltr'>δημηγοροῦσι</span> <span class='ocrx_word' id='word_1_162' title='bbox 1152 1966 1242 2024; x_wconf 78' lang='grc' dir='ltr'><strong>καὶ</strong></span> <span class='ocrx_word' id='word_1_163' title='bbox 1284 1968 1637 2043; x_wconf 81' lang='grc' dir='ltr'>δικαζομένοις</span> <span class='ocrx_word' id='word_1_164' title='bbox 1672 1966 1764 2026; x_wconf 80' lang='grc' dir='ltr'><strong>καὶ</strong></span> <span class='ocrx_word' id='word_1_165' title='bbox 1791 1966 1882 2033; x_wconf 71' lang='grc' dir='ltr'><strong>τὰς</strong></span> <span class='ocrx_word' id='word_1_166' title='bbox 1929 1967 2060 2035; x_wconf 83' lang='grc' dir='ltr'>ἰδίας</span> 
     </span>
     <span class='ocr_line' id='line_1_20' title="bbox 493 2054 2059 2135; baseline -0.003 -16"><span class='ocrx_word' id='word_1_167' title='bbox 493 2058 703 2135; x_wconf 81' lang='grc' dir='ltr'>ὁμιλίας</span> <span class='ocrx_word' id='word_1_168' title='bbox 727 2062 959 2116; x_wconf 87' lang='grc' dir='ltr'>ποιοῦσιν</span> <span class='ocrx_word' id='word_1_169' title='bbox 991 2054 1271 2133; x_wconf 85' lang='grc' dir='ltr'>ἀναγκαῖόν</span> <span class='ocrx_word' id='word_1_170' title='bbox 1289 2057 1400 2113; x_wconf 86' lang='grc' dir='ltr'>ἐστι</span> <span class='ocrx_word' id='word_1_171' title='bbox 1414 2100 1433 2133; x_wconf 90' lang='grc'>,</span> <span class='ocrx_word' id='word_1_172' title='bbox 1458 2056 1549 2114; x_wconf 83' lang='grc' dir='ltr'><strong>καὶ</strong></span> <span class='ocrx_word' id='word_1_173' title='bbox 1574 2054 1826 2123; x_wconf 86' lang='grc' dir='ltr'>πολλάκις</span> <span class='ocrx_word' id='word_1_174' title='bbox 1855 2058 2059 2131; x_wconf 80' lang='grc' dir='ltr'>ἀπροσ-</span> 
     </span>
     <span class='ocr_line' id='line_1_21' title="bbox 497 2136 2062 2225; baseline -0.001 -20"><span class='ocrx_word' id='word_1_175' title='bbox 497 2148 727 2218; x_wconf 81' lang='grc' dir='ltr'>δοκήτως</span> <span class='ocrx_word' id='word_1_176' title='bbox 754 2144 930 2225; x_wconf 72' lang='grc' dir='ltr'>καιροὶ</span> <span class='ocrx_word' id='word_1_177' title='bbox 958 2143 1285 2223; x_wconf 83' lang='grc' dir='ltr'>πραγμάτων</span> <span class='ocrx_word' id='word_1_178' title='bbox 1325 2146 1777 2224; x_wconf 79' lang='grc' dir='ltr'>παραπίπτουσιν,</span> <span class='ocrx_word' id='word_1_179' title='bbox 1810 2147 1863 2202; x_wconf 84' lang='grc' dir='ltr'><strong>ἐν</strong></span> <span class='ocrx_word' id='word_1_180' title='bbox 1902 2136 1978 2210; x_wconf 76' lang='grc' dir='ltr'><strong>οἶς</strong></span> <span class='ocrx_word' id='word_1_181' title='bbox 2013 2146 2062 2203; x_wconf 82' lang='grc' dir='ltr'>οἱ</span> 
     </span>
     <span class='ocr_line' id='line_1_22' title="bbox 414 2220 2062 2312; baseline -0.002 -19"><span class='ocrx_word' id='word_1_182' title='bbox 414 2248 470 2287; x_wconf 82' lang='lat'><strong>20</strong></span> <span class='ocrx_word' id='word_1_183' title='bbox 496 2234 591 2310; x_wconf 81' lang='grc' dir='ltr'><strong>μὲν</strong></span> <span class='ocrx_word' id='word_1_184' title='bbox 634 2236 933 2300; x_wconf 78' lang='grc' dir='ltr'>σιωπῶντες</span> <span class='ocrx_word' id='word_1_185' title='bbox 972 2232 1417 2312; x_wconf 68' lang='grc' dir='ltr'>εὐκαταφρόνητοι</span> <span class='ocrx_word' id='word_1_186' title='bbox 1462 2230 1691 2299; x_wconf 81' lang='grc' dir='ltr'>δόξουσιν</span> <span class='ocrx_word' id='word_1_187' title='bbox 1736 2220 1872 2290; x_wconf 68' lang='grc' dir='ltr'>εἶναι</span> <span class='ocrx_word' id='word_1_188' title='bbox 1896 2276 1910 2303; x_wconf 92' lang='grc'>,</span> <span class='ocrx_word' id='word_1_189' title='bbox 1943 2230 2062 2299; x_wconf 78' lang='grc' dir='ltr'>τοὺς</span> 
     </span>
     <span class='ocr_line' id='line_1_23' title="bbox 496 2318 2060 2402; baseline -0.002 -21"><span class='ocrx_word' id='word_1_190' title='bbox 496 2323 549 2383; x_wconf 81' lang='grc' dir='ltr'><strong>δὲ</strong></span> <span class='ocrx_word' id='word_1_191' title='bbox 574 2322 818 2402; x_wconf 88' lang='grc' dir='ltr'>λέγοντας</span> <span class='ocrx_word' id='word_1_192' title='bbox 858 2324 929 2388; x_wconf 82' lang='grc' dir='ltr'><strong>ὡς</strong></span> <span class='ocrx_word' id='word_1_193' title='bbox 968 2320 1163 2379; x_wconf 80' lang='grc' dir='ltr'>ἰσόθεον</span> <span class='ocrx_word' id='word_1_194' title='bbox 1204 2320 1301 2391; x_wconf 77' lang='grc' dir='ltr'><strong>τὴν</strong></span> <span class='ocrx_word' id='word_1_195' title='bbox 1322 2318 1537 2400; x_wconf 86' lang='grc' dir='ltr'>γνώμην</span> <span class='ocrx_word' id='word_1_196' title='bbox 1586 2318 1800 2401; x_wconf 62' lang='grc' dir='ltr'>ἔχοντας</span> <span class='ocrx_word' id='word_1_197' title='bbox 1829 2322 1930 2379; x_wconf 76' lang='grc' dir='ltr'><strong>ὑπὸ</strong></span> <span class='ocrx_word' id='word_1_198' title='bbox 1957 2324 2060 2378; x_wconf 89' lang='grc' dir='ltr'><strong>τῶν</strong></span> 
     </span>
     <span class='ocr_line' id='line_1_24' title="bbox 494 2406 2062 2488; baseline -0.003 -19"><span class='ocrx_word' id='word_1_199' title='bbox 494 2411 668 2471; x_wconf 82' lang='grc' dir='ltr'>ἄλλων</span> <span class='ocrx_word' id='word_1_200' title='bbox 710 2409 1037 2488; x_wconf 81' lang='grc' dir='ltr'>τιμωμένους</span> <span class='ocrx_word' id='word_1_201' title='bbox 1074 2411 1297 2488; x_wconf 85' lang='grc' dir='ltr'>ὁρῶμεν.</span> <span class='ocrx_word' id='word_1_202' title='bbox 1376 2406 1552 2469; x_wconf 87' lang='grc' dir='ltr'>Ὅταν</span> <span class='ocrx_word' id='word_1_203' title='bbox 1598 2410 1699 2487; x_wconf 81' lang='grc' dir='ltr'><strong>γὰρ</strong></span> <span class='ocrx_word' id='word_1_204' title='bbox 1750 2412 2062 2479; x_wconf 75' lang='grc' dir='ltr'>νουθετῆσαι</span> 
     </span>
     <span class='ocr_line' id='line_1_25' title="bbox 495 2496 2064 2577; baseline -0.001 -20"><span class='ocrx_word' id='word_1_205' title='bbox 495 2499 587 2577; x_wconf 82' lang='grc' dir='ltr'>δέῃ</span> <span class='ocrx_word' id='word_1_206' title='bbox 618 2498 736 2570; x_wconf 74' lang='grc' dir='ltr'>τοὺς</span> <span class='ocrx_word' id='word_1_207' title='bbox 764 2498 1163 2577; x_wconf 78' lang='grc' dir='ltr'>ἁμαρτάνοντας</span> <span class='ocrx_word' id='word_1_208' title='bbox 1212 2496 1247 2568; x_wconf 82' lang='grc' dir='ltr'>ἢ</span> <span class='ocrx_word' id='word_1_209' title='bbox 1278 2498 1762 2576; x_wconf 83' lang='grc' dir='ltr'>παραμυθήσασθαι</span> <span class='ocrx_word' id='word_1_210' title='bbox 1798 2496 1918 2563; x_wconf 78' lang='grc' dir='ltr'>τοὺς</span> <span class='ocrx_word' id='word_1_211' title='bbox 1948 2498 2064 2556; x_wconf 85' lang='grc' dir='ltr'>δυσ·</span> 
     </span>
     <span class='ocr_line' id='line_1_26' title="bbox 492 2582 2061 2669; baseline -0.003 -23"><span class='ocrx_word' id='word_1_212' title='bbox 492 2594 779 2669; x_wconf 71' lang='grc' dir='ltr'>τυχοῦντας</span> <span class='ocrx_word' id='word_1_213' title='bbox 806 2585 843 2657; x_wconf 66' lang='grc' dir='ltr'>ἢ</span> <span class='ocrx_word' id='word_1_214' title='bbox 873 2588 1104 2665; x_wconf 74' lang='grc' dir='ltr'>πραῧναι</span> <span class='ocrx_word' id='word_1_215' title='bbox 1140 2582 1257 2651; x_wconf 75' lang='grc' dir='ltr'>τοὺς</span> <span class='ocrx_word' id='word_1_216' title='bbox 1286 2584 1682 2662; x_wconf 80' lang='grc' dir='ltr'>ἀπολλυμένους</span> <span class='ocrx_word' id='word_1_217' title='bbox 1708 2582 1742 2655; x_wconf 80' lang='grc' dir='ltr'><strong>ἢ</strong></span> <span class='ocrx_word' id='word_1_218' title='bbox 1782 2584 1878 2651; x_wconf 81' lang='grc' dir='ltr'><strong>τὰς</strong></span> <span class='ocrx_word' id='word_1_219' title='bbox 1923 2584 2061 2652; x_wconf 80' lang='grc' dir='ltr'>ἐξαί-</span> 
     </span>
     <span class='ocr_line' id='line_1_27' title="bbox 414 2668 2060 2757; baseline -0.004 -21"><span class='ocrx_word' id='word_1_220' title='bbox 414 2698 469 2737; x_wconf 71' lang='grc' dir='ltr'><strong>αε</strong></span> <span class='ocrx_word' id='word_1_221' title='bbox 496 2699 623 2757; x_wconf 77' lang='grc' dir='ltr'>φνης</span> <span class='ocrx_word' id='word_1_222' title='bbox 674 2672 1037 2753; x_wconf 78' lang='grc' dir='ltr'>ἐπενεχθείσας</span> <span class='ocrx_word' id='word_1_223' title='bbox 1076 2668 1249 2739; x_wconf 80' lang='grc' dir='ltr'>αἰτίας</span> <span class='ocrx_word' id='word_1_224' title='bbox 1288 2671 1685 2743; x_wconf 82' lang='grc' dir='ltr'>ἀπολύσασθαι,</span> <span class='ocrx_word' id='word_1_225' title='bbox 1730 2675 1999 2743; x_wconf 80' lang='grc' dir='ltr'>τηνικαῦθ’</span> <span class='ocrx_word' id='word_1_226' title='bbox 2027 2676 2060 2743; x_wconf 81' lang='grc' dir='ltr'>ἡ</span> 
     </span>
     <span class='ocr_line' id='line_1_28' title="bbox 494 2760 2062 2844; baseline -0.002 -21"><span class='ocrx_word' id='word_1_227' title='bbox 494 2770 585 2823; x_wconf 90' lang='grc' dir='ltr'><strong>τοῦ</strong></span> <span class='ocrx_word' id='word_1_228' title='bbox 623 2762 793 2844; x_wconf 88' lang='grc' dir='ltr'>λέγειν</span> <span class='ocrx_word' id='word_1_229' title='bbox 816 2762 1033 2839; x_wconf 83' lang='grc' dir='ltr'>δύναμις</span> <span class='ocrx_word' id='word_1_230' title='bbox 1056 2764 1123 2839; x_wconf 78' lang='grc' dir='ltr'><strong>τῇ</strong></span> <span class='ocrx_word' id='word_1_231' title='bbox 1147 2760 1303 2841; x_wconf 74' lang='grc' dir='ltr'>χρεία</span> <span class='ocrx_word' id='word_1_232' title='bbox 1325 2763 1429 2818; x_wconf 86' lang='grc' dir='ltr'><strong>τῶν</strong></span> <span class='ocrx_word' id='word_1_233' title='bbox 1463 2760 1752 2841; x_wconf 77' lang='grc' dir='ltr'>ἀνθρώπων</span> <span class='ocrx_word' id='word_1_234' title='bbox 1774 2762 2062 2840; x_wconf 74' lang='grc' dir='ltr'>ἐπικουρεῖν</span> 
     </span>
     <span class='ocr_line' id='line_1_29' title="bbox 496 2848 2062 2928; baseline -0.003 -17"><span class='ocrx_word' id='word_1_235' title='bbox 496 2852 581 2911; x_wconf 80' lang='grc' dir='ltr'><strong>οἵα</strong></span> <span class='ocrx_word' id='word_1_236' title='bbox 608 2852 665 2911; x_wconf 84' lang='grc' dir='ltr'><strong>τέ</strong></span> <span class='ocrx_word' id='word_1_237' title='bbox 709 2854 845 2909; x_wconf 86' lang='grc' dir='ltr'>ἐστιν</span> <span class='ocrx_word' id='word_1_238' title='bbox 866 2894 883 2924; x_wconf 88' lang='grc'>,</span> <span class='ocrx_word' id='word_1_239' title='bbox 905 2853 939 2921; x_wconf 82' lang='grc' dir='ltr'>ἡ</span> <span class='ocrx_word' id='word_1_240' title='bbox 973 2848 1027 2907; x_wconf 72' lang='grc' dir='ltr'><strong>δὲ</strong></span> <span class='ocrx_word' id='word_1_241' title='bbox 1050 2848 1227 2927; x_wconf 78' lang='grc' dir='ltr'>γραφὴ</span> <span class='ocrx_word' id='word_1_242' title='bbox 1253 2850 1449 2927; x_wconf 76' lang='grc' dir='ltr'>σχολῆς</span> <span class='ocrx_word' id='word_1_243' title='bbox 1480 2850 1647 2907; x_wconf 83' lang='grc' dir='ltr'>δεῖται</span> <span class='ocrx_word' id='word_1_244' title='bbox 1676 2848 1765 2907; x_wconf 79' lang='grc' dir='ltr'><strong>καὶ</strong></span> <span class='ocrx_word' id='word_1_245' title='bbox 1799 2850 2062 2928; x_wconf 73' lang='grc' dir='ltr'>μακροτέ·</span> 
     </span>
     <span class='ocr_line' id='line_1_30' title="bbox 498 2935 2064 3021; baseline -0.003 -22"><span class='ocrx_word' id='word_1_246' title='bbox 498 2963 616 3021; x_wconf 88' lang='grc' dir='ltr'>ρους</span> <span class='ocrx_word' id='word_1_247' title='bbox 656 2945 885 3001; x_wconf 86' lang='grc' dir='ltr'>ποιεῖται</span> <span class='ocrx_word' id='word_1_248' title='bbox 921 2935 1038 3004; x_wconf 76' lang='grc' dir='ltr'>τοὺς</span> <span class='ocrx_word' id='word_1_249' title='bbox 1067 2936 1282 3017; x_wconf 77' lang='grc' dir='ltr'>χρόνους</span> <span class='ocrx_word' id='word_1_250' title='bbox 1328 2943 1431 2997; x_wconf 85' lang='grc' dir='ltr'><strong>τῶν</strong></span> <span class='ocrx_word' id='word_1_251' title='bbox 1480 2941 1695 3018; x_wconf 87' lang='grc' dir='ltr'>καιρῶν·</span> <span class='ocrx_word' id='word_1_252' title='bbox 1737 2940 1794 2995; x_wconf 82' lang='lat' dir='ltr'><strong>o‘r</strong></span> <span class='ocrx_word' id='word_1_253' title='bbox 1826 2937 1923 3013; x_wconf 82' lang='grc' dir='ltr'><strong>μὲν</strong></span> <span class='ocrx_word' id='word_1_254' title='bbox 1961 2936 2064 3017; x_wconf 80' lang='grc' dir='ltr'><strong>γὰρ</strong></span> 
     </span>
     <span class='ocr_line' id='line_1_31' title="bbox 496 3024 2061 3110; baseline -0.004 -21"><span class='ocrx_word' id='word_1_255' title='bbox 496 3039 716 3110; x_wconf 79' lang='grc' dir='ltr'>ταχεῖαν</span> <span class='ocrx_word' id='word_1_256' title='bbox 757 3029 851 3099; x_wconf 77' lang='grc' dir='ltr'><strong>τὴν</strong></span> <span class='ocrx_word' id='word_1_257' title='bbox 886 3026 1186 3105; x_wconf 77' lang='grc' dir='ltr'>ἐπικουρίαν</span> <span class='ocrx_word' id='word_1_258' title='bbox 1229 3025 1317 3083; x_wconf 80' lang='grc' dir='ltr'><strong>ἐπὶ</strong></span> <span class='ocrx_word' id='word_1_259' title='bbox 1344 3030 1447 3084; x_wconf 91' lang='grc' dir='ltr'><strong>τῶν</strong></span> <span class='ocrx_word' id='word_1_260' title='bbox 1480 3024 1695 3104; x_wconf 84' lang='grc' dir='ltr'>ἀγώνων</span> <span class='ocrx_word' id='word_1_261' title='bbox 1727 3029 2061 3103; x_wconf 78' lang='grc' dir='ltr'>ἀπαιτοῦσιν,</span> 
     </span>
     <span class='ocr_line' id='line_1_32' title="bbox 420 3112 2060 3195; baseline -0.005 -16"><span class='ocrx_word' id='word_1_262' title='bbox 420 3141 476 3179; x_wconf 77' lang='lat' dir='ltr'><strong>ao</strong></span> <span class='ocrx_word' id='word_1_263' title='bbox 498 3124 531 3191; x_wconf 76' lang='grc' dir='ltr'>ἡ</span> <span class='ocrx_word' id='word_1_264' title='bbox 575 3120 629 3177; x_wconf 86' lang='grc' dir='ltr'><strong>δὲ</strong></span> <span class='ocrx_word' id='word_1_265' title='bbox 659 3117 798 3177; x_wconf 82' lang='grc' dir='ltr'>κατὰ</span> <span class='ocrx_word' id='word_1_266' title='bbox 823 3112 1017 3195; x_wconf 76' lang='grc' dir='ltr'>σχολὴν</span> <span class='ocrx_word' id='word_1_267' title='bbox 1046 3115 1135 3171; x_wconf 76' lang='grc' dir='ltr'><strong>καὶ</strong></span> <span class='ocrx_word' id='word_1_268' title='bbox 1166 3112 1397 3191; x_wconf 83' lang='grc' dir='ltr'>βραδέως</span> <span class='ocrx_word' id='word_1_269' title='bbox 1433 3114 1663 3171; x_wconf 86' lang='grc' dir='ltr'>ἐπιτελεῖ</span> <span class='ocrx_word' id='word_1_270' title='bbox 1702 3112 1817 3180; x_wconf 77' lang='grc' dir='ltr'>τοὺς</span> <span class='ocrx_word' id='word_1_271' title='bbox 1860 3112 2060 3189; x_wconf 86' lang='grc' dir='ltr'>λόγους.</span> 
     </span>
     <span class='ocr_line' id='line_1_33' title="bbox 495 3200 2063 3283; baseline -0.007 -16"><span class='ocrx_word' id='word_1_272' title='bbox 495 3208 667 3267; x_wconf 68' lang='lat' dir='ltr'><strong>“stote</strong></span> <span class='ocrx_word' id='word_1_273' title='bbox 700 3206 776 3272; x_wconf 90' lang='grc' dir='ltr'><strong>τίς</strong></span> <span class='ocrx_word' id='word_1_274' title='bbox 798 3205 862 3263; x_wconf 73' lang='grc' dir='ltr'><strong>ἂν</strong></span> <span class='ocrx_word' id='word_1_275' title='bbox 878 3206 1079 3283; x_wconf 73' lang='grc' dir='ltr'>φρονῶν</span> <span class='ocrx_word' id='word_1_276' title='bbox 1111 3202 1306 3274; x_wconf 85' lang='grc' dir='ltr'>ταύτην</span> <span class='ocrx_word' id='word_1_277' title='bbox 1336 3202 1431 3273; x_wconf 80' lang='grc' dir='ltr'><strong>τὴν</strong></span> <span class='ocrx_word' id='word_1_278' title='bbox 1454 3200 1669 3277; x_wconf 81' lang='grc' dir='ltr'>δύναμιν</span> <span class='ocrx_word' id='word_1_279' title='bbox 1689 3200 1969 3271; x_wconf 83' lang='grc' dir='ltr'>ζηλώσειεν</span> <span class='ocrx_word' id='word_1_280' title='bbox 1989 3245 2005 3278; x_wconf 86' lang='grc'>,</span> <span class='ocrx_word' id='word_1_281' title='bbox 2029 3202 2063 3273; x_wconf 80' lang='grc' dir='ltr'><strong>ἣ</strong></span> 
     </span>
     <span class='ocr_line' id='line_1_34' title="bbox 496 3288 2062 3374; baseline -0.003 -21"><span class='ocrx_word' id='word_1_282' title='bbox 496 3298 600 3353; x_wconf 88' lang='grc' dir='ltr'><strong>τῶν</strong></span> <span class='ocrx_word' id='word_1_283' title='bbox 623 3296 817 3374; x_wconf 88' lang='grc' dir='ltr'>καιρῶν</span> <span class='ocrx_word' id='word_1_284' title='bbox 853 3295 1095 3350; x_wconf 86' lang='grc' dir='ltr'>τοσοῦτον</span> <span class='ocrx_word' id='word_1_285' title='bbox 1128 3290 1501 3362; x_wconf 81' lang='grc' dir='ltr'>ἀπολείπεται;</span> <span class='ocrx_word' id='word_1_286' title='bbox 1538 3292 1649 3355; x_wconf 86' lang='grc' dir='ltr'><strong>πῶς</strong></span> <span class='ocrx_word' id='word_1_287' title='bbox 1675 3288 1720 3346; x_wconf 89' lang='grc' dir='ltr'><strong>δ’</strong></span> <span class='ocrx_word' id='word_1_288' title='bbox 1740 3290 1798 3347; x_wconf 86' lang='grc' dir='ltr'>οὗ</span> <span class='ocrx_word' id='word_1_289' title='bbox 1825 3288 2062 3366; x_wconf 83' lang='grc' dir='ltr'>καταγέ·</span> 
     </span>
     <span class='ocr_line' id='line_1_35' title="bbox 498 3376 2062 3459; baseline -0.005 -18"><span class='ocrx_word' id='word_1_290' title='bbox 498 3386 687 3443; x_wconf 88' lang='grc' dir='ltr'>λαστον</span> <span class='ocrx_word' id='word_1_291' title='bbox 705 3426 723 3455; x_wconf 91' lang='grc'>,</span> <span class='ocrx_word' id='word_1_292' title='bbox 747 3384 793 3440; x_wconf 82' lang='grc' dir='ltr'><strong>εἰ</strong></span> <span class='ocrx_word' id='word_1_293' title='bbox 820 3385 911 3439; x_wconf 91' lang='grc' dir='ltr'><strong>τοῦ</strong></span> <span class='ocrx_word' id='word_1_294' title='bbox 934 3380 1159 3459; x_wconf 85' lang='grc' dir='ltr'>κήρυκος</span> <span class='ocrx_word' id='word_1_295' title='bbox 1184 3380 1611 3456; x_wconf 82' lang='grc' dir='ltr'>παρακαλοῦντος</span> <span class='ocrx_word' id='word_1_296' title='bbox 1643 3402 1667 3429; x_wconf 73' lang='grc' dir='ltr'><strong>ε</strong></span> <span class='ocrx_word' id='word_1_297' title='bbox 1695 3376 1773 3442; x_wconf 90' lang='grc' dir='ltr'><strong>τίς</strong></span> <span class='ocrx_word' id='word_1_298' title='bbox 1798 3378 2062 3456; x_wconf 82' lang='grc' dir='ltr'>ἀγορεύειν</span> 
     </span>
    </p>
   </div>
   <div class='ocr_carea' id='block_1_5' title="bbox 502 3464 2068 3551">
    <p class='ocr_par' dir='ltr' id='par_1_7' title="bbox 502 3464 2068 3551">
     <span class='ocr_line' id='line_1_36' title="bbox 502 3464 2068 3551; baseline -0.004 -21"><span class='ocrx_word' id='word_1_299' title='bbox 502 3468 743 3551; x_wconf 76' lang='grc' dir='ltr'>βούλεται</span> <span class='ocrx_word' id='word_1_300' title='bbox 767 3471 868 3528; x_wconf 86' lang='grc' dir='ltr'><strong>τῶν</strong></span> <span class='ocrx_word' id='word_1_301' title='bbox 898 3470 1146 3541; x_wconf 87' lang='grc' dir='ltr'>πολιτῶν,</span> <span class='ocrx_word' id='word_1_302' title='bbox 1179 3494 1201 3519; x_wconf 75' lang='grc' dir='ltr'>ι</span> <span class='ocrx_word' id='word_1_303' title='bbox 1230 3464 1265 3536; x_wconf 78' lang='grc' dir='ltr'>ἢ</span> <span class='ocrx_word' id='word_1_304' title='bbox 1291 3470 1381 3524; x_wconf 90' lang='grc' dir='ltr'><strong>τοῦ</strong></span> <span class='ocrx_word' id='word_1_305' title='bbox 1412 3464 1592 3531; x_wconf 78' lang='grc' dir='ltr'>ὕδατος</span> <span class='ocrx_word' id='word_1_306' title='bbox 1612 3468 1667 3525; x_wconf 83' lang='grc' dir='ltr'><strong>ἐν</strong></span> <span class='ocrx_word' id='word_1_307' title='bbox 1694 3473 1799 3530; x_wconf 81' lang='grc' dir='ltr'>τοῖς</span> <span class='ocrx_word' id='word_1_308' title='bbox 1820 3466 2068 3537; x_wconf 81' lang='grc' dir='ltr'>δικαστη·</span> 
     </span>
    </p>
   </div>
   <div class='ocr_carea' id='block_1_6' title="bbox 420 3553 2068 5315">
    <p class='ocr_par' dir='ltr' id='par_1_8' title="bbox 420 3553 2068 5315">
     <span class='ocr_line' id='line_1_37' title="bbox 421 3553 2067 3641; baseline -0.001 -26"><span class='ocrx_word' id='word_1_309' title='bbox 421 3576 474 3615; x_wconf 71' lang='lat' dir='ltr'><strong>aa</strong></span> <span class='ocrx_word' id='word_1_310' title='bbox 503 3558 627 3641; x_wconf 89' lang='grc' dir='ltr'>ρίοις</span> <span class='ocrx_word' id='word_1_311' title='bbox 650 3558 753 3631; x_wconf 83' lang='grc' dir='ltr'><strong>ἤδη</strong></span> <span class='ocrx_word' id='word_1_312' title='bbox 781 3556 1000 3639; x_wconf 76' lang='grc' dir='ltr'>ῥέοντος,</span> <span class='ocrx_word' id='word_1_313' title='bbox 1022 3558 1109 3614; x_wconf 77' lang='grc' dir='ltr'><strong>ἐπὶ</strong></span> <span class='ocrx_word' id='word_1_314' title='bbox 1130 3554 1189 3613; x_wconf 77' lang='grc' dir='ltr'><strong>τὸ</strong></span> <span class='ocrx_word' id='word_1_315' title='bbox 1206 3562 1570 3635; x_wconf 85' lang='grc' dir='ltr'>γραμματεῖον</span> <span class='ocrx_word' id='word_1_316' title='bbox 1594 3554 1767 3635; x_wconf 79' lang='grc' dir='ltr'>ῥήτωρ</span> <span class='ocrx_word' id='word_1_317' title='bbox 1790 3553 2067 3633; x_wconf 76' lang='grc' dir='ltr'>πορεύοιτο</span> 
     </span>
     <span class='ocr_line' id='line_1_38' title="bbox 506 3644 2066 3723; baseline -0.004 -16"><span class='ocrx_word' id='word_1_318' title='bbox 506 3649 784 3721; x_wconf 84' lang='grc' dir='ltr'>συνθήσων</span> <span class='ocrx_word' id='word_1_319' title='bbox 810 3646 901 3705; x_wconf 77' lang='grc' dir='ltr'><strong>καὶ</strong></span> <span class='ocrx_word' id='word_1_320' title='bbox 927 3645 1287 3723; x_wconf 83' lang='grc' dir='ltr'>μαθησόμενος</span> <span class='ocrx_word' id='word_1_321' title='bbox 1316 3645 1503 3722; x_wconf 79' lang='grc' dir='ltr'>λόγον;</span> <span class='ocrx_word' id='word_1_322' title='bbox 1548 3648 1619 3710; x_wconf 84' lang='grc' dir='ltr'><strong>ὡς</strong></span> <span class='ocrx_word' id='word_1_323' title='bbox 1650 3646 1853 3716; x_wconf 82' lang='grc' dir='ltr'>ἀληθῶς</span> <span class='ocrx_word' id='word_1_324' title='bbox 1880 3644 1982 3723; x_wconf 74' lang='grc' dir='ltr'><strong>γὰρ</strong></span> <span class='ocrx_word' id='word_1_325' title='bbox 2021 3644 2066 3701; x_wconf 78' lang='grc' dir='ltr'><strong>εἰ</strong></span> 
     </span>
     <span class='ocr_line' id='line_1_39' title="bbox 500 3724 2060 3813; baseline -0.004 -18"><span class='ocrx_word' id='word_1_326' title='bbox 500 3736 595 3813; x_wconf 78' lang='grc' dir='ltr'><strong>μὲν</strong></span> <span class='ocrx_word' id='word_1_327' title='bbox 625 3728 758 3811; x_wconf 71' lang='grc' dir='ltr'>ἦμεν</span> <span class='ocrx_word' id='word_1_328' title='bbox 807 3734 1046 3813; x_wconf 81' lang='grc' dir='ltr'>τύραννοι</span> <span class='ocrx_word' id='word_1_329' title='bbox 1075 3738 1179 3792; x_wconf 83' lang='grc' dir='ltr'><strong>τῶν</strong></span> <span class='ocrx_word' id='word_1_330' title='bbox 1225 3732 1428 3793; x_wconf 82' lang='grc' dir='ltr'>πόλεων</span> <span class='ocrx_word' id='word_1_331' title='bbox 1451 3779 1466 3804; x_wconf 90' lang='grc'>,</span> <span class='ocrx_word' id='word_1_332' title='bbox 1513 3732 1596 3811; x_wconf 77' lang='grc' dir='ltr'><strong>ἐφ’</strong></span> <span class='ocrx_word' id='word_1_333' title='bbox 1625 3733 1753 3811; x_wconf 79' lang='grc' dir='ltr'>ἡμῖν</span> <span class='ocrx_word' id='word_1_334' title='bbox 1784 3732 1845 3789; x_wconf 83' lang='grc' dir='ltr'><strong>ἂν</strong></span> <span class='ocrx_word' id='word_1_335' title='bbox 1877 3724 1939 3803; x_wconf 72' lang='grc' dir='ltr'><strong>ἦν</strong></span> <span class='ocrx_word' id='word_1_336' title='bbox 1971 3732 2060 3790; x_wconf 84' lang='grc' dir='ltr'><strong>καὶ</strong></span> 
     </span>
     <span class='ocr_line' id='line_1_40' title="bbox 510 3820 2066 3903; baseline -0.003 -20"><span class='ocrx_word' id='word_1_337' title='bbox 510 3826 819 3903; x_wconf 87' lang='grc' dir='ltr'>δικαστήρια</span> <span class='ocrx_word' id='word_1_338' title='bbox 840 3822 1109 3899; x_wconf 87' lang='grc' dir='ltr'>συλλέγειν</span> <span class='ocrx_word' id='word_1_339' title='bbox 1129 3821 1221 3881; x_wconf 77' lang='grc' dir='ltr'><strong>καὶ</strong></span> <span class='ocrx_word' id='word_1_340' title='bbox 1246 3820 1369 3901; x_wconf 78' lang='grc' dir='ltr'>περὶ</span> <span class='ocrx_word' id='word_1_341' title='bbox 1396 3826 1499 3881; x_wconf 89' lang='grc' dir='ltr'><strong>τῶν</strong></span> <span class='ocrx_word' id='word_1_342' title='bbox 1518 3824 1701 3880; x_wconf 85' lang='grc' dir='ltr'>κοινῶν</span> <span class='ocrx_word' id='word_1_343' title='bbox 1730 3821 2066 3901; x_wconf 85' lang='grc' dir='ltr'>βουλεύεσθαι</span> 
     </span>
     <span class='ocr_line' id='line_1_41' title="bbox 499 3908 2065 3993; baseline -0.003 -24"><span class='ocrx_word' id='word_1_344' title='bbox 499 3912 847 3993; x_wconf 84' lang='grc' dir='ltr'>πραγμάτων,</span> <span class='ocrx_word' id='word_1_345' title='bbox 870 3910 1005 3969; x_wconf 79' lang='grc' dir='ltr'>ὥστε</span> <span class='ocrx_word' id='word_1_346' title='bbox 1030 3909 1187 3969; x_wconf 82' lang='grc' dir='ltr'>ὁπότε</span> <span class='ocrx_word' id='word_1_347' title='bbox 1218 3912 1515 3991; x_wconf 85' lang='grc' dir='ltr'>γράψαιμεν</span> <span class='ocrx_word' id='word_1_348' title='bbox 1547 3908 1664 3977; x_wconf 74' lang='grc' dir='ltr'>τοὺς</span> <span class='ocrx_word' id='word_1_349' title='bbox 1692 3911 1899 3988; x_wconf 84' lang='grc' dir='ltr'>λόγους,</span> <span class='ocrx_word' id='word_1_350' title='bbox 1923 3932 2065 3981; x_wconf 86' lang='grc' dir='ltr'>τηνι-</span> 
     </span>
     <span class='ocr_line' id='line_1_42' title="bbox 424 3998 2061 4078; baseline -0.004 -17"><span class='ocrx_word' id='word_1_351' title='bbox 424 4024 476 4061; x_wconf 76' lang='grc' dir='ltr'><strong>ευ</strong></span> <span class='ocrx_word' id='word_1_352' title='bbox 498 4006 669 4059; x_wconf 89' lang='grc' dir='ltr'>καῦτα</span> <span class='ocrx_word' id='word_1_353' title='bbox 678 4000 797 4067; x_wconf 80' lang='grc' dir='ltr'>τοὺς</span> <span class='ocrx_word' id='word_1_354' title='bbox 807 4000 1217 4066; x_wconf 78' lang='grc' dir='ltr'>ἄλλουςπολίτας</span> <span class='ocrx_word' id='word_1_355' title='bbox 1230 4000 1316 4058; x_wconf 78' lang='grc' dir='ltr'><strong>ἐπὶ</strong></span> <span class='ocrx_word' id='word_1_356' title='bbox 1335 4000 1429 4073; x_wconf 84' lang='grc' dir='ltr'><strong>τὴν</strong></span> <span class='ocrx_word' id='word_1_357' title='bbox 1444 3998 1693 4078; x_wconf 75' lang='grc' dir='ltr'>ἀκρόασιν</span> <span class='ocrx_word' id='word_1_358' title='bbox 1712 4000 2061 4077; x_wconf 86' lang='grc' dir='ltr'>παρακαλεῖν·</span> 
     </span>
     <span class='ocr_line' id='line_1_43' title="bbox 502 4078 2066 4169; baseline -0.005 -21"><span class='ocrx_word' id='word_1_359' title='bbox 502 4090 615 4148; x_wconf 80' lang='grc' dir='ltr'>ἐπεὶ</span> <span class='ocrx_word' id='word_1_360' title='bbox 636 4089 678 4147; x_wconf 90' lang='grc' dir='ltr'><strong>δ’</strong></span> <span class='ocrx_word' id='word_1_361' title='bbox 708 4087 873 4169; x_wconf 72' lang='grc' dir='ltr'>ἕτεροι</span> <span class='ocrx_word' id='word_1_362' title='bbox 888 4087 1086 4146; x_wconf 78' lang='grc' dir='ltr'>τούτων</span> <span class='ocrx_word' id='word_1_363' title='bbox 1113 4088 1281 4169; x_wconf 82' lang='grc' dir='ltr'>κύριοί</span> <span class='ocrx_word' id='word_1_364' title='bbox 1303 4091 1454 4162; x_wconf 78' lang='grc' dir='ltr'>εἰσιν,</span> <span class='ocrx_word' id='word_1_365' title='bbox 1488 4078 1568 4165; x_wconf 72' lang='grc' dir='ltr'><strong>ἆρ’</strong></span> <span class='ocrx_word' id='word_1_366' title='bbox 1590 4090 1685 4145; x_wconf 73' lang='grc' dir='ltr'>οὐκ</span> <span class='ocrx_word' id='word_1_367' title='bbox 1714 4084 1893 4158; x_wconf 79' lang='grc' dir='ltr'>εὔηθες</span> <span class='ocrx_word' id='word_1_368' title='bbox 1923 4090 2066 4161; x_wconf 79' lang='grc' dir='ltr'>ἡμᾶς</span> 
     </span>
     <span class='ocr_line' id='line_1_44' title="bbox 503 4173 2064 4257; baseline -0.003 -22"><span class='ocrx_word' id='word_1_369' title='bbox 503 4178 691 4257; x_wconf 68' lang='grc' dir='ltr'>(ἄλλην</span> <span class='ocrx_word' id='word_1_370' title='bbox 722 4177 857 4255; x_wconf 76' lang='grc' dir='ltr'>τινὰ)</span> <span class='ocrx_word' id='word_1_371' title='bbox 891 4176 1112 4255; x_wconf 86' lang='grc' dir='ltr'>μελέτην</span> <span class='ocrx_word' id='word_1_372' title='bbox 1143 4178 1402 4236; x_wconf 81' lang='grc' dir='ltr'>ποιεῖσθαι</span> <span class='ocrx_word' id='word_1_373' title='bbox 1427 4174 1597 4254; x_wconf 84' lang='grc' dir='ltr'>λόγων</span> <span class='ocrx_word' id='word_1_374' title='bbox 1628 4176 1871 4239; x_wconf 82' lang='grc' dir='ltr'>ἐναντίως</span> <span class='ocrx_word' id='word_1_375' title='bbox 1901 4173 2064 4252; x_wconf 83' lang='grc' dir='ltr'>ἔχου-</span> 
     </span>
     <span class='ocr_line' id='line_1_45' title="bbox 502 4262 2066 4345; baseline -0.003 -18"><span class='ocrx_word' id='word_1_376' title='bbox 502 4288 599 4327; x_wconf 85' lang='grc' dir='ltr'><strong>σαν</strong></span> <span class='ocrx_word' id='word_1_377' title='bbox 630 4263 896 4344; x_wconf 71' lang='grc' dir='ltr'>ἀκριὸῶς,</span> <span class='ocrx_word' id='word_1_378' title='bbox 942 4268 989 4322; x_wconf 81' lang='grc' dir='ltr'><strong>εἰ</strong></span> <span class='ocrx_word' id='word_1_379' title='bbox 1021 4263 1123 4345; x_wconf 76' lang='grc' dir='ltr'><strong>γὰρ</strong></span> <span class='ocrx_word' id='word_1_380' title='bbox 1154 4268 1202 4325; x_wconf 76' lang='grc' dir='ltr'>οἱ</span> <span class='ocrx_word' id='word_1_381' title='bbox 1246 4274 1355 4331; x_wconf 85' lang='grc' dir='ltr'>τοῖς</span> <span class='ocrx_word' id='word_1_382' title='bbox 1392 4264 1646 4342; x_wconf 85' lang='grc' dir='ltr'>ὀνόμασιν</span> <span class='ocrx_word' id='word_1_383' title='bbox 1678 4262 2066 4343; x_wconf 84' lang='grc' dir='ltr'>ἐξειργασμένοι</span> 
     </span>
     <span class='ocr_line' id='line_1_46' title="bbox 501 4353 2067 4434; baseline 0 -23"><span class='ocrx_word' id='word_1_384' title='bbox 501 4354 593 4419; x_wconf 77' lang='grc' dir='ltr'><strong>καὶ</strong></span> <span class='ocrx_word' id='word_1_385' title='bbox 620 4356 821 4432; x_wconf 78' lang='grc' dir='ltr'>μᾶλλον</span> <span class='ocrx_word' id='word_1_386' title='bbox 850 4353 1137 4430; x_wconf 83' lang='grc' dir='ltr'>ποιήμασιν</span> <span class='ocrx_word' id='word_1_387' title='bbox 1169 4354 1205 4426; x_wconf 81' lang='grc' dir='ltr'>ἢ</span> <span class='ocrx_word' id='word_1_388' title='bbox 1244 4356 1415 4434; x_wconf 86' lang='grc' dir='ltr'>λόγοις</span> <span class='ocrx_word' id='word_1_389' title='bbox 1455 4354 1676 4422; x_wconf 87' lang='grc' dir='ltr'>ἐοικότες</span> <span class='ocrx_word' id='word_1_390' title='bbox 1696 4398 1711 4425; x_wconf 86' lang='grc'>,</span> <span class='ocrx_word' id='word_1_391' title='bbox 1760 4354 1849 4411; x_wconf 75' lang='grc' dir='ltr'><strong>καὶ</strong></span> <span class='ocrx_word' id='word_1_392' title='bbox 1880 4353 1937 4411; x_wconf 85' lang='grc' dir='ltr'><strong>τὸ</strong></span> <span class='ocrx_word' id='word_1_393' title='bbox 1970 4355 2067 4429; x_wconf 85' lang='grc' dir='ltr'><strong>μὲν</strong></span> 
     </span>
     <span class='ocr_line' id='line_1_47' title="bbox 420 4440 2068 4523; baseline -0.001 -22"><span class='ocrx_word' id='word_1_394' title='bbox 420 4460 473 4501; x_wconf 74' lang='lat' dir='ltr'><strong>ta</strong></span> <span class='ocrx_word' id='word_1_395' title='bbox 498 4441 791 4519; x_wconf 83' lang='grc' dir='ltr'>αὐτόματον</span> <span class='ocrx_word' id='word_1_396' title='bbox 821 4440 912 4503; x_wconf 80' lang='grc' dir='ltr'><strong>καὶ</strong></span> <span class='ocrx_word' id='word_1_397' title='bbox 946 4443 1159 4523; x_wconf 84' lang='grc' dir='ltr'>(πλέον)</span> <span class='ocrx_word' id='word_1_398' title='bbox 1184 4442 1451 4515; x_wconf 84' lang='grc' dir='ltr'>ἀληθείαις</span> <span class='ocrx_word' id='word_1_399' title='bbox 1488 4440 1667 4513; x_wconf 79' lang='grc' dir='ltr'>ὅμοιον</span> <span class='ocrx_word' id='word_1_400' title='bbox 1700 4440 2068 4512; x_wconf 78' lang='grc' dir='ltr'>ἀποὸεὸληκό-</span> 
     </span>
     <span class='ocr_line' id='line_1_48' title="bbox 497 4526 2068 4610; baseline -0.002 -22"><span class='ocrx_word' id='word_1_401' title='bbox 497 4552 617 4607; x_wconf 85' lang='grc' dir='ltr'>τες,</span> <span class='ocrx_word' id='word_1_402' title='bbox 662 4530 797 4606; x_wconf 80' lang='grc' dir='ltr'>μετὰ</span> <span class='ocrx_word' id='word_1_403' title='bbox 823 4532 1163 4610; x_wconf 73' lang='grc' dir='ltr'>παρασκευῆς</span> <span class='ocrx_word' id='word_1_404' title='bbox 1203 4530 1258 4587; x_wconf 81' lang='grc' dir='ltr'><strong>δὲ</strong></span> <span class='ocrx_word' id='word_1_405' title='bbox 1302 4526 1605 4587; x_wconf 86' lang='grc' dir='ltr'>πεπλάσθαι</span> <span class='ocrx_word' id='word_1_406' title='bbox 1633 4528 1723 4586; x_wconf 78' lang='grc' dir='ltr'><strong>καὶ</strong></span> <span class='ocrx_word' id='word_1_407' title='bbox 1766 4534 2068 4605; x_wconf 87' lang='grc' dir='ltr'>συγκεῖσθαι</span> 
     </span>
     <span class='ocr_line' id='line_1_49' title="bbox 500 4616 2064 4696; baseline 0 -19"><span class='ocrx_word' id='word_1_408' title='bbox 500 4620 771 4686; x_wconf 86' lang='grc' dir='ltr'>δοκοῦντες</span> <span class='ocrx_word' id='word_1_409' title='bbox 806 4619 1051 4685; x_wconf 81' lang='grc' dir='ltr'>ἀπιστίας</span> <span class='ocrx_word' id='word_1_410' title='bbox 1100 4618 1191 4678; x_wconf 80' lang='grc' dir='ltr'><strong>καὶ</strong></span> <span class='ocrx_word' id='word_1_411' title='bbox 1234 4616 1423 4696; x_wconf 84' lang='grc' dir='ltr'>φθόνου</span> <span class='ocrx_word' id='word_1_412' title='bbox 1474 4616 1566 4683; x_wconf 76' lang='grc' dir='ltr'><strong>τὰς</strong></span> <span class='ocrx_word' id='word_1_413' title='bbox 1616 4619 1721 4675; x_wconf 87' lang='grc' dir='ltr'><strong>τῶν</strong></span> <span class='ocrx_word' id='word_1_414' title='bbox 1770 4618 2064 4678; x_wconf 83' lang='grc' dir='ltr'>ἀκουόντων</span> 
     </span>
     <span class='ocr_line' id='line_1_50' title="bbox 498 4704 2065 4789; baseline 0 -22"><span class='ocrx_word' id='word_1_415' title='bbox 498 4709 709 4789; x_wconf 85' lang='grc' dir='ltr'>γνώμας</span> <span class='ocrx_word' id='word_1_416' title='bbox 758 4711 1063 4785; x_wconf 83' lang='grc' dir='ltr'>ἐμπιπλῶσι</span> <span class='ocrx_word' id='word_1_417' title='bbox 1082 4753 1099 4784; x_wconf 90' lang='grc'>,</span> <span class='ocrx_word' id='word_1_418' title='bbox 1156 4742 1235 4752; x_wconf 91' lang='grc'>-</span> <span class='ocrx_word' id='word_1_419' title='bbox 1275 4704 1557 4786; x_wconf 80' lang='grc' dir='ltr'>τεκμήριον</span> <span class='ocrx_word' id='word_1_420' title='bbox 1606 4704 1661 4765; x_wconf 84' lang='grc' dir='ltr'><strong>δὲ</strong></span> <span class='ocrx_word' id='word_1_421' title='bbox 1712 4706 1980 4782; x_wconf 87' lang='grc' dir='ltr'>μέγιστον·</span> <span class='ocrx_word' id='word_1_422' title='bbox 2017 4712 2065 4767; x_wconf 80' lang='grc' dir='ltr'>οἱ</span> 
     </span>
     <span class='ocr_line' id='line_1_51' title="bbox 500 4792 2067 4877; baseline -0.001 -20"><span class='ocrx_word' id='word_1_423' title='bbox 500 4798 601 4877; x_wconf 75' lang='grc' dir='ltr'><strong>γὰρ</strong></span> <span class='ocrx_word' id='word_1_424' title='bbox 628 4799 699 4865; x_wconf 78' lang='grc' dir='ltr'><strong>εἷς</strong></span> <span class='ocrx_word' id='word_1_425' title='bbox 726 4800 789 4857; x_wconf 81' lang='grc' dir='ltr'><strong>τὰ</strong></span> <span class='ocrx_word' id='word_1_426' title='bbox 818 4794 1131 4875; x_wconf 79' lang='grc' dir='ltr'>δικαστήρια</span> <span class='ocrx_word' id='word_1_427' title='bbox 1154 4792 1271 4862; x_wconf 72' lang='grc' dir='ltr'>τοὺς</span> <span class='ocrx_word' id='word_1_428' title='bbox 1295 4793 1480 4871; x_wconf 89' lang='grc' dir='ltr'>λόγους</span> <span class='ocrx_word' id='word_1_429' title='bbox 1510 4792 1793 4876; x_wconf 75' lang='grc' dir='ltr'>γράφοντες</span> <span class='ocrx_word' id='word_1_430' title='bbox 1820 4796 2067 4876; x_wconf 78' lang='grc' dir='ltr'>φεύγουσι</span> 
     </span>
     <span class='ocr_line' id='line_1_52' title="bbox 422 4882 2067 4968; baseline -0.002 -21"><span class='ocrx_word' id='word_1_431' title='bbox 422 4910 477 4947; x_wconf 79' lang='grc' dir='ltr'><strong>ευ</strong></span> <span class='ocrx_word' id='word_1_432' title='bbox 506 4886 601 4955; x_wconf 77' lang='grc' dir='ltr'><strong>τὰς</strong></span> <span class='ocrx_word' id='word_1_433' title='bbox 630 4886 899 4968; x_wconf 78' lang='grc' dir='ltr'>ἀκριὸείας</span> <span class='ocrx_word' id='word_1_434' title='bbox 929 4885 1019 4944; x_wconf 86' lang='grc' dir='ltr'><strong>καὶ</strong></span> <span class='ocrx_word' id='word_1_435' title='bbox 1050 4889 1338 4963; x_wconf 81' lang='grc' dir='ltr'>μιμοῦνται</span> <span class='ocrx_word' id='word_1_436' title='bbox 1376 4882 1468 4949; x_wconf 78' lang='grc' dir='ltr'><strong>τὰς</strong></span> <span class='ocrx_word' id='word_1_437' title='bbox 1494 4886 1597 4941; x_wconf 88' lang='grc' dir='ltr'><strong>τῶν</strong></span> <span class='ocrx_word' id='word_1_438' title='bbox 1632 4884 2067 4962; x_wconf 79' lang='grc' dir='ltr'>αὐτοσχεδιαζόν-</span> 
     </span>
     <span class='ocr_line' id='line_1_53' title="bbox 502 4970 2064 5052; baseline 0 -19"><span class='ocrx_word' id='word_1_439' title='bbox 502 4996 604 5033; x_wconf 86' lang='grc' dir='ltr'><strong>των</strong></span> <span class='ocrx_word' id='word_1_440' title='bbox 636 4974 942 5052; x_wconf 78' lang='grc' dir='ltr'>ἑρμηνείας,</span> <span class='ocrx_word' id='word_1_441' title='bbox 984 4974 1076 5031; x_wconf 80' lang='grc' dir='ltr'><strong>καὶ</strong></span> <span class='ocrx_word' id='word_1_442' title='bbox 1118 4970 1237 5030; x_wconf 83' lang='grc' dir='ltr'>τότε</span> <span class='ocrx_word' id='word_1_443' title='bbox 1268 4970 1530 5029; x_wconf 84' lang='grc' dir='ltr'>κάλλιστα</span> <span class='ocrx_word' id='word_1_444' title='bbox 1568 4970 1785 5052; x_wconf 77' lang='grc' dir='ltr'>γράφειν</span> <span class='ocrx_word' id='word_1_445' title='bbox 1824 4973 2064 5033; x_wconf 82' lang='grc' dir='ltr'>δοκοῦσιν</span> 
     </span>
     <span class='ocr_line' id='line_1_54' title="bbox 504 5056 2060 5140; baseline 0 -21"><span class='ocrx_word' id='word_1_446' title='bbox 504 5059 627 5119; x_wconf 79' lang='grc' dir='ltr'>ὅταν</span> <span class='ocrx_word' id='word_1_447' title='bbox 654 5061 846 5133; x_wconf 81' lang='grc' dir='ltr'>ἥκιστα</span> <span class='ocrx_word' id='word_1_448' title='bbox 878 5058 1259 5140; x_wconf 82' lang='grc' dir='ltr'>γεγραμμένοις</span> <span class='ocrx_word' id='word_1_449' title='bbox 1276 5056 1485 5135; x_wconf 83' lang='grc' dir='ltr'>ὁμοίους</span> <span class='ocrx_word' id='word_1_450' title='bbox 1506 5058 1827 5139; x_wconf 83' lang='grc' dir='ltr'>πορίσωνται</span> <span class='ocrx_word' id='word_1_451' title='bbox 1854 5060 2060 5139; x_wconf 87' lang='grc' dir='ltr'>λόγους.</span> 
     </span>
     <span class='ocr_line' id='line_1_55' title="bbox 509 5146 2066 5228; baseline -0.003 -17"><span class='ocrx_word' id='word_1_452' title='bbox 509 5148 710 5211; x_wconf 78' lang='grc' dir='ltr'>Ὁπότε</span> <span class='ocrx_word' id='word_1_453' title='bbox 739 5148 793 5207; x_wconf 84' lang='grc' dir='ltr'><strong>δὲ</strong></span> <span class='ocrx_word' id='word_1_454' title='bbox 814 5152 905 5208; x_wconf 81' lang='grc' dir='ltr'><strong>καὶ</strong></span> <span class='ocrx_word' id='word_1_455' title='bbox 930 5156 1038 5217; x_wconf 83' lang='grc' dir='ltr'>τοῖς</span> <span class='ocrx_word' id='word_1_456' title='bbox 1063 5146 1409 5227; x_wconf 72' lang='grc' dir='ltr'>λογογράφοις</span> <span class='ocrx_word' id='word_1_457' title='bbox 1426 5151 1581 5206; x_wconf 85' lang='grc' dir='ltr'>τοῦτο</span> <span class='ocrx_word' id='word_1_458' title='bbox 1596 5146 1760 5228; x_wconf 85' lang='grc' dir='ltr'>πέρας</span> <span class='ocrx_word' id='word_1_459' title='bbox 1778 5154 1870 5221; x_wconf 82' lang='grc' dir='ltr'><strong>τῆς</strong></span> <span class='ocrx_word' id='word_1_460' title='bbox 1898 5152 2066 5209; x_wconf 87' lang='grc' dir='ltr'>ἐπιει-</span> 
     </span>
     <span class='ocr_line' id='line_1_56' title="bbox 507 5234 2059 5315; baseline -0.003 -18"><span class='ocrx_word' id='word_1_461' title='bbox 507 5236 651 5305; x_wconf 84' lang='grc' dir='ltr'>κείας</span> <span class='ocrx_word' id='word_1_462' title='bbox 680 5235 843 5310; x_wconf 81' lang='grc' dir='ltr'>ἐστίν,</span> <span class='ocrx_word' id='word_1_463' title='bbox 866 5237 991 5297; x_wconf 79' lang='grc' dir='ltr'>ὅταν</span> <span class='ocrx_word' id='word_1_464' title='bbox 1020 5234 1137 5301; x_wconf 70' lang='grc' dir='ltr'>τοὺς</span> <span class='ocrx_word' id='word_1_465' title='bbox 1166 5234 1668 5315; x_wconf 82' lang='grc' dir='ltr'>αὐτοσχεδιάζοντας</span> <span class='ocrx_word' id='word_1_466' title='bbox 1696 5237 2059 5315; x_wconf 82' lang='grc' dir='ltr'>μιμήσωνται,</span> 
     </span>
    </p>
   </div>
   <div class='ocr_carea' id='block_1_7' title="bbox 2145 662 3706 2593">
    <p class='ocr_par' dir='ltr' id='par_1_9' title="bbox 2145 662 3700 1595">
     <span class='ocr_line' id='line_1_57' title="bbox 2147 662 3694 733; baseline 0 -20"><span class='ocrx_word' id='word_1_467' title='bbox 2147 665 2236 724; x_wconf 86' lang='lat' dir='ltr'><strong>rit,</strong></span> <span class='ocrx_word' id='word_1_468' title='bbox 2253 664 2338 713; x_wconf 81' lang='lat' dir='ltr'><strong>sed</strong></span> <span class='ocrx_word' id='word_1_469' title='bbox 2360 664 2524 733; x_wconf 75' lang='lat' dir='ltr'><strong>tardus</strong></span> <span class='ocrx_word' id='word_1_470' title='bbox 2540 662 2790 713; x_wconf 77' lang='lat' dir='ltr'><strong>velocioris</strong></span> <span class='ocrx_word' id='word_1_471' title='bbox 2815 676 3012 712; x_wconf 85' lang='lat' dir='ltr'><strong>cursum</strong></span> <span class='ocrx_word' id='word_1_472' title='bbox 3039 663 3170 713; x_wconf 81' lang='lat' dir='ltr'><strong>band</strong></span> <span class='ocrx_word' id='word_1_473' title='bbox 3195 663 3484 727; x_wconf 69' lang='lat' dir='ltr'><strong>exaeqnabit.</strong></span> <span class='ocrx_word' id='word_1_474' title='bbox 3521 667 3694 714; x_wconf 73' lang='lat' dir='ltr'><strong>Rursus</strong></span> 
     </span>
     <span class='ocr_line' id='line_1_58' title="bbox 2145 759 3698 824; baseline 0 -13"><span class='ocrx_word' id='word_1_475' title='bbox 2145 761 2186 811; x_wconf 87' lang='lat' dir='ltr'><strong>si</strong></span> <span class='ocrx_word' id='word_1_476' title='bbox 2216 762 2326 823; x_wconf 83' lang='lat' dir='ltr'><strong>quis</strong></span> <span class='ocrx_word' id='word_1_477' title='bbox 2352 773 2554 824; x_wconf 89' lang='lat' dir='ltr'><strong>scopum</strong></span> <span class='ocrx_word' id='word_1_478' title='bbox 2583 760 2893 823; x_wconf 77' lang='lat' dir='ltr'><strong>longinquum</strong></span> <span class='ocrx_word' id='word_1_479' title='bbox 2913 759 3074 822; x_wconf 82' lang='lat' dir='ltr'><strong>jaculo</strong></span> <span class='ocrx_word' id='word_1_480' title='bbox 3105 760 3180 809; x_wconf 82' lang='lat' dir='ltr'><strong>vel</strong></span> <span class='ocrx_word' id='word_1_481' title='bbox 3205 761 3378 823; x_wconf 79' lang='lat' dir='ltr'><strong>sagitta</strong></span> <span class='ocrx_word' id='word_1_482' title='bbox 3403 762 3520 811; x_wconf 81' lang='lat' dir='ltr'><strong>scite</strong></span> <span class='ocrx_word' id='word_1_483' title='bbox 3549 764 3698 823; x_wconf 79' lang='lat' dir='ltr'><strong>tangil,</strong></span> 
     </span>
     <span class='ocr_line' id='line_1_59' title="bbox 2145 854 3697 919; baseline 0 -14"><span class='ocrx_word' id='word_1_484' title='bbox 2145 869 2174 905; x_wconf 81' lang='lat' dir='ltr'><strong>a</strong></span> <span class='ocrx_word' id='word_1_485' title='bbox 2197 856 2466 919; x_wconf 83' lang='lat' dir='ltr'><strong>propinquo</strong></span> <span class='ocrx_word' id='word_1_486' title='bbox 2495 856 2536 905; x_wconf 84' lang='lat' dir='ltr'><strong>is</strong></span> <span class='ocrx_word' id='word_1_487' title='bbox 2561 868 2660 905; x_wconf 86' lang='lat' dir='ltr'><strong>non</strong></span> <span class='ocrx_word' id='word_1_488' title='bbox 2687 854 2958 916; x_wconf 56' lang='lat' dir='ltr'><strong>aben-rabin</strong></span> <span class='ocrx_word' id='word_1_489' title='bbox 2997 855 3080 917; x_wconf 93' lang='lat' dir='ltr'><strong>qui</strong></span> <span class='ocrx_word' id='word_1_490' title='bbox 3109 868 3226 905; x_wconf 79' lang='lat' dir='ltr'><strong>vero</strong></span> <span class='ocrx_word' id='word_1_491' title='bbox 3259 856 3536 918; x_wconf 80' lang='lat' dir='ltr'><strong>proximum</strong></span> <span class='ocrx_word' id='word_1_492' title='bbox 3573 856 3697 905; x_wconf 73' lang='lat' dir='ltr'><strong>tei-ire</strong></span> 
     </span>
     <span class='ocr_line' id='line_1_60' title="bbox 2145 950 3699 1016; baseline 0 -17"><span class='ocrx_word' id='word_1_493' title='bbox 2145 950 2342 1009; x_wconf 85' lang='lat' dir='ltr'><strong>didicit,</strong></span> <span class='ocrx_word' id='word_1_494' title='bbox 2365 962 2482 999; x_wconf 87' lang='lat' dir='ltr'><strong>num</strong></span> <span class='ocrx_word' id='word_1_495' title='bbox 2511 950 2818 999; x_wconf 76' lang='lat' dir='ltr'>remotiorem</span> <span class='ocrx_word' id='word_1_496' title='bbox 2842 960 3038 1011; x_wconf 89' lang='lat' dir='ltr'><strong>quoque</strong></span> <span class='ocrx_word' id='word_1_497' title='bbox 3068 954 3386 1016; x_wconf 41' lang='lat' dir='ltr'><strong>assecuturus·</strong></span> <span class='ocrx_word' id='word_1_498' title='bbox 3409 952 3499 1007; x_wconf 89' lang='lat' dir='ltr'><strong>sit,</strong></span> <span class='ocrx_word' id='word_1_499' title='bbox 3520 950 3699 999; x_wconf 73' lang='lat' dir='ltr'><strong>mininie</strong></span> 
     </span>
     <span class='ocr_line' id='line_1_61' title="bbox 2148 1043 3695 1107; baseline 0.001 -14"><span class='ocrx_word' id='word_1_500' title='bbox 2148 1045 2316 1107; x_wconf 89' lang='lat' dir='ltr'><strong>liquet.</strong></span> <span class='ocrx_word' id='word_1_501' title='bbox 2401 1044 2582 1095; x_wconf 78' lang='lat' dir='ltr'><strong>Eodem</strong></span> <span class='ocrx_word' id='word_1_502' title='bbox 2618 1045 2762 1106; x_wconf 80' lang='lat' dir='ltr'><strong>igitur</strong></span> <span class='ocrx_word' id='word_1_503' title='bbox 2795 1043 2942 1093; x_wconf 86' lang='lat' dir='ltr'><strong>modo</strong></span> <span class='ocrx_word' id='word_1_504' title='bbox 2985 1057 3062 1094; x_wconf 83' lang='lat' dir='ltr'><strong>res</strong></span> <span class='ocrx_word' id='word_1_505' title='bbox 3103 1044 3265 1100; x_wconf 76' lang='lat' dir='ltr'><strong>liabet.</strong></span> <span class='ocrx_word' id='word_1_506' title='bbox 3285 1047 3412 1097; x_wconf 86' lang='lat' dir='ltr'><strong>circa</strong></span> <span class='ocrx_word' id='word_1_507' title='bbox 3451 1047 3695 1095; x_wconf 85' lang='lat' dir='ltr'><strong>orationes.</strong></span> 
     </span>
     <span class='ocr_line' id='line_1_62' title="bbox 2149 1139 3700 1205; baseline 0.002 -16"><span class='ocrx_word' id='word_1_508' title='bbox 2149 1141 2340 1204; x_wconf 85' lang='lat' dir='ltr'><strong>Quippe</strong></span> <span class='ocrx_word' id='word_1_509' title='bbox 2365 1139 2448 1203; x_wconf 84' lang='lat' dir='ltr'><strong>qui</strong></span> <span class='ocrx_word' id='word_1_510' title='bbox 2489 1140 2662 1203; x_wconf 75' lang='lat' dir='ltr'><strong>quovis</strong></span> <span class='ocrx_word' id='word_1_511' title='bbox 2703 1144 2950 1190; x_wconf 84' lang='lat' dir='ltr'><strong>momento</strong></span> <span class='ocrx_word' id='word_1_512' title='bbox 2988 1144 3102 1205; x_wconf 87' lang='lat' dir='ltr'><strong>apte</strong></span> <span class='ocrx_word' id='word_1_513' title='bbox 3141 1142 3200 1192; x_wconf 88' lang='lat' dir='ltr'><strong>iis</strong></span> <span class='ocrx_word' id='word_1_514' title='bbox 3245 1144 3418 1203; x_wconf 89' lang='lat' dir='ltr'><strong>utitur,</strong></span> <span class='ocrx_word' id='word_1_515' title='bbox 3462 1146 3700 1194; x_wconf 72' lang='lat' dir='ltr'><strong>manifesto</strong></span> 
     </span>
     <span class='ocr_line' id='line_1_63' title="bbox 2147 1239 3699 1302; baseline 0 -13"><span class='ocrx_word' id='word_1_516' title='bbox 2147 1240 2292 1290; x_wconf 82' lang='lat' dir='ltr'><strong>etiam</strong></span> <span class='ocrx_word' id='word_1_517' title='bbox 2317 1242 2534 1302; x_wconf 87' lang='lat' dir='ltr'><strong>tempore</strong></span> <span class='ocrx_word' id='word_1_518' title='bbox 2556 1239 2670 1289; x_wconf 89' lang='lat' dir='ltr'><strong>dato</strong></span> <span class='ocrx_word' id='word_1_519' title='bbox 2700 1242 2750 1289; x_wconf 88' lang='lat' dir='ltr'><strong>et</strong></span> <span class='ocrx_word' id='word_1_520' title='bbox 2777 1239 2880 1289; x_wconf 89' lang='lat' dir='ltr'><strong>otio</strong></span> <span class='ocrx_word' id='word_1_521' title='bbox 2907 1240 3254 1302; x_wconf 79' lang='lat' dir='ltr'><strong>componendis</strong></span> <span class='ocrx_word' id='word_1_522' title='bbox 3289 1240 3586 1292; x_wconf 83' lang='lat' dir='ltr'><strong>orationibus</strong></span> <span class='ocrx_word' id='word_1_523' title='bbox 3621 1256 3699 1291; x_wconf 81' lang='lat' dir='ltr'><strong>ex-</strong></span> 
     </span>
     <span class='ocr_line' id='line_1_64' title="bbox 2147 1338 3698 1401; baseline -0.001 -12"><span class='ocrx_word' id='word_1_524' title='bbox 2147 1340 2312 1401; x_wconf 80' lang='lat' dir='ltr'><strong>cellet3</strong></span> <span class='ocrx_word' id='word_1_525' title='bbox 2353 1338 2606 1389; x_wconf 86' lang='lat' dir='ltr'><strong>scribendo</strong></span> <span class='ocrx_word' id='word_1_526' title='bbox 2639 1344 2804 1389; x_wconf 84' lang='lat' dir='ltr'><strong>autem</strong></span> <span class='ocrx_word' id='word_1_527' title='bbox 2841 1344 3033 1401; x_wconf 90' lang='lat' dir='ltr'><strong>tempus</strong></span> <span class='ocrx_word' id='word_1_528' title='bbox 3074 1345 3234 1390; x_wconf 87' lang='lat' dir='ltr'><strong>terens</strong></span> <span class='ocrx_word' id='word_1_529' title='bbox 3271 1340 3358 1390; x_wconf 79' lang='lat' dir='ltr'><strong>vix</strong></span> <span class='ocrx_word' id='word_1_530' title='bbox 3395 1343 3469 1391; x_wconf 83' lang='lat' dir='ltr'><strong>est</strong></span> <span class='ocrx_word' id='word_1_531' title='bbox 3515 1341 3698 1389; x_wconf 88' lang='lat' dir='ltr'><strong>dubium</strong></span> 
     </span>
     <span class='ocr_line' id='line_1_65' title="bbox 2150 1432 3696 1499; baseline 0 -17"><span class='ocrx_word' id='word_1_532' title='bbox 2150 1434 2290 1496; x_wconf 89' lang='lat' dir='ltr'><strong>quin,</strong></span> <span class='ocrx_word' id='word_1_533' title='bbox 2319 1435 2360 1483; x_wconf 89' lang='lat' dir='ltr'><strong>si</strong></span> <span class='ocrx_word' id='word_1_534' title='bbox 2386 1432 2448 1484; x_wconf 91' lang='lat' dir='ltr'><strong>de</strong></span> <span class='ocrx_word' id='word_1_535' title='bbox 2479 1432 2740 1497; x_wconf 81' lang='lat' dir='ltr'><strong>improviso</strong></span> <span class='ocrx_word' id='word_1_536' title='bbox 2766 1434 2910 1485; x_wconf 81' lang='lat' dir='ltr'><strong>verba</strong></span> <span class='ocrx_word' id='word_1_537' title='bbox 2939 1434 3184 1484; x_wconf 79' lang='lat' dir='ltr'><strong>fundenda</strong></span> <span class='ocrx_word' id='word_1_538' title='bbox 3219 1436 3348 1499; x_wconf 84' lang='lat' dir='ltr'><strong>sint,</strong></span> <span class='ocrx_word' id='word_1_539' title='bbox 3378 1436 3594 1485; x_wconf 88' lang='lat' dir='ltr'><strong>animum</strong></span> <span class='ocrx_word' id='word_1_540' title='bbox 3619 1435 3696 1483; x_wconf 79' lang='lat' dir='ltr'><strong>ha·</strong></span> 
     </span>
     <span class='ocr_line' id='line_1_66' title="bbox 2151 1531 3113 1595; baseline -0.001 -15"><span class='ocrx_word' id='word_1_541' title='bbox 2151 1531 2263 1581; x_wconf 84' lang='lat' dir='ltr'><strong>beat</strong></span> <span class='ocrx_word' id='word_1_542' title='bbox 2289 1545 2484 1595; x_wconf 74' lang='lat' dir='ltr'><strong>vagum,</strong></span> <span class='ocrx_word' id='word_1_543' title='bbox 2513 1532 2822 1595; x_wconf 81' lang='lat' dir='ltr'><strong>perplexum,</strong></span> <span class='ocrx_word' id='word_1_544' title='bbox 2847 1532 3113 1581; x_wconf 86' lang='lat' dir='ltr'><strong>turbatum.</strong></span> 
     </span>
    </p>

    <p class='ocr_par' dir='ltr' id='par_1_10' title="bbox 2149 1628 3706 2593">
     <span class='ocr_line' id='line_1_67' title="bbox 2211 1628 3702 1694; baseline -0.002 -13"><span class='ocrx_word' id='word_1_545' title='bbox 2211 1636 2258 1681; x_wconf 74' lang='lat'><strong>4.</strong></span> <span class='ocrx_word' id='word_1_546' title='bbox 2305 1634 2491 1683; x_wconf 85' lang='lat' dir='ltr'><strong>Censeo</strong></span> <span class='ocrx_word' id='word_1_547' title='bbox 2533 1638 2698 1682; x_wconf 87' lang='lat' dir='ltr'><strong>autem</strong></span> <span class='ocrx_word' id='word_1_548' title='bbox 2742 1633 2854 1681; x_wconf 75' lang='lat' dir='ltr'><strong>vitoe</strong></span> <span class='ocrx_word' id='word_1_549' title='bbox 2905 1643 3098 1694; x_wconf 86' lang='lat' dir='ltr'><strong>quoque</strong></span> <span class='ocrx_word' id='word_1_550' title='bbox 3149 1629 3376 1679; x_wconf 71' lang='lat' dir='ltr'><strong>humanae</strong></span> <span class='ocrx_word' id='word_1_551' title='bbox 3421 1642 3510 1693; x_wconf 86' lang='lat' dir='ltr'><strong>per</strong></span> <span class='ocrx_word' id='word_1_552' title='bbox 3556 1628 3702 1677; x_wconf 80' lang='lat' dir='ltr'><strong>omnia</strong></span> 
     </span>
     <span class='ocr_line' id='line_1_68' title="bbox 2149 1727 3700 1793; baseline -0.003 -11"><span class='ocrx_word' id='word_1_553' title='bbox 2149 1744 2336 1793; x_wconf 84' lang='lat' dir='ltr'><strong>semper</strong></span> <span class='ocrx_word' id='word_1_554' title='bbox 2357 1731 2528 1780; x_wconf 89' lang='lat' dir='ltr'><strong>utilem</strong></span> <span class='ocrx_word' id='word_1_555' title='bbox 2563 1744 2672 1781; x_wconf 83' lang='lat' dir='ltr'><strong>esse</strong></span> <span class='ocrx_word' id='word_1_556' title='bbox 2708 1730 2986 1781; x_wconf 71' lang='lat' dir='ltr'><strong>facultatem</strong></span> <span class='ocrx_word' id='word_1_557' title='bbox 3025 1727 3218 1777; x_wconf 87' lang='lat' dir='ltr'><strong>dicendi</strong></span> <span class='ocrx_word' id='word_1_558' title='bbox 3245 1764 3262 1790; x_wconf 94' lang='lat'><strong>,</strong></span> <span class='ocrx_word' id='word_1_559' title='bbox 3287 1727 3531 1778; x_wconf 87' lang='lat' dir='ltr'><strong>scribendi</strong></span> <span class='ocrx_word' id='word_1_560' title='bbox 3557 1730 3700 1777; x_wconf 85' lang='lat' dir='ltr'><strong>autem</strong></span> 
     </span>
     <span class='ocr_line' id='line_1_69' title="bbox 2153 1830 3699 1894; baseline -0.003 -12"><span class='ocrx_word' id='word_1_561' title='bbox 2153 1845 2261 1882; x_wconf 89' lang='lat' dir='ltr'><strong>raro</strong></span> <span class='ocrx_word' id='word_1_562' title='bbox 2301 1834 2350 1883; x_wconf 82' lang='lat' dir='ltr'><strong>in</strong></span> <span class='ocrx_word' id='word_1_563' title='bbox 2393 1833 2510 1883; x_wconf 74' lang='lat' dir='ltr'><strong>vitae</strong></span> <span class='ocrx_word' id='word_1_564' title='bbox 2551 1846 2668 1881; x_wconf 87' lang='lat' dir='ltr'><strong>usus</strong></span> <span class='ocrx_word' id='word_1_565' title='bbox 2701 1833 2876 1882; x_wconf 80' lang='lat' dir='ltr'><strong>babere</strong></span> <span class='ocrx_word' id='word_1_566' title='bbox 2918 1830 3354 1894; x_wconf 86' lang='lat' dir='ltr'><strong>opportunitatem.</strong></span> <span class='ocrx_word' id='word_1_567' title='bbox 3427 1830 3548 1889; x_wconf 78' lang='lat' dir='ltr'><strong>Quis</strong></span> <span class='ocrx_word' id='word_1_568' title='bbox 3586 1834 3699 1878; x_wconf 85' lang='lat' dir='ltr'><strong>enlm</strong></span> 
     </span>
     <span class='ocr_line' id='line_1_70' title="bbox 2151 1927 3704 1994; baseline -0.003 -13"><span class='ocrx_word' id='word_1_569' title='bbox 2151 1932 2301 1981; x_wconf 66' lang='lat' dir='ltr'><strong>niescit</strong></span> <span class='ocrx_word' id='word_1_570' title='bbox 2327 1944 2476 1994; x_wconf 79' lang='lat' dir='ltr'><strong>quam</strong></span> <span class='ocrx_word' id='word_1_571' title='bbox 2513 1931 2576 1980; x_wconf 87' lang='lat' dir='ltr'><strong>sit</strong></span> <span class='ocrx_word' id='word_1_572' title='bbox 2597 1930 2920 1981; x_wconf 80' lang='lat' dir='ltr'><strong>necessarium</strong></span> <span class='ocrx_word' id='word_1_573' title='bbox 2969 1934 3026 1979; x_wconf 89' lang='lat' dir='ltr'><strong>ut</strong></span> <span class='ocrx_word' id='word_1_574' title='bbox 3047 1942 3107 1979; x_wconf 84' lang='lat' dir='ltr'><strong>ex</strong></span> <span class='ocrx_word' id='word_1_575' title='bbox 3147 1932 3364 1992; x_wconf 85' lang='lat' dir='ltr'><strong>tempore</strong></span> <span class='ocrx_word' id='word_1_576' title='bbox 3384 1927 3546 1978; x_wconf 80' lang='lat' dir='ltr'><strong>dicere</strong></span> <span class='ocrx_word' id='word_1_577' title='bbox 3571 1928 3704 1977; x_wconf 72' lang='lat' dir='ltr'><strong>sciant</strong></span> 
     </span>
     <span class='ocr_line' id='line_1_71' title="bbox 2151 2028 3703 2095; baseline -0.002 -15"><span class='ocrx_word' id='word_1_578' title='bbox 2151 2033 2432 2095; x_wconf 86' lang='lat' dir='ltr'><strong>quicunque</strong></span> <span class='ocrx_word' id='word_1_579' title='bbox 2474 2031 2550 2081; x_wconf 81' lang='lat' dir='ltr'><strong>vel</strong></span> <span class='ocrx_word' id='word_1_580' title='bbox 2587 2044 2754 2081; x_wconf 85' lang='lat' dir='ltr'><strong>coram</strong></span> <span class='ocrx_word' id='word_1_581' title='bbox 2801 2030 2982 2094; x_wconf 91' lang='lat' dir='ltr'><strong>populo</strong></span> <span class='ocrx_word' id='word_1_582' title='bbox 3029 2034 3171 2092; x_wconf 76' lang='lat' dir='ltr'><strong>agant</strong></span> <span class='ocrx_word' id='word_1_583' title='bbox 3212 2029 3288 2078; x_wconf 74' lang='lat' dir='ltr'><strong>vel</strong></span> <span class='ocrx_word' id='word_1_584' title='bbox 3331 2029 3380 2079; x_wconf 91' lang='lat' dir='ltr'><strong>in</strong></span> <span class='ocrx_word' id='word_1_585' title='bbox 3407 2028 3602 2091; x_wconf 84' lang='lat' dir='ltr'><strong>judiciis</strong></span> <span class='ocrx_word' id='word_1_586' title='bbox 3640 2028 3703 2077; x_wconf 76' lang='lat' dir='ltr'><strong>vel</strong></span> 
     </span>
     <span class='ocr_line' id='line_1_72' title="bbox 2151 2130 3702 2197; baseline -0.003 -14"><span class='ocrx_word' id='word_1_587' title='bbox 2151 2134 2350 2197; x_wconf 81' lang='lat' dir='ltr'><strong>privatis</strong></span> <span class='ocrx_word' id='word_1_588' title='bbox 2377 2134 2424 2183; x_wconf 89' lang='lat' dir='ltr'><strong>in</strong></span> <span class='ocrx_word' id='word_1_589' title='bbox 2451 2132 2707 2197; x_wconf 72' lang='lat' dir='ltr'><strong>colloquiis</strong></span> <span class='ocrx_word' id='word_1_590' title='bbox 2724 2169 2738 2193; x_wconf 90' lang='lat'><strong>,</strong></span> <span class='ocrx_word' id='word_1_591' title='bbox 2767 2136 2916 2196; x_wconf 86' lang='lat' dir='ltr'><strong>atque</strong></span> <span class='ocrx_word' id='word_1_592' title='bbox 2941 2132 3118 2195; x_wconf 81' lang='lat' dir='ltr'><strong>saepius</strong></span> <span class='ocrx_word' id='word_1_593' title='bbox 3151 2130 3252 2183; x_wconf 84' lang='lat' dir='ltr'><strong>tieri</strong></span> <span class='ocrx_word' id='word_1_594' title='bbox 3289 2134 3342 2181; x_wconf 90' lang='lat' dir='ltr'><strong>ut</strong></span> <span class='ocrx_word' id='word_1_595' title='bbox 3370 2132 3538 2181; x_wconf 85' lang='lat' dir='ltr'><strong>subito</strong></span> <span class='ocrx_word' id='word_1_596' title='bbox 3563 2146 3702 2181; x_wconf 84' lang='lat' dir='ltr'><strong>rerum</strong></span> 
     </span>
     <span class='ocr_line' id='line_1_73' title="bbox 2153 2230 3704 2295; baseline -0.003 -14"><span class='ocrx_word' id='word_1_597' title='bbox 2153 2238 2395 2282; x_wconf 88' lang='lat' dir='ltr'><strong>momenta</strong></span> <span class='ocrx_word' id='word_1_598' title='bbox 2425 2232 2664 2295; x_wconf 76' lang='lat' dir='ltr'><strong>incidant,</strong></span> <span class='ocrx_word' id='word_1_599' title='bbox 2699 2230 2749 2281; x_wconf 88' lang='lat' dir='ltr'><strong>in</strong></span> <span class='ocrx_word' id='word_1_600' title='bbox 2784 2231 2964 2294; x_wconf 84' lang='lat' dir='ltr'><strong>quibus</strong></span> <span class='ocrx_word' id='word_1_601' title='bbox 3009 2231 3094 2294; x_wconf 87' lang='lat' dir='ltr'><strong>qui</strong></span> <span class='ocrx_word' id='word_1_602' title='bbox 3136 2232 3299 2281; x_wconf 78' lang='lat' dir='ltr'><strong>tacent</strong></span> <span class='ocrx_word' id='word_1_603' title='bbox 3337 2230 3704 2293; x_wconf 72' lang='lat' dir='ltr'><strong>contemptibiles</strong></span> 
     </span>
     <span class='ocr_line' id='line_1_74' title="bbox 2151 2329 3704 2392; baseline -0.003 -11"><span class='ocrx_word' id='word_1_604' title='bbox 2151 2344 2253 2381; x_wconf 82' lang='lat' dir='ltr'><strong>esse</strong></span> <span class='ocrx_word' id='word_1_605' title='bbox 2277 2330 2548 2390; x_wconf 81' lang='lat' dir='ltr'><strong>videantur,</strong></span> <span class='ocrx_word' id='word_1_606' title='bbox 2575 2329 2794 2381; x_wconf 87' lang='lat' dir='ltr'><strong>dicentes</strong></span> <span class='ocrx_word' id='word_1_607' title='bbox 2819 2342 2936 2380; x_wconf 78' lang='lat' dir='ltr'><strong>vero</strong></span> <span class='ocrx_word' id='word_1_608' title='bbox 2959 2330 3096 2391; x_wconf 84' lang='lat' dir='ltr'><strong>quasi</strong></span> <span class='ocrx_word' id='word_1_609' title='bbox 3130 2329 3296 2378; x_wconf 77' lang='lat' dir='ltr'><strong>divino</strong></span> <span class='ocrx_word' id='word_1_610' title='bbox 3328 2330 3544 2392; x_wconf 87' lang='lat' dir='ltr'><strong>quodam</strong></span> <span class='ocrx_word' id='word_1_611' title='bbox 3561 2330 3704 2379; x_wconf 82' lang='lat' dir='ltr'><strong>auimo</strong></span> 
     </span>
     <span class='ocr_line' id='line_1_75' title="bbox 2152 2430 3704 2495; baseline -0.003 -13"><span class='ocrx_word' id='word_1_612' title='bbox 2152 2431 2377 2495; x_wconf 67' lang='lat' dir='ltr'><strong>praiditos</strong></span> <span class='ocrx_word' id='word_1_613' title='bbox 2399 2431 2582 2482; x_wconf 87' lang='lat' dir='ltr'><strong>honore</strong></span> <span class='ocrx_word' id='word_1_614' title='bbox 2607 2444 2638 2479; x_wconf 86' lang='lat' dir='ltr'><strong>a</strong></span> <span class='ocrx_word' id='word_1_615' title='bbox 2659 2430 2858 2493; x_wconf 77' lang='lat' dir='ltr'><strong>reliquis</strong></span> <span class='ocrx_word' id='word_1_616' title='bbox 2879 2430 3008 2479; x_wconf 74' lang='lat' dir='ltr'><strong>attici</strong></span> <span class='ocrx_word' id='word_1_617' title='bbox 3031 2442 3304 2479; x_wconf 85' lang='lat' dir='ltr'><strong>cernamus.</strong></span> <span class='ocrx_word' id='word_1_618' title='bbox 3369 2432 3574 2489; x_wconf 85' lang='lat' dir='ltr'><strong>Quoties</strong></span> <span class='ocrx_word' id='word_1_619' title='bbox 3594 2430 3704 2479; x_wconf 85' lang='lat' dir='ltr'><strong>enim</strong></span> 
     </span>
     <span class='ocr_line' id='line_1_76' title="bbox 2153 2528 3706 2593; baseline -0.003 -12"><span class='ocrx_word' id='word_1_620' title='bbox 2153 2532 2406 2593; x_wconf 82' lang='lat' dir='ltr'><strong>peccantes</strong></span> <span class='ocrx_word' id='word_1_621' title='bbox 2439 2528 2730 2580; x_wconf 85' lang='lat' dir='ltr'><strong>admonendi</strong></span> <span class='ocrx_word' id='word_1_622' title='bbox 2768 2530 2844 2581; x_wconf 78' lang='lat' dir='ltr'><strong>vel</strong></span> <span class='ocrx_word' id='word_1_623' title='bbox 2881 2530 3100 2579; x_wconf 70' lang='lat' dir='ltr'><strong>infelices</strong></span> <span class='ocrx_word' id='word_1_624' title='bbox 3135 2528 3416 2579; x_wconf 85' lang='lat' dir='ltr'><strong>consolandi</strong></span> <span class='ocrx_word' id='word_1_625' title='bbox 3459 2530 3538 2579; x_wconf 79' lang='lat' dir='ltr'><strong>vel</strong></span> <span class='ocrx_word' id='word_1_626' title='bbox 3568 2530 3706 2578; x_wconf 79' lang='lat' dir='ltr'><strong>tumre</strong></span> 
     </span>
    </p>
   </div>
   <div class='ocr_carea' id='block_1_8' title="bbox 2153 2627 3791 2707">
    <p class='ocr_par' dir='ltr' id='par_1_11' title="bbox 2153 2627 3791 2707">
     <span class='ocr_line' id='line_1_77' title="bbox 2153 2627 3791 2707; baseline 0 -28"><span class='ocrx_word' id='word_1_627' title='bbox 2153 2628 2336 2693; x_wconf 83' lang='lat' dir='ltr'><strong>abrepti</strong></span> <span class='ocrx_word' id='word_1_628' title='bbox 2364 2629 2774 2694; x_wconf 69' lang='grc' dir='ltr'>(ἐπιμαινομένους</span> <span class='ocrx_word' id='word_1_629' title='bbox 2791 2630 2838 2691; x_wconf 65' lang='grc' dir='ltr'>η</span> <span class='ocrx_word' id='word_1_630' title='bbox 2855 2627 3140 2689; x_wconf 83' lang='lat' dir='ltr'><strong>deliniendi,</strong></span> <span class='ocrx_word' id='word_1_631' title='bbox 3160 2630 3234 2679; x_wconf 74' lang='lat' dir='ltr'><strong>vel</strong></span> <span class='ocrx_word' id='word_1_632' title='bbox 3255 2631 3448 2681; x_wconf 76' lang='lat' dir='ltr'><strong>obortae</strong></span> <span class='ocrx_word' id='word_1_633' title='bbox 3469 2632 3704 2693; x_wconf 74' lang='lat' dir='ltr'><strong>derepente</strong></span> <span class='ocrx_word' id='word_1_634' title='bbox 3789 2698 3791 2707; x_wconf 36' lang='grc' dir='ltr'>Ι</span> 
     </span>
    </p>
   </div>
   <div class='ocr_carea' id='block_1_9' title="bbox 2153 2732 3789 5305">
    <p class='ocr_par' dir='ltr' id='par_1_12' title="bbox 2153 2732 3789 5305">
     <span class='ocr_line' id='line_1_78' title="bbox 2153 2732 3702 2793; baseline -0.002 -10"><span class='ocrx_word' id='word_1_635' title='bbox 2153 2734 2490 2785; x_wconf 63' lang='lat' dir='ltr'><strong>controversiae</strong></span> <span class='ocrx_word' id='word_1_636' title='bbox 2517 2732 2796 2784; x_wconf 65' lang='lat' dir='ltr'><strong>dirimendae</strong></span> <span class='ocrx_word' id='word_1_637' title='bbox 2820 2738 2935 2787; x_wconf 83' lang='lat' dir='ltr'><strong>sunt</strong></span> <span class='ocrx_word' id='word_1_638' title='bbox 2953 2769 2966 2793; x_wconf 93' lang='lat'><strong>,</strong></span> <span class='ocrx_word' id='word_1_639' title='bbox 3005 2732 3194 2781; x_wconf 86' lang='lat' dir='ltr'><strong>dicendi</strong></span> <span class='ocrx_word' id='word_1_640' title='bbox 3237 2733 3442 2782; x_wconf 73' lang='lat' dir='ltr'><strong>facultas</strong></span> <span class='ocrx_word' id='word_1_641' title='bbox 3473 2734 3634 2782; x_wconf 87' lang='lat' dir='ltr'><strong>utilem</strong></span> <span class='ocrx_word' id='word_1_642' title='bbox 3657 2746 3702 2780; x_wconf 85' lang='lat' dir='ltr'><strong>se</strong></span> 
     </span>
     <span class='ocr_line' id='line_1_79' title="bbox 2157 2834 3704 2898; baseline -0.003 -13"><span class='ocrx_word' id='word_1_643' title='bbox 2157 2837 2406 2887; x_wconf 81' lang='lat' dir='ltr'><strong>hominum</strong></span> <span class='ocrx_word' id='word_1_644' title='bbox 2450 2835 2618 2885; x_wconf 85' lang='lat' dir='ltr'><strong>usibus</strong></span> <span class='ocrx_word' id='word_1_645' title='bbox 2651 2836 2877 2898; x_wconf 66' lang='lat' dir='ltr'><strong>praestat,</strong></span> <span class='ocrx_word' id='word_1_646' title='bbox 2920 2834 3037 2883; x_wconf 89' lang='lat' dir='ltr'><strong>dum</strong></span> <span class='ocrx_word' id='word_1_647' title='bbox 3083 2834 3281 2897; x_wconf 84' lang='lat' dir='ltr'><strong>scriptio</strong></span> <span class='ocrx_word' id='word_1_648' title='bbox 3307 2834 3406 2884; x_wconf 89' lang='lat' dir='ltr'><strong>otio</strong></span> <span class='ocrx_word' id='word_1_649' title='bbox 3453 2835 3623 2896; x_wconf 76' lang='lat' dir='ltr'><strong>indiget</strong></span> <span class='ocrx_word' id='word_1_650' title='bbox 3657 2846 3704 2881; x_wconf 83' lang='lat' dir='ltr'><strong>ac</strong></span> 
     </span>
     <span class='ocr_line' id='line_1_80' title="bbox 2156 2932 3703 3003; baseline -0.005 -17"><span class='ocrx_word' id='word_1_651' title='bbox 2156 2944 2346 3003; x_wconf 85' lang='lat' dir='ltr'><strong>tempus</strong></span> <span class='ocrx_word' id='word_1_652' title='bbox 2368 2937 2578 2988; x_wconf 74' lang='lat' dir='ltr'><strong>alssumit</strong></span> <span class='ocrx_word' id='word_1_653' title='bbox 2604 2935 2888 3000; x_wconf 70' lang='lat' dir='ltr'><strong>tempestivo</strong></span> <span class='ocrx_word' id='word_1_654' title='bbox 2915 2934 3118 2997; x_wconf 82' lang='lat' dir='ltr'><strong>longius.</strong></span> <span class='ocrx_word' id='word_1_655' title='bbox 3154 2936 3276 2984; x_wconf 81' lang='lat' dir='ltr'><strong>Nam</strong></span> <span class='ocrx_word' id='word_1_656' title='bbox 3310 2945 3468 2996; x_wconf 87' lang='lat' dir='ltr'><strong>quum</strong></span> <span class='ocrx_word' id='word_1_657' title='bbox 3493 2932 3703 2982; x_wconf 84' lang='lat' dir='ltr'><strong>momenti</strong></span> 
     </span>
     <span class='ocr_line' id='line_1_81' title="bbox 2156 3028 3702 3097; baseline -0.005 -14"><span class='ocrx_word' id='word_1_658' title='bbox 2156 3034 2492 3097; x_wconf 74' lang='lat' dir='ltr'><strong>opportunitas</strong></span> <span class='ocrx_word' id='word_1_659' title='bbox 2531 3033 2578 3083; x_wconf 90' lang='lat' dir='ltr'><strong>in</strong></span> <span class='ocrx_word' id='word_1_660' title='bbox 2607 3030 2946 3083; x_wconf 78' lang='lat' dir='ltr'><strong>certaminibus</strong></span> <span class='ocrx_word' id='word_1_661' title='bbox 2987 3029 3156 3089; x_wconf 78' lang='lat' dir='ltr'><strong>agendi</strong></span> <span class='ocrx_word' id='word_1_662' title='bbox 3197 3028 3492 3079; x_wconf 68' lang='lat' dir='ltr'><strong>celeritatem</strong></span> <span class='ocrx_word' id='word_1_663' title='bbox 3523 3028 3702 3091; x_wconf 79' lang='lat' dir='ltr'><strong>flagitet,</strong></span> 
     </span>
     <span class='ocr_line' id='line_1_82' title="bbox 2155 3127 3704 3187; baseline -0.006 -6"><span class='ocrx_word' id='word_1_664' title='bbox 2155 3133 2237 3181; x_wconf 82' lang='lat' dir='ltr'><strong>illa</strong></span> <span class='ocrx_word' id='word_1_665' title='bbox 2278 3144 2438 3181; x_wconf 86' lang='lat' dir='ltr'><strong>moras</strong></span> <span class='ocrx_word' id='word_1_666' title='bbox 2477 3134 2676 3181; x_wconf 85' lang='lat' dir='ltr'><strong>nectens</strong></span> <span class='ocrx_word' id='word_1_667' title='bbox 2715 3143 2823 3179; x_wconf 89' lang='lat' dir='ltr'><strong>sero</strong></span> <span class='ocrx_word' id='word_1_668' title='bbox 2869 3129 3109 3178; x_wconf 81' lang='lat' dir='ltr'><strong>orationes</strong></span> <span class='ocrx_word' id='word_1_669' title='bbox 3151 3127 3363 3177; x_wconf 81' lang='lat' dir='ltr'><strong>conticit.</strong></span> <span class='ocrx_word' id='word_1_670' title='bbox 3429 3132 3540 3187; x_wconf 89' lang='lat' dir='ltr'><strong>Quo</strong></span> <span class='ocrx_word' id='word_1_671' title='bbox 3581 3127 3704 3187; x_wconf 81' lang='lat' dir='ltr'><strong>igitur</strong></span> 
     </span>
     <span class='ocr_line' id='line_1_83' title="bbox 2157 3222 3703 3293; baseline -0.006 -13"><span class='ocrx_word' id='word_1_672' title='bbox 2157 3230 2298 3293; x_wconf 86' lang='lat' dir='ltr'><strong>pacto</strong></span> <span class='ocrx_word' id='word_1_673' title='bbox 2345 3240 2492 3279; x_wconf 84' lang='lat' dir='ltr'><strong>sanus</strong></span> <span class='ocrx_word' id='word_1_674' title='bbox 2537 3226 2712 3289; x_wconf 87' lang='lat' dir='ltr'><strong>aliquis</strong></span> <span class='ocrx_word' id='word_1_675' title='bbox 2763 3224 3040 3275; x_wconf 74' lang='lat' dir='ltr'><strong>facultatem</strong></span> <span class='ocrx_word' id='word_1_676' title='bbox 3087 3222 3356 3283; x_wconf 88' lang='lat' dir='ltr'><strong>desideret,</strong></span> <span class='ocrx_word' id='word_1_677' title='bbox 3399 3236 3550 3286; x_wconf 85' lang='lat' dir='ltr'><strong>quam</strong></span> <span class='ocrx_word' id='word_1_678' title='bbox 3595 3226 3703 3271; x_wconf 84' lang='lat' dir='ltr'><strong>tem·</strong></span> 
     </span>
     <span class='ocr_line' id='line_1_84' title="bbox 2157 3317 3706 3389; baseline -0.007 -14"><span class='ocrx_word' id='word_1_679' title='bbox 2157 3324 2404 3389; x_wconf 81' lang='lat' dir='ltr'><strong>pestivitas</strong></span> <span class='ocrx_word' id='word_1_680' title='bbox 2445 3324 2550 3373; x_wconf 86' lang='lat' dir='ltr'><strong>tam</strong></span> <span class='ocrx_word' id='word_1_681' title='bbox 2591 3322 2730 3383; x_wconf 78' lang='lat' dir='ltr'><strong>longe</strong></span> <span class='ocrx_word' id='word_1_682' title='bbox 2769 3324 2878 3382; x_wconf 82' lang='lat' dir='ltr'><strong>post</strong></span> <span class='ocrx_word' id='word_1_683' title='bbox 2919 3332 2972 3369; x_wconf 87' lang='lat' dir='ltr'><strong>se</strong></span> <span class='ocrx_word' id='word_1_684' title='bbox 2999 3318 3258 3381; x_wconf 79' lang='lat' dir='ltr'><strong>relinquit?</strong></span> <span class='ocrx_word' id='word_1_685' title='bbox 3282 3319 3456 3369; x_wconf 79' lang='lat' dir='ltr'><strong>Nonne</strong></span> <span class='ocrx_word' id='word_1_686' title='bbox 3499 3317 3706 3373; x_wconf 83' lang='lat' dir='ltr'><strong>ridiculus</strong></span> 
     </span>
     <span class='ocr_line' id='line_1_85' title="bbox 2157 3416 3704 3481; baseline -0.006 -12"><span class='ocrx_word' id='word_1_687' title='bbox 2157 3421 2280 3471; x_wconf 79' lang='lat' dir='ltr'><strong>toret</strong></span> <span class='ocrx_word' id='word_1_688' title='bbox 2309 3421 2500 3480; x_wconf 87' lang='lat' dir='ltr'><strong>orator,</strong></span> <span class='ocrx_word' id='word_1_689' title='bbox 2527 3416 2632 3481; x_wconf 86' lang='lat' dir='ltr'><strong>qui,</strong></span> <span class='ocrx_word' id='word_1_690' title='bbox 2657 3418 2758 3477; x_wconf 78' lang='lat' dir='ltr'><strong>jam</strong></span> <span class='ocrx_word' id='word_1_691' title='bbox 2789 3416 3029 3465; x_wconf 83' lang='lat' dir='ltr'><strong>clamante</strong></span> <span class='ocrx_word' id='word_1_692' title='bbox 3059 3426 3282 3477; x_wconf 77' lang='lat' dir='ltr'><strong>praecone</strong></span> <span class='ocrx_word' id='word_1_693' title='bbox 3313 3434 3338 3458; x_wconf 73' lang='grc' dir='ltr'><strong>ιι</strong></span> <span class='ocrx_word' id='word_1_694' title='bbox 3377 3416 3622 3473; x_wconf 62' lang='lat' dir='ltr'><strong>Quasnam</strong></span> <span class='ocrx_word' id='word_1_695' title='bbox 3641 3416 3704 3461; x_wconf 83' lang='lat' dir='ltr'><strong>ci-</strong></span> 
     </span>
     <span class='ocr_line' id='line_1_86' title="bbox 2156 3511 3704 3577; baseline -0.007 -8"><span class='ocrx_word' id='word_1_696' title='bbox 2156 3521 2304 3569; x_wconf 78' lang='lat' dir='ltr'><strong>vium</strong></span> <span class='ocrx_word' id='word_1_697' title='bbox 2329 3516 2626 3569; x_wconf 77' lang='lat' dir='ltr'><strong>concionari</strong></span> <span class='ocrx_word' id='word_1_698' title='bbox 2643 3515 2779 3577; x_wconf 75' lang='lat' dir='ltr'><strong>uun,</strong></span> <span class='ocrx_word' id='word_1_699' title='bbox 2813 3532 2838 3557; x_wconf 69' lang='lat' dir='ltr'><strong>n</strong></span> <span class='ocrx_word' id='word_1_700' title='bbox 2864 3513 2944 3563; x_wconf 77' lang='lat' dir='ltr'><strong>vel</strong></span> <span class='ocrx_word' id='word_1_701' title='bbox 2969 3512 3072 3575; x_wconf 79' lang='lat' dir='ltr'><strong>jam</strong></span> <span class='ocrx_word' id='word_1_702' title='bbox 3095 3511 3274 3561; x_wconf 82' lang='lat' dir='ltr'><strong>tinente</strong></span> <span class='ocrx_word' id='word_1_703' title='bbox 3299 3512 3346 3559; x_wconf 88' lang='lat' dir='ltr'><strong>in</strong></span> <span class='ocrx_word' id='word_1_704' title='bbox 3377 3511 3572 3573; x_wconf 84' lang='lat' dir='ltr'><strong>judiciis</strong></span> <span class='ocrx_word' id='word_1_705' title='bbox 3595 3520 3704 3571; x_wconf 77' lang='lat' dir='ltr'><strong>aqua</strong></span> 
     </span>
     <span class='ocr_line' id='line_1_87' title="bbox 2156 3588 3789 3679; baseline -0.007 -14"><span class='ocrx_word' id='word_1_706' title='bbox 2156 3614 2445 3679; x_wconf 63' lang='lat' dir='ltr'><strong>clepsydrae,</strong></span> <span class='ocrx_word' id='word_1_707' title='bbox 2461 3612 2522 3663; x_wconf 83' lang='lat' dir='ltr'><strong>ad</strong></span> <span class='ocrx_word' id='word_1_708' title='bbox 2547 3610 2771 3662; x_wconf 85' lang='lat' dir='ltr'><strong>tabellam</strong></span> <span class='ocrx_word' id='word_1_709' title='bbox 2790 3608 3038 3659; x_wconf 75' lang='lat' dir='ltr'><strong>accederet</strong></span> <span class='ocrx_word' id='word_1_710' title='bbox 3057 3612 3112 3657; x_wconf 87' lang='lat' dir='ltr'><strong>ut</strong></span> <span class='ocrx_word' id='word_1_711' title='bbox 3127 3608 3394 3657; x_wconf 85' lang='lat' dir='ltr'><strong>orationem</strong></span> <span class='ocrx_word' id='word_1_712' title='bbox 3414 3608 3706 3669; x_wconf 82' lang='lat' dir='ltr'><strong>componeret</strong></span> <span class='ocrx_word' id='word_1_713' title='bbox 3787 3588 3789 3609; x_wconf 59' lang='lat'>³</span> 
     </span>
     <span class='ocr_line' id='line_1_88' title="bbox 2158 3704 3707 3771; baseline -0.007 -11"><span class='ocrx_word' id='word_1_714' title='bbox 2158 3709 2498 3771; x_wconf 79' lang='lat' dir='ltr'><strong>mandaretque</strong></span> <span class='ocrx_word' id='word_1_715' title='bbox 2516 3706 2796 3756; x_wconf 57' lang='lat' dir='ltr'><strong>memoriae?</strong></span> <span class='ocrx_word' id='word_1_716' title='bbox 2815 3708 2940 3755; x_wconf 87' lang='lat' dir='ltr'><strong>Sane</strong></span> <span class='ocrx_word' id='word_1_717' title='bbox 2963 3704 3158 3767; x_wconf 88' lang='lat' dir='ltr'><strong>quidem</strong></span> <span class='ocrx_word' id='word_1_718' title='bbox 3175 3706 3214 3755; x_wconf 83' lang='lat' dir='ltr'><strong>si</strong></span> <span class='ocrx_word' id='word_1_719' title='bbox 3233 3704 3489 3767; x_wconf 75' lang='lat' dir='ltr'><strong>tyrannide</strong></span> <span class='ocrx_word' id='word_1_720' title='bbox 3510 3704 3707 3753; x_wconf 77' lang='lat' dir='ltr'><strong>civitates</strong></span> 
     </span>
     <span class='ocr_line' id='line_1_89' title="bbox 2157 3799 3707 3872; baseline -0.008 -14"><span class='ocrx_word' id='word_1_721' title='bbox 2157 3820 2499 3872; x_wconf 80' lang='lat' dir='ltr'><strong>premeremus,</strong></span> <span class='ocrx_word' id='word_1_722' title='bbox 2527 3817 2670 3867; x_wconf 79' lang='lat' dir='ltr'><strong>penes</strong></span> <span class='ocrx_word' id='word_1_723' title='bbox 2691 3816 2776 3853; x_wconf 84' lang='lat' dir='ltr'><strong>nos</strong></span> <span class='ocrx_word' id='word_1_724' title='bbox 2801 3805 2927 3853; x_wconf 79' lang='lat' dir='ltr'><strong>esset</strong></span> <span class='ocrx_word' id='word_1_725' title='bbox 2949 3814 3214 3851; x_wconf 80' lang='lat' dir='ltr'><strong>convocare</strong></span> <span class='ocrx_word' id='word_1_726' title='bbox 3238 3801 3414 3863; x_wconf 83' lang='lat' dir='ltr'><strong>judicia</strong></span> <span class='ocrx_word' id='word_1_727' title='bbox 3441 3800 3568 3851; x_wconf 87' lang='lat' dir='ltr'><strong>etde</strong></span> <span class='ocrx_word' id='word_1_728' title='bbox 3583 3799 3707 3849; x_wconf 84' lang='lat' dir='ltr'><strong>rebus</strong></span> 
     </span>
     <span class='ocr_line' id='line_1_90' title="bbox 2159 3896 3704 3966; baseline -0.006 -15"><span class='ocrx_word' id='word_1_729' title='bbox 2159 3901 2360 3966; x_wconf 85' lang='lat' dir='ltr'><strong>publicis</strong></span> <span class='ocrx_word' id='word_1_730' title='bbox 2385 3900 2630 3950; x_wconf 83' lang='lat' dir='ltr'><strong>consulere</strong></span> <span class='ocrx_word' id='word_1_731' title='bbox 2674 3900 2740 3948; x_wconf 82' lang='lat' dir='ltr'><strong>ita</strong></span> <span class='ocrx_word' id='word_1_732' title='bbox 2772 3902 2827 3948; x_wconf 89' lang='lat' dir='ltr'><strong>ut</strong></span> <span class='ocrx_word' id='word_1_733' title='bbox 2857 3901 3118 3961; x_wconf 88' lang='lat' dir='ltr'><strong>postquam</strong></span> <span class='ocrx_word' id='word_1_734' title='bbox 3156 3897 3351 3958; x_wconf 79' lang='lat' dir='ltr'><strong>scriptae</strong></span> <span class='ocrx_word' id='word_1_735' title='bbox 3378 3896 3614 3944; x_wconf 85' lang='lat' dir='ltr'><strong>orationes</strong></span> <span class='ocrx_word' id='word_1_736' title='bbox 3641 3905 3704 3941; x_wconf 74' lang='lat' dir='ltr'><strong>es·</strong></span> 
     </span>
     <span class='ocr_line' id='line_1_91' title="bbox 2157 3988 3704 4056; baseline -0.008 -11"><span class='ocrx_word' id='word_1_737' title='bbox 2157 3998 2297 4056; x_wconf 90' lang='lat' dir='ltr'><strong>sent,</strong></span> <span class='ocrx_word' id='word_1_738' title='bbox 2321 3998 2426 4045; x_wconf 88' lang='lat' dir='ltr'><strong>tum</strong></span> <span class='ocrx_word' id='word_1_739' title='bbox 2449 3993 2645 4043; x_wconf 84' lang='lat' dir='ltr'><strong>demum</strong></span> <span class='ocrx_word' id='word_1_740' title='bbox 2671 3992 2732 4041; x_wconf 83' lang='lat' dir='ltr'><strong>ad</strong></span> <span class='ocrx_word' id='word_1_741' title='bbox 2761 3991 3023 4041; x_wconf 84' lang='lat' dir='ltr'><strong>audiendas</strong></span> <span class='ocrx_word' id='word_1_742' title='bbox 3049 3990 3180 4040; x_wconf 78' lang='lat' dir='ltr'><strong>cives</strong></span> <span class='ocrx_word' id='word_1_743' title='bbox 3219 3989 3583 4039; x_wconf 80' lang='lat' dir='ltr'><strong>advocaremns.</strong></span> <span class='ocrx_word' id='word_1_744' title='bbox 3609 3988 3704 4036; x_wconf 81' lang='lat' dir='ltr'><strong>Jam</strong></span> 
     </span>
     <span class='ocr_line' id='line_1_92' title="bbox 2159 4084 3703 4154; baseline -0.009 -11"><span class='ocrx_word' id='word_1_745' title='bbox 2159 4106 2274 4143; x_wconf 80' lang='lat' dir='ltr'><strong>vero</strong></span> <span class='ocrx_word' id='word_1_746' title='bbox 2296 4104 2448 4154; x_wconf 89' lang='lat' dir='ltr'><strong>quum</strong></span> <span class='ocrx_word' id='word_1_747' title='bbox 2481 4102 2624 4153; x_wconf 87' lang='lat' dir='ltr'><strong>penes</strong></span> <span class='ocrx_word' id='word_1_748' title='bbox 2657 4089 2779 4139; x_wconf 82' lang='lat' dir='ltr'><strong>alios</strong></span> <span class='ocrx_word' id='word_1_749' title='bbox 2801 4088 2973 4137; x_wconf 86' lang='lat' dir='ltr'><strong>horum</strong></span> <span class='ocrx_word' id='word_1_750' title='bbox 3007 4088 3218 4149; x_wconf 83' lang='lat' dir='ltr'><strong>potestas</strong></span> <span class='ocrx_word' id='word_1_751' title='bbox 3244 4087 3337 4149; x_wconf 83' lang='lat' dir='ltr'><strong>sit,</strong></span> <span class='ocrx_word' id='word_1_752' title='bbox 3367 4099 3530 4136; x_wconf 88' lang='lat' dir='ltr'><strong>nonne</strong></span> <span class='ocrx_word' id='word_1_753' title='bbox 3553 4084 3703 4133; x_wconf 77' lang='lat' dir='ltr'><strong>absur-</strong></span> 
     </span>
     <span class='ocr_line' id='line_1_93' title="bbox 2157 4182 3704 4239; baseline -0.006 -2"><span class='ocrx_word' id='word_1_754' title='bbox 2157 4189 2273 4237; x_wconf 89' lang='lat' dir='ltr'><strong>dum</strong></span> <span class='ocrx_word' id='word_1_755' title='bbox 2290 4191 2362 4239; x_wconf 88' lang='lat' dir='ltr'><strong>est</strong></span> <span class='ocrx_word' id='word_1_756' title='bbox 2381 4200 2470 4237; x_wconf 84' lang='lat' dir='ltr'><strong>nos</strong></span> <span class='ocrx_word' id='word_1_757' title='bbox 2485 4186 2758 4237; x_wconf 86' lang='lat' dir='ltr'><strong>orationum</strong></span> <span class='ocrx_word' id='word_1_758' title='bbox 2777 4182 3136 4235; x_wconf 75' lang='lat' dir='ltr'><strong>meditationem</strong></span> <span class='ocrx_word' id='word_1_759' title='bbox 3159 4183 3412 4234; x_wconf 77' lang='lat' dir='ltr'><strong>instituere</strong></span> <span class='ocrx_word' id='word_1_760' title='bbox 3427 4196 3588 4233; x_wconf 88' lang='lat' dir='ltr'><strong>rerum</strong></span> <span class='ocrx_word' id='word_1_761' title='bbox 3605 4194 3704 4229; x_wconf 87' lang='lat' dir='ltr'><strong>con·</strong></span> 
     </span>
     <span class='ocr_line' id='line_1_94' title="bbox 2155 4276 3704 4347; baseline -0.006 -12"><span class='ocrx_word' id='word_1_762' title='bbox 2155 4286 2326 4335; x_wconf 87' lang='lat' dir='ltr'><strong>ditioni</strong></span> <span class='ocrx_word' id='word_1_763' title='bbox 2345 4286 2507 4347; x_wconf 89' lang='lat' dir='ltr'><strong>aperte</strong></span> <span class='ocrx_word' id='word_1_764' title='bbox 2529 4282 2853 4333; x_wconf 83' lang='lat' dir='ltr'><strong>contrariam?</strong></span> <span class='ocrx_word' id='word_1_765' title='bbox 2881 4282 3068 4331; x_wconf 75' lang='lat' dir='ltr'><strong>Etenim</strong></span> <span class='ocrx_word' id='word_1_766' title='bbox 3093 4282 3338 4329; x_wconf 87' lang='lat' dir='ltr'><strong>orationes</strong></span> <span class='ocrx_word' id='word_1_767' title='bbox 3361 4284 3530 4329; x_wconf 79' lang='lat' dir='ltr'><strong>exacta</strong></span> <span class='ocrx_word' id='word_1_768' title='bbox 3555 4276 3704 4327; x_wconf 79' lang='lat' dir='ltr'><strong>verbo·</strong></span> 
     </span>
     <span class='ocr_line' id='line_1_95' title="bbox 2159 4370 3703 4439; baseline -0.008 -8"><span class='ocrx_word' id='word_1_769' title='bbox 2159 4394 2266 4431; x_wconf 90' lang='lat' dir='ltr'><strong>rum</strong></span> <span class='ocrx_word' id='word_1_770' title='bbox 2291 4392 2410 4430; x_wconf 80' lang='lat' dir='ltr'><strong>cura</strong></span> <span class='ocrx_word' id='word_1_771' title='bbox 2433 4378 2692 4429; x_wconf 53' lang='lat' dir='ltr'><strong>elaborata&amp;</strong></span> <span class='ocrx_word' id='word_1_772' title='bbox 2705 4379 2756 4425; x_wconf 89' lang='lat' dir='ltr'><strong>et</strong></span> <span class='ocrx_word' id='word_1_773' title='bbox 2779 4376 3012 4439; x_wconf 84' lang='lat' dir='ltr'><strong>poematis</strong></span> <span class='ocrx_word' id='word_1_774' title='bbox 3037 4387 3184 4439; x_wconf 85' lang='lat' dir='ltr'><strong>quam</strong></span> <span class='ocrx_word' id='word_1_775' title='bbox 3201 4373 3506 4424; x_wconf 85' lang='lat' dir='ltr'><strong>orationibus</strong></span> <span class='ocrx_word' id='word_1_776' title='bbox 3525 4370 3703 4423; x_wconf 74' lang='lat' dir='ltr'><strong>similio-</strong></span> 
     </span>
     <span class='ocr_line' id='line_1_96' title="bbox 2161 4470 3708 4541; baseline -0.008 -12"><span class='ocrx_word' id='word_1_777' title='bbox 2161 4492 2266 4539; x_wconf 87' lang='lat' dir='ltr'><strong>res,</strong></span> <span class='ocrx_word' id='word_1_778' title='bbox 2299 4490 2410 4541; x_wconf 78' lang='lat' dir='ltr'><strong>quoe</strong></span> <span class='ocrx_word' id='word_1_779' title='bbox 2429 4475 2548 4526; x_wconf 86' lang='lat' dir='ltr'><strong>nibil</strong></span> <span class='ocrx_word' id='word_1_780' title='bbox 2571 4474 2751 4524; x_wconf 77' lang='lat' dir='ltr'><strong>liabent</strong></span> <span class='ocrx_word' id='word_1_781' title='bbox 2779 4472 2910 4537; x_wconf 87' lang='lat' dir='ltr'><strong>quod</strong></span> <span class='ocrx_word' id='word_1_782' title='bbox 2946 4476 3120 4535; x_wconf 84' lang='lat' dir='ltr'><strong>sponte</strong></span> <span class='ocrx_word' id='word_1_783' title='bbox 3155 4475 3328 4523; x_wconf 84' lang='lat' dir='ltr'><strong>natum</strong></span> <span class='ocrx_word' id='word_1_784' title='bbox 3355 4474 3406 4522; x_wconf 91' lang='lat' dir='ltr'><strong>et</strong></span> <span class='ocrx_word' id='word_1_785' title='bbox 3432 4485 3549 4523; x_wconf 79' lang='lat' dir='ltr'><strong>vero</strong></span> <span class='ocrx_word' id='word_1_786' title='bbox 3571 4470 3708 4521; x_wconf 84' lang='lat' dir='ltr'><strong>simile</strong></span> 
     </span>
     <span class='ocr_line' id='line_1_97' title="bbox 2156 4566 3703 4635; baseline -0.007 -12"><span class='ocrx_word' id='word_1_787' title='bbox 2156 4576 2236 4635; x_wconf 86' lang='lat' dir='ltr'><strong>sit,</strong></span> <span class='ocrx_word' id='word_1_788' title='bbox 2259 4574 2344 4625; x_wconf 84' lang='lat' dir='ltr'><strong>sod</strong></span> <span class='ocrx_word' id='word_1_789' title='bbox 2367 4573 2478 4623; x_wconf 84' lang='lat' dir='ltr'><strong>data</strong></span> <span class='ocrx_word' id='word_1_790' title='bbox 2505 4584 2648 4634; x_wconf 84' lang='lat' dir='ltr'><strong>opera</strong></span> <span class='ocrx_word' id='word_1_791' title='bbox 2669 4570 2890 4620; x_wconf 70' lang='lat' dir='ltr'><strong>conlictae</strong></span> <span class='ocrx_word' id='word_1_792' title='bbox 2913 4572 2964 4621; x_wconf 87' lang='lat' dir='ltr'><strong>et</strong></span> <span class='ocrx_word' id='word_1_793' title='bbox 2987 4570 3266 4633; x_wconf 67' lang='lat' dir='ltr'><strong>compositu</strong></span> <span class='ocrx_word' id='word_1_794' title='bbox 3297 4574 3432 4631; x_wconf 85' lang='lat' dir='ltr'><strong>sunt,</strong></span> <span class='ocrx_word' id='word_1_795' title='bbox 3457 4566 3703 4619; x_wconf 77' lang='lat' dir='ltr'><strong>diffidentia</strong></span> 
     </span>
     <span class='ocr_line' id='line_1_98' title="bbox 2155 4662 3706 4727; baseline -0.007 -9"><span class='ocrx_word' id='word_1_796' title='bbox 2155 4670 2205 4718; x_wconf 86' lang='lat' dir='ltr'><strong>et</strong></span> <span class='ocrx_word' id='word_1_797' title='bbox 2231 4668 2412 4717; x_wconf 80' lang='lat' dir='ltr'><strong>invidia</strong></span> <span class='ocrx_word' id='word_1_798' title='bbox 2431 4666 2731 4716; x_wconf 90' lang='lat' dir='ltr'><strong>audientium</strong></span> <span class='ocrx_word' id='word_1_799' title='bbox 2763 4666 2952 4714; x_wconf 84' lang='lat' dir='ltr'><strong>animos</strong></span> <span class='ocrx_word' id='word_1_800' title='bbox 2975 4664 3199 4727; x_wconf 87' lang='lat' dir='ltr'><strong>implent.</strong></span> <span class='ocrx_word' id='word_1_801' title='bbox 3297 4662 3706 4714; x_wconf 80' lang='lat' dir='ltr'><strong>Evidentissimum</strong></span> 
     </span>
     <span class='ocr_line' id='line_1_99' title="bbox 2157 4759 3708 4827; baseline -0.005 -13"><span class='ocrx_word' id='word_1_802' title='bbox 2157 4764 2303 4815; x_wconf 83' lang='lat' dir='ltr'><strong>habes</strong></span> <span class='ocrx_word' id='word_1_803' title='bbox 2327 4764 2394 4816; x_wconf 85' lang='lat' dir='ltr'><strong>rei</strong></span> <span class='ocrx_word' id='word_1_804' title='bbox 2423 4768 2785 4827; x_wconf 82' lang='lat' dir='ltr'><strong>argumentum.</strong></span> <span class='ocrx_word' id='word_1_805' title='bbox 2849 4762 3045 4814; x_wconf 86' lang='lat' dir='ltr'><strong>Scilicet</strong></span> <span class='ocrx_word' id='word_1_806' title='bbox 3077 4763 3161 4825; x_wconf 89' lang='lat' dir='ltr'><strong>qul</strong></span> <span class='ocrx_word' id='word_1_807' title='bbox 3193 4762 3438 4813; x_wconf 80' lang='lat' dir='ltr'><strong>orationes</strong></span> <span class='ocrx_word' id='word_1_808' title='bbox 3468 4759 3708 4824; x_wconf 78' lang='lat' dir='ltr'><strong>iniudiciis</strong></span> 
     </span>
     <span class='ocr_line' id='line_1_100' title="bbox 2161 4853 3705 4922; baseline -0.005 -13"><span class='ocrx_word' id='word_1_809' title='bbox 2161 4858 2542 4922; x_wconf 84' lang='lat' dir='ltr'><strong>pronuntiandas</strong></span> <span class='ocrx_word' id='word_1_810' title='bbox 2569 4858 2818 4919; x_wconf 86' lang='lat' dir='ltr'><strong>scribunt,</strong></span> <span class='ocrx_word' id='word_1_811' title='bbox 2853 4856 3051 4907; x_wconf 83' lang='lat' dir='ltr'><strong>nimiam</strong></span> <span class='ocrx_word' id='word_1_812' title='bbox 3077 4856 3220 4907; x_wconf 85' lang='lat' dir='ltr'><strong>istam</strong></span> <span class='ocrx_word' id='word_1_813' title='bbox 3245 4856 3597 4907; x_wconf 84' lang='lat' dir='ltr'><strong>accurationem</strong></span> <span class='ocrx_word' id='word_1_814' title='bbox 3630 4853 3705 4903; x_wconf 87' lang='lat' dir='ltr'><strong>de·</strong></span> 
     </span>
     <span class='ocr_line' id='line_1_101' title="bbox 2157 4948 3706 5017; baseline -0.006 -14"><span class='ocrx_word' id='word_1_815' title='bbox 2157 4954 2310 5004; x_wconf 80' lang='lat' dir='ltr'><strong>vitant</strong></span> <span class='ocrx_word' id='word_1_816' title='bbox 2339 4956 2472 5005; x_wconf 83' lang='lat' dir='ltr'><strong>etex</strong></span> <span class='ocrx_word' id='word_1_817' title='bbox 2511 4956 2728 5017; x_wconf 84' lang='lat' dir='ltr'><strong>tempore</strong></span> <span class='ocrx_word' id='word_1_818' title='bbox 2765 4952 2982 5002; x_wconf 85' lang='lat' dir='ltr'><strong>dicentes</strong></span> <span class='ocrx_word' id='word_1_819' title='bbox 3018 4952 3270 5001; x_wconf 86' lang='lat' dir='ltr'><strong>imitantur</strong></span> <span class='ocrx_word' id='word_1_820' title='bbox 3305 4964 3365 5000; x_wconf 87' lang='lat' dir='ltr'><strong>ac</strong></span> <span class='ocrx_word' id='word_1_821' title='bbox 3397 4954 3516 5001; x_wconf 88' lang='lat' dir='ltr'><strong>tuuc</strong></span> <span class='ocrx_word' id='word_1_822' title='bbox 3540 4948 3706 5012; x_wconf 88' lang='lat' dir='ltr'><strong>optime</strong></span> 
     </span>
     <span class='ocr_line' id='line_1_102' title="bbox 2155 5048 3704 5113; baseline -0.007 -10"><span class='ocrx_word' id='word_1_823' title='bbox 2155 5052 2362 5103; x_wconf 86' lang='lat' dir='ltr'><strong>scribere</strong></span> <span class='ocrx_word' id='word_1_824' title='bbox 2391 5052 2480 5103; x_wconf 85' lang='lat' dir='ltr'><strong>sihi</strong></span> <span class='ocrx_word' id='word_1_825' title='bbox 2505 5051 2729 5103; x_wconf 81' lang='lat' dir='ltr'><strong>videntur</strong></span> <span class='ocrx_word' id='word_1_826' title='bbox 2757 5052 2797 5102; x_wconf 89' lang='lat' dir='ltr'><strong>si</strong></span> <span class='ocrx_word' id='word_1_827' title='bbox 2825 5051 3022 5101; x_wconf 89' lang='lat' dir='ltr'><strong>minime</strong></span> <span class='ocrx_word' id='word_1_828' title='bbox 3049 5048 3229 5101; x_wconf 82' lang='lat' dir='ltr'><strong>similes</strong></span> <span class='ocrx_word' id='word_1_829' title='bbox 3257 5049 3454 5113; x_wconf 74' lang='lat' dir='ltr'><strong>scriptis</strong></span> <span class='ocrx_word' id='word_1_830' title='bbox 3477 5048 3704 5099; x_wconf 58' lang='lat' dir='ltr'><strong>orationes</strong></span> 
     </span>
     <span class='ocr_line' id='line_1_103' title="bbox 2154 5143 3704 5211; baseline -0.006 -11"><span class='ocrx_word' id='word_1_831' title='bbox 2154 5150 2427 5201; x_wconf 82' lang='lat' dir='ltr'><strong>exhibeant.</strong></span> <span class='ocrx_word' id='word_1_832' title='bbox 2492 5146 2678 5209; x_wconf 79' lang='lat' dir='ltr'><strong>Quodsi</strong></span> <span class='ocrx_word' id='word_1_833' title='bbox 2703 5160 2818 5197; x_wconf 79' lang='lat' dir='ltr'><strong>vero</strong></span> <span class='ocrx_word' id='word_1_834' title='bbox 2841 5146 2956 5209; x_wconf 86' lang='lat' dir='ltr'><strong>ipsis</strong></span> <span class='ocrx_word' id='word_1_835' title='bbox 2985 5146 3303 5211; x_wconf 83' lang='lat' dir='ltr'><strong>scriptoribus</strong></span> <span class='ocrx_word' id='word_1_836' title='bbox 3327 5144 3407 5196; x_wconf 78' lang='lat' dir='ltr'><strong>liic</strong></span> <span class='ocrx_word' id='word_1_837' title='bbox 3429 5151 3500 5197; x_wconf 85' lang='lat' dir='ltr'><strong>est</strong></span> <span class='ocrx_word' id='word_1_838' title='bbox 3521 5143 3704 5206; x_wconf 77' lang='lat' dir='ltr'><strong>diligen·</strong></span> 
     </span>
     <span class='ocr_line' id='line_1_104' title="bbox 2155 5240 3702 5305; baseline -0.007 -9"><span class='ocrx_word' id='word_1_839' title='bbox 2155 5245 2236 5297; x_wconf 80' lang='lat' dir='ltr'><strong>tiae</strong></span> <span class='ocrx_word' id='word_1_840' title='bbox 2261 5244 2395 5305; x_wconf 83' lang='lat' dir='ltr'><strong>linis,</strong></span> <span class='ocrx_word' id='word_1_841' title='bbox 2423 5245 2478 5293; x_wconf 91' lang='lat' dir='ltr'><strong>ut</strong></span> <span class='ocrx_word' id='word_1_842' title='bbox 2498 5241 2845 5305; x_wconf 77' lang='lat' dir='ltr'><strong>extemporalia</strong></span> <span class='ocrx_word' id='word_1_843' title='bbox 2887 5241 3142 5303; x_wconf 87' lang='lat' dir='ltr'><strong>loquentes</strong></span> <span class='ocrx_word' id='word_1_844' title='bbox 3182 5240 3466 5303; x_wconf 85' lang='lat' dir='ltr'><strong>imitentur,</strong></span> <span class='ocrx_word' id='word_1_845' title='bbox 3487 5240 3577 5303; x_wconf 85' lang='lat' dir='ltr'><strong>qul</strong></span> <span class='ocrx_word' id='word_1_846' title='bbox 3615 5242 3702 5285; x_wconf 77' lang='lat' dir='ltr'><strong>uon</strong></span> 
     </span>
    </p>
   </div>
  </div>
 </body>
</html>
