3825 5834
1300 445 1493 508 xxu.
1538 449 1742 510 RATA
1788 449 2348 511 ΛΝΔΡΟΤΙΞΝΟΣ.

242 577 389 645 Βουλῆ
415 573 499 631 obv
526 576 653 632 ἐστιν
682 577 892 631 ἐνταῦθα
918 576 1031 648 περὶ
1052 575 1293 642 ἐκδάσεως
1316 585 1405 634 τοῦ
1430 579 1735 652 ψηφίσματος
1753 621 1769 646 ,

239 660 283 711 τί
304 659 389 729 ἀρα
414 657 662 724 ἐκδήσεται
687 655 735 719 ἐξ
767 655 917 709 αὗτοῦ
943 657 1140 728 ὕστερον
1160 697 1175 721 ,
1206 656 1303 712 εἴτε
1330 657 1517 729 ἀγαθὸν
1552 658 1651 713 εἴτε
1690 661 1775 713 καὶ

240 738 404 798 ἄλλως.
480 736 622 789 Ἐστι
660 735 713 789 δὲ
740 735 891 808 λόγος
914 736 1259 806 δευτερολογία
1273 758 1284 769 ·
1321 739 1351 789 6
1378 737 1475 809 γὰρ
1500 738 1771 810 Εὗκτήμων

235 817 367 871 εἰπὼν
400 821 581 886 πρῶτος
604 813 657 868 έν
693 815 928 886 δευτέροις
967 815 997 868 6
1033 817 1276 886 Διόδωρος
1315 816 1471 888 λέγει.
1544 817 1630 871 Aah
1660 816 1772 870 οὔτε

235 895 466 966 προοίμιον
495 894 599 964 ἔχει
624 892 653 947 ό
681 893 830 965 λόγος
848 893 960 950 οὔτε
979 895 1208 966 διήγησιν
1232 894 1314 948 διὰ
1339 897 1569 963 τοιαύτην
1588 896 1769 963 αἰτίαν,

236 975 468 1046 ἐπειδήπερ
494 973 569 1028 ἀεὶ
592 975 651 1027 τὸ
674 976 929 1047 προοίμιον
962 977 1106 1030 ῐνεκα
1134 976 1384 1046 θεραπείας
1401 981 1497 1030 τῶν
1522 975 1771 1047 ἀκροατῶν

231 1057 435 1127 λέγεται,
462 1055 493 1122 ἦ
522 1055 580 1109 δὲ
606 1056 829 1126 διήγησις
856 1057 1003 1112 ἔνεκα
1026 1060 1115 1110 τοῦ
1160 1056 1346 1119 διδάξαι
1370 1058 1482 1119 τοὶις
1508 1056 1772 1120 ἀκούοντας

231 1142 319 1198 πῶς
350 1135 451 1206 ἔχει
491 1135 549 1190 τὸ
577 1139 663 1202 τῆς
701 1136 987 1198 ύποθέσεως.
1064 1136 1163 1188 Τοῦ
1208 1131 1295 1190 οὖν
1322 1139 1515 1207 πρώτου
1542 1137 1772 1209 λέγοντος

239 1213 322 1282 ἤδη
342 1215 419 1267 καὶ
444 1215 824 1285 θεραπεύσαντος
848 1214 961 1276 τοὺς
999 1213 1238 1285 ἀκροατὰς
1264 1213 1345 1266 διὰ
1374 1220 1471 1268 τῶν
1499 1217 1768 1288 προοιμίων

228 1295 301 1346 καὶ
324 1294 589 1356 διδάξαντος
616 1294 675 1347 τὸ
698 1296 901 1366 πρᾶγμα
925 1293 1007 1347 διὰ
1034 1297 1119 1361 τῆς
1139 1296 1506 1359 καταστάσεως,
1539 1297 1769 1366 περιττόν

228 1371 341 1426 ἐστιν
366 1372 433 1426 ἔτι
458 1375 543 1426 τὸν
564 1374 786 1445 δεύτερον
805 1373 1016 1444 λέγοντα
1042 1372 1165 1426 αὐτὰ
1190 1374 1339 1427 πάλιν
1366 1373 1539 1428 εἰπεῖν.
1588 1373 1767 1429 Ἷστέον

227 1451 273 1504 δὲ
304 1453 373 1504 δτι
398 1453 483 1504 δύο
504 1453 677 1522 τρόποι
707 1451 801 1505 εἰσὶ
824 1451 1221 1524 δευτερολογίας,
1252 1453 1283 1505 8
1308 1471 1361 1507 τε
1388 1451 1469 1506 ἐπὶ
1501 1457 1599 1505 τῶν
1635 1451 1767 1505 ἰδιω·

226 1536 357 1583 τικῶν
392 1529 597 1602 ἀγώνων
636 1532 719 1585 καὶ
769 1532 799 1585 6
833 1532 913 1586 ἐπὶ
956 1537 1054 1586 τῶν
1090 1532 1361 1603 δημοσίων.
1448 1533 1673 1585 Γίνονται
1714 1532 1769 1586 δέ

226 1608 427 1680 ἑκάτερος
458 1609 609 1673 οὕτως
626 1629 637 1640 ·
678 1609 760 1664 ἐπὶ
804 1609 889 1682 μὲν
933 1617 1031 1664 τῶν
1064 1610 1319 1664 ἰδιωτικῶν
1346 1611 1374 1662 6
1408 1604 1477 1672 εἷς
1503 1614 1773 1682 κατηγορεῖ

224 1693 308 1740 τῶν
332 1689 599 1742 διωκόντων
615 1729 631 1754 ,
658 1687 769 1742 εἷτα
794 1689 823 1742 ό
846 1689 1037 1761 φεύγων
1076 1688 1426 1761 ἀπολογεῖται,
1462 1687 1573 1744 εἷτα
1618 1689 1765 1744 πάλιν

222 1767 249 1818 6
274 1770 419 1840 ἔτερος
442 1771 714 1842 κατήγορος
740 1773 1031 1842 κατηγορεῖ,
1060 1769 1171 1824 εἶτα
1194 1770 1223 1824 ό
1246 1771 1439 1842 φεύγων
1466 1771 1615 1824 πάλιν
1643 1769 1765 1825 ἀπο-

223 1846 427 1913 λογεῖται
447 1850 528 1901 καὶ
550 1851 669 1920 πρὸς
702 1855 897 1905 τοῦτον.
982 1849 1101 1905 Ἐπὶ
1124 1849 1179 1904 δέ
1202 1856 1298 1904 τῶν
1327 1850 1577 1922 δημοσίων
1604 1851 1652 1903 οἱ
1680 1851 1766 1904 δύο

224 1927 367 1998 ἐφεξῆς
386 1932 705 2002 κατηγόρουν,
738 1929 849 1984 εἶτα
867 1931 897 1984 6
917 1931 1109 2002 φεύγων
1130 1931 1246 2002 πρὸς
1273 1927 1363 1997 τὴν
1392 1936 1489 1984 τῶν
1510 1931 1597 1984 δύο
1622 1949 1768 2000 κατη·

221 2009 373 2078 γορίαν
392 2008 700 2081 ἀπελογεῖτο.
724 2013 839 2065 AR.

285 2082 424 2148 Οὗτος
444 2086 473 2139 ό
497 2088 653 2158 λόγος
681 2087 802 2160 μετὰ
836 2088 949 2150 τοὶις
976 2087 1303 2152 Φιλιππικοὺς
1326 2089 1515 2161 πρῶτός
1537 2088 1639 2143 ἐστι
1665 2096 1763 2144 τῶν

224 2165 474 2235 δημοσίων.
554 2165 843 2237 *Ομολογεῖ
862 2166 915 2220 δέ
955 2165 1045 2234 τὴν
1084 2165 1267 2238 ἔχθραν
1299 2167 1327 2220 6
1369 2173 1656 2239 κατηγορῶν
1700 2169 1765 2232 ὣς

226 2244 537 2312 προαδικηθεὶς
553 2285 569 2310 ,
619 2250 683 2318 τῇ
726 2247 998 2317 κατηγορία
1038 2245 1341 2318 ἀμυνόμενος
1434 2245 1545 2300 Ἵνα
1590 2241 1643 2299 δὲ
1692 2245 1761 2319 μὴ

218 2321 319 2394 δόξῃ
341 2325 479 2393 μόνος
502 2325 571 2387 ὡς
594 2324 949 2396 φιλοπράγμων
975 2329 1271 2397 κατηγορεῖν
1288 2366 1303 2391 ,
1329 2327 1568 2378 δείκνυσιν
1591 2327 1659 2389 ὡς
1682 2327 1765 2380 καὶ

218 2402 355 2454 ἄλλον
377 2402 593 2471 ἠδίκηκε.
670 2405 937 2476 Προείρηκε
966 2404 1063 2475 γὰρ
1086 2404 1362 2476 Εὖκτήμων
1380 2444 1395 2470 ,
1422 2406 1505 2457 καὶ
1528 2404 1633 2459 ἔστι
1654 2407 1761 2460 δευ-

217 2482 455 2553 τερολογία
481 2487 569 2536 τοῦ
600 2485 847 2555 Διοδώρου
877 2482 906 2536 6
935 2484 1113 2554 λόγος·
1156 2487 1269 2539 ὅθεν
1304 2485 1389 2538 καὶ
1408 2484 1441 2552 ἦ
1472 2487 1764 2549 κατάστασις

217 2558 513 2617 ἐπιλέλοιπεν.
592 2563 785 2637 Εἰδέναι
815 2563 867 2617 δὲ
910 2562 1007 2636 χρὴ
1033 2564 1109 2617 ὄτι
1142 2563 1191 2618 ἐν
1230 2559 1305 2627 οἷς
1339 2565 1425 2636 μὲν
1456 2565 1515 2618 ἀν
1554 2564 1757 2638 ἐγχωρῇ

216 2639 451 2696 λανθάνειν
470 2683 485 2709 ,
516 2643 833 2714 ἀρνησόμεθα
868 2645 928 2698 τὸ
956 2645 1021 2696 δι’
1046 2643 1229 2716 ἔχθραν
1255 2645 1575 2715 κατηγορεῖν·
1617 2645 1667 2700 ἐν
1690 2645 1763 2709 οἷς

216 2718 259 2770 δὲ
284 2719 493 2787 ἐπίδηλος
518 2721 549 2788 ἡ
588 2723 845 2793 δυσμένεια
860 2762 876 2786 ,
907 2722 964 2776 τὸ
992 2723 1265 2794 ὁμολογεῖν
1288 2725 1615 2795 πιθανώτερον
1634 2763 1651 2790 ,
1675 2725 1762 2778 ἵνα

216 2795 275 2864 μὴ
309 2797 493 2869 ἁλῶμεν
544 2801 597 2854 ἐν
648 2802 753 2862 τοῖς
792 2803 1019 2872 φανεροῖς
1074 2801 1203 2855 οὕτω
1238 2803 1544 2874 ψευδόμενοι.
1620 2805 1761 2875 Λέγει

214 2870 318 2927 οὖν·
373 2879 635 2948 νομοθέτης
685 2899 771 2951 μοι
814 2881 1019 2952 γέγονεν
1066 2881 1372 2951 Εὐκτήμων·
1424 2882 1653 2953 πείθομαι
1696 2886 1761 2956 τῇ

215 2955 372 3025 γνώμῃ
388 2977 398 2986 ·
442 2958 585 3025 ζηλῶ
612 2958 699 3011 τὸν
726 2959 1045 3014 διδάσκαλον.
1122 2959 1293 3026 Μεοτὴ
1329 2960 1383 3014 δὲ
1406 2959 1553 3027 ἤθους
1580 2960 1611 3028 ἡ
1640 2965 1760 3032 πρό-

213 3049 329 3096 τασις
348 3038 595 3104 φαίνεται,
628 3037 710 3089 διὰ
734 3038 791 3090 τὸ
820 3037 905 3091 ἐὰν
930 3038 1023 3109 ἀρα
1051 3035 1155 3100 οἷ’ός
1180 3057 1233 3090 τε
1258 3033 1320 3093 ὦ.
1395 3038 1465 3091 Οὗ
1489 3038 1585 3110 γὰρ
1614 3037 1722 3094 εἶπε
1738 3079 1755 3106 ,

216 3111 359 3180 θαρρῶ
376 3116 563 3178 πάντως
586 3117 727 3184 δίκην
752 3116 899 3170 αὗτδν
920 3115 1291 3188 εἰσπράξασθαι,
1316 3115 1449 3169 ἀλλὰ
1471 3119 1760 3188 πειράσομαι

213 3185 286 3239 ἐὰν
319 3192 405 3262 ἀρα
436 3191 538 3256 οἷός
576 3213 632 3248 τε
658 3190 723 3249 ὦ.
764 3224 839 3236 -
864 3194 999 3248 Κατὰ
1042 3195 1305 3266 παράθεσιν
1346 3194 1397 3249 δὲ
1437 3201 1675 3267 προῆκται
1701 3198 1759 3252 τὸ

211 3273 461 3342 προοίμιον.
536 3273 693 3327 ιὍθεν
733 3271 929 3344 ἐγένετο
974 3273 1055 3327 καὶ
1109 3276 1428 3346 μακρότερον.
1504 3277 1759 3348 Συγκρίνει

214 3348 297 3419 γὰρ
324 3355 422 3414 τοῖς
460 3354 745 3426 γενομένοις
782 3354 890 3406 κατ’
917 3352 1233 3424 Εὐκτήμονος
1267 3355 1387 3426 ἅπερ
1415 3354 1558 3418 aba-bg
1582 3355 1757 3426 ἠδίκη·

212 3445 308 3490 ται,
333 3431 410 3482 καὶ
435 3432 581 3502 φησὶν
596 3471 613 3497 ,
638 3427 777 3494 οὗτος
818 3432 905 3502 μὲν
933 3431 1030 3504 γὰρ
1059 3431 1125 3495 εἰς
1150 3433 1385 3505 χρήματα
1410 3434 1754 3503 ἐπεὸουλεύθη.

272 3509 386 3578 593,
420 3529 463 3568 1.
496 3511 657 3582 Ὅπερ
680 3511 986 3584 Εὗκτήμων]
1030 3511 1098 3566 Ἢ
1125 3515 1291 3576 στάσις
1317 3515 1653 3586 πραγματική.
1686 3545 1759 3557 —-

210 3583 310 3639 Ὀτι
335 3585 469 3654 οὗτος
495 3592 523 3645 6
564 3592 717 3662 λόγος
745 3591 868 3662 μετὰ
897 3593 1009 3654 τοὺς
1039 3591 1368 3656 Φιλιππικοὺς
1390 3595 1610 3666 δεύτερός
1655 3593 1757 3648 ἐστι

210 3669 293 3716 τῶν
317 3669 581 3739 δημοσίων.
624 3701 696 3712 -
726 3669 1009 3744 Ὁμολογεῖ
1025 3670 1114 3738 τὴν
1144 3671 1329 3743 ἔχθραν
1358 3672 1387 3725 ό
1428 3680 1717 3745 κατηγορῶν
1737 3713 1753 3739 ,

211 3742 268 3805 ὥς
286 3749 614 3818 προαδικηθεὶς
640 3755 703 3824 τῇ
729 3751 1003 3822 κατηγορία
1035 3749 1357 3823 ἀμυνόμενος.
1396 3755 1458 3807 Β.
1488 3751 1756 3824 Ἐνόμισάν

212 3843 321 3890 τινες
343 3834 483 3884 τοῦτο
516 3829 649 3884 εἶναι
672 3833 929 3904 προοίμιον
954 3851 966 3864 ·
990 3831 1079 3885 ούκ
1102 3831 1208 3885 ἔστι
1234 3831 1316 3897 δέ,
1346 3833 1411 3884 δι’
1438 3833 1499 3900 ἣν
1524 3835 1757 3905 προείπα·

213 3921 289 3972 μεν
319 3906 500 3975 αἰτίαν,
541 3909 677 3962 ἀλλὰ
704 3915 1105 3983 προοιμιαστικῆς
1132 3910 1349 3990 ἐννοίας,ὶ
1376 3911 1463 3964 ἵνα
1491 3911 1557 3984 μὴ
1595 3916 1757 3984 ὥσπερ

210 3981 445 4056 ἀποτόμως
476 3991 562 4043 καὶ
587 3989 695 4043 κατ’
738 3991 885 4062 ἄκρας
911 3991 1047 4052 εὗθὶις
1087 3989 1291 4064 εἰσὸάλῃ
1332 3989 1399 4053 εἰς
1424 3991 1484 4044 τὰ
1519 3993 1757 4064 κεφάλαια

210 4063 281 4114 καὶ
302 4067 405 4128 τοὺς
424 4067 638 4138 ἀγῶνας.
656 4072 723 4123 A.

276 4144 387 4213 593,
420 4149 469 4200 5,
498 4148 821 4221 Συμὸέὸηκε]
850 4149 1009 4202 Τοῦτο
1024 4146 1257 4219 ἐνόμισάν
1274 4166 1399 4211 τινες
1424 4146 1555 4202 εἶναι
1579 4150 1755 4223 διήγη-

210 4239 301 4272 σιν·
334 4225 417 4278 οὔκ
452 4226 557 4280 ἔστι
580 4227 665 4293 δὲ,
699 4226 813 4280 ἀλλ’
835 4230 999 4298 ὥσπερ
1032 4228 1541 4299 παραδιηγηματικόν.
1573 4233 1680 4284 ΑΒ.

272 4300 382 4369 593,
440 4309 492 4358 8.
541 4301 701 4367 Οὗτος
761 4307 847 4376 μέν
896 4323 956 4376 γε
998 4303 1063 4366 εἰς
1101 4305 1339 4376 χρήματα
1388 4303 1710 4374 ἐπεὸουλεύθη
1732 4308 1751 4379 ]

216 4375 391 4448 Ἐπειδὴ
415 4383 442 4436 ό
466 4385 687 4439 κλέπτων
711 4385 773 4439 τὰ
792 4385 935 4438 κοινὰ
961 4383 1026 4446 εἰς
1044 4386 1225 4456 ζημίαν
1248 4387 1519 4456 χρημάτων
1545 4387 1754 4457 βλάπτε-

209 4476 275 4509 ται
296 4463 371 4514 καὶ
396 4467 479 4530 τῆς
514 4463 680 4527 οὐσίας
712 4463 961 4530 ἐκπίπτει,
989 4463 1069 4516 διὰ
1098 4468 1245 4518 τοῦτο
1272 4464 1425 4527 οὕτως
1456 4463 1617 4536 εἴρηκε
1638 4507 1653 4531 ,
1674 4466 1757 4520 καὶ

208 4535 257 4587 τὸ
278 4542 377 4610 παρ’
401 4542 517 4614 ὑμῖν
543 4543 719 4607 ἀδίκως
754 4543 981 4598 ἐκπεσεῖν
1002 4583 1017 4608 ,
1058 4545 1135 4596 δτι
1172 4542 1463 4612 έκὸέὸληται
1490 4547 1575 4612 τῆς
1600 4543 1755 4616 ἀρχῆς

210 4619 279 4670 ul
299 4626 377 4687 τῆς
398 4623 699 4692 ἀπαιτήσεως
718 4631 813 4680 τῶν
838 4624 1093 4695 εἰσφορῶν.
1169 4625 1255 4677 Διδ
1282 4625 1364 4677 καὶ
1384 4623 1529 4680 εἶπεν
1554 4626 1750 4689 ἀδίκως.

270 4699 380 4769 593,
410 4721 489 4758 ιο.
519 4704 645 4758 Οὗδέ
677 4699 774 4776 εἷς]
797 4704 921 4758 Οὖδὲ
951 4711 1049 4758 τῶν
1074 4705 1231 4775 φίλων
1260 4705 1512 4772 δηλονότι.
1534 4707 1643 4761 TC.

270 4779 381 4847 593,
414 4800 498 4836 ιι.
532 4782 599 4836 Εἰ
627 4783 687 4837 τὰ
716 4785 1197 4856 κατασκευασθέντα]
1238 4785 1459 4838 Δείκνυσι
1486 4784 1575 4852 τὴν
1610 4805 1753 4840 συκο-

213 4859 444 4927 φαντίανῆ
472 4861 624 4924 λέξις·
658 4865 1003 4924 κατασκευάζει
1030 4864 1125 4934 γάρ
1160 4882 1231 4926 τις
1257 4863 1319 4917 τὰ
1341 4863 1407 4935 μὴ
1432 4865 1567 4917 ὄντα.

273 4937 384 5005 593,
418 4958 500 4995 12.
536 4941 586 4995 ‘A
616 4942 701 4996 καὶ
715 4943 879 5015 λέγειν
902 4945 962 4997 ἂν
992 4943 1250 5014 ὀκνήσειε]
1278 4943 1407 5014 Ὅρα
1424 4942 1512 5010 τὴν
1541 4945 1751 5014 μόθοδον

212 5017 285 5064 τοῦ
312 5017 340 5068 ἀ
367 5019 449 5072 καὶ
478 5015 641 5093 λέγειν
669 5021 751 5076 ἄν.
824 5023 897 5074 Δι’
934 5019 1005 5075 ὧν
1034 5021 1132 5094 γὰρ
1154 5021 1297 5076 όκνεῖ
1328 5022 1409 5074 καὶ
1448 5026 1753 5093 παραιτεῖται

210 5089 355 5164 λέγειν
372 5137 385 5161 ,
411 5099 492 5152 διὰ
525 5102 709 5155 τούτων
732 5102 798 5164 ὣς
824 5103 1033 5174 καθαρὸς
1071 5103 1279 5174 ύπάρχει
1308 5102 1420 5174 βοᾷ.
1494 5103 1565 5156 Τὸ
1586 5103 1641 5156 δὲ
1667 5123 1755 5157 πα-

212 5187 310 5246 τδρα
330 5177 408 5229 καὶ
429 5179 491 5232 τὰ
527 5180 631 5248 ἑξῆς
665 5181 790 5235 κατὰ
820 5184 961 5253 μέρος
986 5185 1071 5236 δεῖ
1098 5183 1378 5254 προφέρειν,
1419 5181 1508 5234 ’ίνα
1543 5180 1751 5256 ἐμφαίνῃ

214 5251 289 5318 τήν
314 5255 532 5314 ἀτοπίαν.
605 5262 675 5315 Τό
715 5281 767 5315 τε
812 5262 907 5334 γὰρ
944 5261 1047 5334 ἐγὼ
1086 5262 1170 5316 καὶ
1200 5262 1257 5317 τὸ
1288 5260 1502 5334 ἐμαυτοῦ
1539 5261 1751 5334 μάλιστα

3301 457 3422 508 6⁴³5

1862 581 1991 635 πολῦ
2015 581 2242 652 σημαίνει
2265 579 2326 634 τὸ
2352 579 2494 641 σίδας
2509 600 2521 610 ·
2545 578 2657 632 οὑδὲ
2683 577 2843 632 ἄλλου
2871 577 2958 651 μὲν
2991 579 3173 648 πατέρα
3203 578 3427 650 τολμῶν-

1862 679 1944 722 τος
1971 660 2258 714 ἀποκτεῖναι
2272 698 2288 724 ,
2318 659 2404 712 τὸν
2433 658 2644 730 ἐμαυτοῦ
2683 663 2786 722 πῶς
2825 659 2886 712 ἀν
2928 657 3022 728 ἀρα
3045 656 3278 728 ἐμίσουν;
3315 657 3426 728 (χει

1861 739 1958 811 γὰρ
1987 738 2182 805 πολλὴν
2202 738 2419 794 ἐπίτασιν
2437 743 2524 806 τῆς
2542 737 2726 800 αἰδοῦς.

1936 819 2060 889 593,
2090 821 2173 882 14.
2201 817 2602 889 Κατασκευάσας]
2622 817 2692 870 Τὸ
2721 815 2808 886 μὶν
2833 817 3192 878 κατασκευάσας
3209 817 3424 872 ὕποπτον

1860 896 1946 949 καὶ
1980 899 2153 968 ὅμοιον
2182 902 2254 969 τῷ
2275 899 2524 968 προτέρῳ·
2557 896 2616 948 τὸ
2656 895 2710 948 δὲ
2735 894 2845 965 περὶ
2876 898 2964 960 τῆς
3001 893 3222 958 ἀσε6είας
3247 900 3332 963 τῆς
3361 896 3427 960 εἰς

1860 977 1972 1038 τοὺς
2002 977 2382 1048 κατοιχομένους
2407 979 2632 1029 τοιοῦτον
2667 969 2728 1042 ἦν
2747 994 2758 1007 ·
2787 973 2876 1027 οὗκ
2898 972 3111 1040 ἠδύνατο
3139 973 3424 1046 Ἀνδροτίων

1858 1056 2010 1126 φόνου
2033 1057 2334 1128 κατηγορίαν
2361 1055 2488 1108 κατὰ
2518 1059 2607 1108 τοῦ
2649 1054 2896 1124 Διοδώρου
2920 1054 3214 1120 ποιήσασθαι
3243 1053 3310 1126 μὴ
3352 1058 3423 1109 ὣν

1858 1139 1948 1188 τοῦ
1977 1138 2334 1206 πεφονευμένου
2359 1135 2618 1206 συγγενής.
2693 1133 2866 1196 Αὖτοῖς
2907 1133 3004 1204 γὰρ
3041 1135 3208 1205 μόνοις
3239 1134 3426 1206 ἐπιτρέ·

1858 1233 2030 1268 πουσιν
2057 1215 2106 1268 ot
2129 1216 2298 1287 νόμοι.
2369 1215 2608 1286 Γράφεται
2634 1208 2724 1266 οὖν
2759 1213 2848 1267 τὸν
2883 1212 3094 1284 ἀδελφὸν
3121 1219 3208 1268 τοῦ
3241 1213 3424 1286 ἀνῃρη·

1861 1295 2036 1364 μένου,
2063 1295 2200 1348 θεῖον
2228 1295 2350 1348 ὄντα
2371 1297 2460 1346 τοῦ
2487 1294 2762 1364 Διοδώρου,
2788 1291 3036 1358 ἀσε6είας,
3055 1294 3132 1346 ὅτι
3151 1295 3423 1365 συνδιατρί.

1858 1373 1934 1427 δει
1960 1372 2092 1446 αύτῷ
2112 1373 2420 1445 διεφθαρκότι
2455 1372 2540 1426 τὸν
2587 1373 2770 1443 πατέρα
2786 1411 2802 1436 ,
2847 1372 2954 1425 δέον
2991 1371 3264 1434 ἐπεξελθεῖν
3306 1373 3424 1444 {adp

1858 1451 2070 1524 ἀδελφοῦ
2095 1455 2384 1520 τεθνηκότος
2476 1451 2547 1504 Τὸ
2573 1450 2626 1504 δὲ
2659 1453 2718 1504 δν
2743 1449 2786 1504 εἰ
2813 1451 2987 1518 συνέδη
3025 1450 3092 1512 ὡς
3115 1450 3316 1504 πολλῶν
3339 1451 3425 1505 καὶ

1857 1533 2094 1585 τοιούτων
2134 1531 2186 1585 ἐν
2226 1534 2331 1594 τοῖς
2377 1531 2720 1601 δικαστηρίοις·
2743 1530 3132 1601 πιστευομένων,
3171 1530 3260 1582 κᾶν
3291 1528 3358 1602 μὴ
3389 1527 3421 1604 ᾔ

1858 1610 2043 1679 ἀληθῆ.
2119 1610 2269 1673 Αύτδς
2289 1611 2344 1664 δὲ
2363 1609 2594 1680 έπικρίνει
2613 1609 2695 1661 διὰ
2721 1612 2810 1663 τοῦ
2835 1606 2926 1662 ούκ
2949 1607 3080 1662 ἔστιν
3105 1607 3328 1679 ούδεμία,
3356 1610 3424 1672 ὡς

1857 1691 2318 1764 ἀποδεχόμενοςτας
2337 1691 2504 1753 πόλεις
2519 1731 2534 1755 ,
2557 1687 2602 1744 εἰ
2629 1688 2694 1762 μὴ
2723 1688 2964 1752 δέξαιντο.

1931 1771 2054 1841 593,
2085 1787 2174 1828 22.
2235 1769 2373 1841 Ἐγὼ
2415 1771 2578 1824 τοίνυν
2613 1769 2802 1840 ταῦτα]
2842 1764 3044 1833 Ἐπειδὴ
3083 1766 3288 1830 ἁλόντος
3335 1771 3424 1820 τοῦ

1856 1848 1990 1903 θείου
2015 1850 2100 1904 καὶ
2121 1850 2264 1912 αὐτὸς
2287 1848 2496 1922 ἔμελλεν
2537 1847 2710 1918 ἔνοχος
2747 1848 2942 1902 ἔσεσθαι
2968 1847 3051 1901 καὶ
3081 1847 3386 1901 κινδυνεῦσαι
3400 1887 3418 1911 ,

1854 1929 1885 1996 ἢ
1915 1931 1992 1982 ὅτι
2016 1931 2266 1984 συνεπόνει
2287 1935 2359 2002 τῷ
2379 1929 2494 2000 θείῳ
2519 1927 2712 1999 γέροντί
2731 1945 2784 1980 τε
2807 1927 2914 1980 ὄντι
2939 1926 3024 1980 καὶ
3038 1927 3258 1997 δεομένῳ
3273 1944 3420 1994 συνη-

1854 2010 2026 2080 γόρου.
2105 2009 2358 2081 Ἔμφασιν
2389 2007 2443 2061 δέ
2471 2006 2580 2078 ἔχει
2619 2007 2677 2060 τὸ
2706 2005 2837 2078 ἐγώ,
2879 2001 2988 2059 οἷον
3029 2004 3060 2058 6
3111 2004 3304 2072 ἰδιώτης
3339 2007 3423 2058 καὶ

1853 2090 2047 2161 ἄπειρος
2077 2091 2370 2162 περιγέγονα
2394 2094 2466 2160 τῷ
2487 2087 2662 2159 δικαίῳ
2689 2090 2776 2140 τοῦ
2816 2086 3045 2156 τεχνίτου
3077 2083 3272 2138 τούτου.
3349 2083 3420 2136 Τὸ

1854 2171 1906 2226 δὲ
1947 2172 2026 2226 καὶ
2061 2171 2150 2226 τὸν
2194 2171 2350 2223 ἄλλον
2395 2170 2605 2240 χρόνον,
2652 2167 2805 2222 οἱονεὶ
2845 2166 3085 2227 ἀθάνατος
3128 2163 3306 2236 ἔσομαι
3349 2169 3422 2235 τῷ

1852 2251 2202 2320 προηδικηκότι
2232 2250 2524 2320 κατήγορος.
2599 2249 2672 2301 Δι’
2703 2243 2776 2301 ὧν
2803 2246 2856 2300 δὲ
2881 2247 3098 2318 σφοδρῶς
3127 2245 3416 2317 ἀγανακτεῖ,

1852 2329 1934 2382 διὰ
1977 2330 2161 2384 τούτων
2193 2329 2252 2384 ‘rb
2291 2330 2494 2402 μέγεθος
2530 2323 2604 2381 ὧν
2655 2326 2837 2396 ὑπέστη
2873 2325 3044 2392 δηλοῖ.
3117 2323 3188 2377 Τὸ
3227 2323 3280 2378 δέ
3309 2324 3418 2394 μεθ’

1850 2407 1988 2481 ὗμῶν
2007 2449 2022 2476 ,
2061 2407 2169 2462 οἰον
2199 2407 2322 2480 μετᾶ
2349 2413 2446 2462 τῶν
2469 2405 2802 2478 ἠδικημένων.
2881 2403 3080 2471 Ἐπειδὴ
3109 2404 3164 2458 δὲ
3197 2402 3362 2468 εἶπεν,
3385 2405 3418 2456 ἀ

1850 2488 2116 2560 παρέλιπεν
2139 2488 2414 2560 Εὐκτήμων
2444 2487 2571 2558 ἐρῶ,
2591 2487 2678 2539 ἵνα
2708 2485 2774 2558 μὴ
2813 2483 3044 2557 ἀντιπέσῃ
3085 2485 3164 2537 δτι
3189 2483 3422 2544 συνειδὼς

1851 2567 2078 2638 ἀχρηστα
2095 2566 2378 2638 παρέλιπεν,
2395 2565 2566 2636 ἐπάγει
2579 2567 2656 2620 ὅτι
2670 2565 2894 2636 ὠφέλιμά
2905 2563 3034 2617 ἐστιν
3051 2564 3170 2636 ύμῖν
3190 2563 3414 2618 ἀκοῦσαι.

1925 2647 2048 2718 593,
2075 2647 2166 2700 23.
2208 2645 2350 2717 Παρὰ
2398 2645 2609 2717 μικρὸν]
2651 2641 2959 2716 Σημείωτέον
3001 2643 3090 2710 τὴν
3137 2643 3294 2705 λέξιν,
3340 2645 3417 2697 ὅτι

1850 2724 1994 2796 ζήλῳ
2027 2725 2325 2780 Θουκυδίδου
2360 2725 2762 2796 μετερρυθμίσθη.
2843 2722 3078 2786 Κάκεῖνος
3109 2721 3206 2794 γὰρ
3233 2720 3372 2776 εἶπεν
3395 2742 3408 2754 ·

1855 2825 1879 2853 ε
1925 2803 2151 2873 ἐνίκησαν
2175 2804 2305 2876 παρὰ
2331 2804 2456 2859 πολύ
2489 2825 2512 2854 ι
2542 2803 2652 2857 ἀντὶ
2677 2807 2766 2856 τοῦ
2790 2801 2915 2858 κατὰ
2941 2802 3088 2858 πολύ.
3163 2801 3307 2854 Οὕτω
3333 2801 3419 2856 καὶ

1850 2881 2058 2938 ἐνταῦθα
2081 2884 2112 2952 ἢ
2141 2887 2270 2955 παρά
2294 2885 2518 2956 πρόθεσις
2539 2884 2652 2938 ἀντὶ
2671 2887 2760 2938 τοῦ
2786 2885 2910 2937 κατά
2935 2881 3086 2937 ἐστίν.
3120 2885 3234 2940 ΑΒ.

1923 2964 2046 3034 593,
2081 2969 2170 3028 24.
2211 2965 2283 3017 Τὸ
2309 2965 2530 3036 πέμπτον
2573 2965 2748 3036 μέρος]
2785 2962 3094 3034 Θεόφραστος
3123 2961 3174 3016 ἐν
3203 2967 3275 3035 τῷ
3307 2963 3418 3034 περὶ

1850 3042 2017 3114 νόμων
2065 3043 2212 3114 φησὶν
2243 3045 2322 3096 ὅτι
2353 3043 2684 3098 πεντακοσίων
2731 3043 2889 3096 ὄντων
2940 3046 3040 3094 τῶν
3085 3043 3325 3096 δικαστῶν
3372 3041 3416 3096 εἰ

1850 3119 2000 3174 ἔλαὸε
2021 3121 2078 3174 τὸ
2101 3121 2248 3176 πλέον
2271 3123 2411 3192 μέρος
2432 3126 2530 3174 τῶν
2551 3121 2721 3193 ψήφων
2741 3119 2769 3173 6
2791 3120 3219 3192 κατηγορούμενος
3233 3159 3248 3184 ,
3275 3118 3414 3174 οὗδέν

1848 3197 2038 3269 ἔπασχε
2061 3199 2251 3265 δεινὸν,
2286 3198 2402 3252 ἀλλ’
2429 3197 2668 3252 ἀπελύετο
2687 3219 2698 3230 ·
2725 3197 2769 3252 εἰ
2793 3197 2847 3252 δέ
2875 3198 2904 3251 ό
2929 3199 3202 3270 κατήγορος
3232 3196 3300 3270 μὴ
3325 3219 3414 3270 με·

1847 3275 2024 3330 τέλαὸε
2058 3277 2116 3330 τὸ
2141 3276 2184 3330 ε’
2208 3278 2349 3348 μέρος
2365 3315 2381 3341 ,
2413 3275 2530 3328 ἀλλ’
2554 3275 2602 3329 οἱ
2633 3275 2860 3330 πλεῖστοι
2885 3281 2958 3348 τῷ
2981 3276 3211 3348 φεύγοντι
3246 3275 3414 3348 ἐψηφί·

1849 3373 2000 3408 σαντο
2021 3395 2036 3421 ,
2059 3356 2178 3427 πρὸς
2206 3361 2278 3426 τῷ
2305 3355 2576 3423 ἡττηθῆναι
2603 3351 2691 3420 τὴν
2720 3355 2860 3422 δίκην
2904 3355 2992 3408 τὸν
3024 3355 3302 3424 κατήγορον
3331 3355 3416 3410 καὶ

1848 3433 2112 3506 ἐζημιοῦτο
2135 3435 2322 3506 χιλίαις
2343 3437 2620 3506 δραχμαῖς,
2651 3433 2696 3487 εἰ
2730 3433 2783 3488 δέ
2813 3433 3048 3504 μετέλαὸε
3075 3435 3134 3488 τὸ
3157 3435 3375 3506 πέμπτον
3392 3473 3411 3499 ,

1846 3513 2031 3581 ἡττᾶτο
2075 3514 2192 3586 μὲν,
2241 3513 2300 3568 ού
2338 3511 2435 3585 μὴν
2468 3513 2750 3584 ἐζημιοῦτο.
2833 3511 3082 3581 Ἐζητήθη
3109 3513 3164 3567 δέ
3201 3513 3284 3566 διὰ
3308 3515 3358 3568 τί
3385 3515 3416 3568 6

1854 3593 2140 3666 Ἀνδροτίων
2171 3591 2238 3666 μὴ
2277 3593 2568 3664 μεταλαὸὼν
2597 3591 2656 3645 τὸ
2683 3594 2904 3663 πέμπτον
2935 3592 3075 3664 μέρος
3111 3598 3209 3648 τῶν
3239 3594 3414 3665 ψήφων

1848 3673 1936 3728 ofin
1973 3672 2198 3745 ἠτιμώθη
2214 3711 2229 3736 ,
2262 3671 2396 3724 ἀλλὰ
2430 3672 2666 3743 χρήματα
2709 3671 2861 3725 ἔδωκε
2875 3711 2892 3736 ,
2933 3672 3018 3726 καὶ
3056 3675 3210 3726 ταῦτα
3235 3673 3415 3728 Λυσίου

1847 3752 2100 3824 λέγοντος.
2175 3753 2396 3823 Δέγομεν
2416 3753 2494 3805 δτι
2513 3749 2542 3804 ό
2564 3749 2616 3804 ἐν
2641 3750 2770 3823 τρισὶ
2791 3751 3118 3822 δικαστηρίοις
3133 3750 3414 3823 ἡττώμενος

1848 3831 1898 3886 ἐν
1927 3833 2173 3903 διαφόροις
2197 3831 2509 3902 πράγμασιν,
2545 3823 2690 3892 οὗτος
2711 3829 2778 3892 ὣς
2805 3831 3105 3902 συκοφάντης
3141 3829 3406 3902 ἠτιμοῦτο·

1846 3911 1875 3964 6
1892 3911 1945 3966 δὲ
1961 3911 2012 3966 ἐν
2031 3911 2104 3965 ἑνὶ
2120 3951 2136 3977 ,
2169 3913 2334 3981 ὥσπερ
2372 3907 2656 3980 Ἀνδροτίων
2673 3947 2690 3973 ,
2721 3908 2882 3962 ἐδίδου
2907 3909 3102 3981 χιλίας,
3127 3913 3194 3974 ὣς
3215 3931 3360 3982 φησιν
3385 3911 3414 3964 6

1846 3991 2117 4053 Γενέθλιος.
2156 3993 2270 4044 AR.
2344 3989 2406 4042 01
2437 3987 2504 4060 μὴ
2535 3989 2892 4060 μεταλαδόντες
2917 3991 2974 4044 τὸ
3010 3993 3228 4062 πέμπτον
3273 3993 3414 4063 μέρος

1846 4079 1944 4125 τῶν
1971 4071 2142 4144 ψήφων
2183 4069 2494 4123 κατετίθεσαν
2542 4067 2804 4139 ἐπιτίμιον.
2881 4068 3188 4140 θεόφραστος
3228 4069 3420 4140 ἱστορεῖ

1844 4151 2006 4221 λέγων
2031 4149 2201 4211 οὕτως·
2238 4171 2262 4196 α
2302 4146 2554 4216 Ἀθήνησιν
2581 4141 2670 4200 οὖν
2706 4144 2758 4201 ἐν
2785 4149 2890 4211 τοῖς
2920 4149 3172 4220 δημοσίοις
3195 4149 3422 4219 ἀγῶσιν,

1850 4252 1873 4280 α
1916 4229 2002 4282 ἐὰν
2022 4226 2089 4300 μὴ
2113 4225 2364 4299 μεταλάὸῃ
2383 4245 2454 4289 τις
2476 4227 2535 4280 τὸ
2560 4228 2779 4298 πέμπτον
2801 4229 2969 4298 μέρος,
2985 4227 3150 4298 χιλίας
3173 4226 3410 4292 ἀποτῖνειι,

1850 4331 1873 4358 α
1915 4308 1999 4361 καὶ
2021 4307 2094 4361 ἔτι
2130 4307 2360 4378 πρόσεστί
2381 4325 2452 4368 τις
2473 4305 2676 4378 ἀτιμία,
2701 4305 2810 4360 οἷον
2847 4306 2906 4360 ‘rb
2935 4305 3112 4370 ἐξεῖναι
3139 4308 3263 4378 μήτε
3287 4309 3422 4378 γρά-

1850 4410 1872 4437 ι
1914 4387 2094 4458 ψασθαι
2135 4387 2434 4458 παρανόμων
2479 4387 2604 4456 μήτε
2644 4387 2831 4457 φαίνειν
2872 4385 2998 4456 μήτε
3041 4385 3346 4456 ἐφηγεῖσθαι.
3382 4407 3420 4435 ι.-

1844 4471 1957 4524 AR.
1991 4467 2141 4530 Ἕθος
2161 4461 2222 4533 ἦν
2248 4463 2379 4536 παρὰ
2405 4466 2512 4528 τοῖς
2536 4463 2800 4532 Ἀθηναίοις
2821 4463 2906 4526 τὰς
2927 4464 3061 4526 δίκας
3077 4464 3412 4534 γυμνάζεσθαι

1844 4553 2036 4619 πρῶτον
2060 4546 2190 4617 παρὰ
2222 4546 2493 4612 διαιτηταῖς
2519 4563 2617 4598 τισι
2647 4545 2744 4614 πρὸ
2773 4547 2860 4596 τοῦ
2887 4542 3128 4596 εἰσελθεῖν
3161 4541 3230 4604 εἰς
3253 4541 3311 4595 τὸ
3333 4543 3410 4595 δι·

1844 4627 2126 4698 καυτήριον.
2150 4626 2308 4679 Τοῦτο
2335 4625 2389 4679 δὲ
2411 4625 2631 4696 ἐγίνετο,
2651 4623 2738 4676 ἵνα
2759 4621 2824 4694 μὴ
2849 4627 3064 4692 συνεχῶς
3082 4622 3318 4683 καθίζωσι
3335 4624 3412 4675 δι-

1843 4706 2081 4778 καστήρια
2102 4705 2188 4758 καὶ
2213 4703 2379 4766 ἅπλῶς
2399 4703 2648 4775 ἐνοχλῶσι
2677 4705 2784 4764 τοῖς
2819 4703 3089 4762 δικασταῖς.
3165 4699 3226 4752 Εἰ
3251 4699 3303 4754 δὲ
3341 4699 3410 4770 μὴ

1842 4785 1987 4855 πέρας
2013 4783 2132 4854 ἔσχε
2158 4784 2271 4854 παρ’
2295 4782 2493 4845 ἐκείνοις
2509 4821 2526 4848 ,
2555 4783 2668 4835 τότε
2689 4780 2839 4853 εἰσῄει
2861 4779 2893 4847 ἣ
2919 4780 3028 4846 δίκη
3054 4778 3186 4850 παρὰ
3217 4781 3322 4842 τοῖς
3339 4781 3412 4832 δι-

1842 4867 2062 4928 κασταῖς.
2137 4864 2298 4917 Πάλιν
2339 4863 2392 4917 δὲ
2433 4863 2517 4917 καὶ
2559 4861 2641 4915 διὰ
2674 4861 2858 4928 ταύτην
2901 4858 2991 4926 τὴν
3045 4857 3206 4913 αἰτίαν
3251 4860 3414 4914 πάντα

1842 4945 2034 5000 ἐποίουν
2073 4945 2190 5016 πρὸς
2225 4944 2283 4998 τδ
2311 4941 2379 5014 μὴ
2408 4943 2624 5005 καθίζειν
2661 4941 2976 5012 δικαστήρια,
3007 4941 3094 4993 ἵνα
3139 4938 3207 5010 μὴ
3244 4938 3412 4995 πολλὰ

1840 5025 2076 5096 χρήματα
2115 5023 2396 5076 ἀναλίσκειν
2443 5019 2476 5088 ἡ
2506 5022 2646 5084 πόλις
2685 5019 3044 5092 ἀναγκάζηται.
3123 5017 3412 5090 Ἔλάμδανε

1840 5105 1937 5175 γὰρ
1966 5101 2035 5166 εἷς
2057 5104 2259 5164 ἕκαστος
2281 5107 2378 5154 τῶν
2397 5101 2638 5154 δικαστῶν
2661 5097 2760 5154 ἀπὸ
2781 5103 2870 5166 τῆς
2891 5099 3080 5161 πόλεως
3103 5097 3279 5169 μισθὸν
3293 5096 3411 5168 ὓπέρ

1840 5187 1928 5236 τοῦ
1955 5183 2148 5250 δικάσαι
2173 5180 2446 5252 τριώδολον
2460 5220 2475 5245 ,
2501 5179 2570 5242 ὥς
2593 5178 2779 5250 ἔχομεν
2815 5178 2902 5231 καὶ
2942 5176 3054 5249 παρ’
3087 5173 3410 5251 Ἀριστοφῶὲει

1841 5265 1974 5335 (Eq.
2005 5261 2142 5335 255)
2171 5261 2409 5333 φράτορας
2433 5257 2725 5333 τριωὸόλου.
2761 5261 2874 5314 AR.
3399 5297 3402 5302 -
