3825 5834
1194 463 1364 524 xxn
1410 464 1611 526 ΚΑΤΑ
1652 463 2214 526 ΑΝΔΡΟΤΙΩΝΟΣ.

3179 471 3306 526 699

114 591 243 643 τοῦτο
261 586 364 642 καθ’
390 585 659 660 ύπερὸολήν
684 591 767 644 καὶ
786 590 855 655 ὡς
878 592 1021 664 μέρος
1040 593 1368 663 ποιησάμενος
1390 592 1655 662 λόγου.κα-
1740 593 1821 646 τὸν
1841 593 1998 665 λόγον
2019 593 2256 664 κεφάλαια
2267 593 2376 660 δύο,
2397 593 2457 648 rb
2475 591 2779 665 νόμιμονκαὶ
2793 594 2852 647 τὸ
2869 591 3078 646 δίκαιον.
3103 592 3248 646 Ἐστι
3261 590 3316 646 δὲ

116 667 231 718 θεῖλε
254 669 311 736 τῇ
340 665 491 737 οἰκείᾳ
513 670 869 740 μεταχειρίσει·
902 671 985 724 καὶ
1006 671 1095 724 οὐκ
1116 668 1287 724 ἀνεῖλε
1311 671 1491 742 μόνον,
1522 669 1655 722 ἀλλὰ

114 747 183 798 καὶ
208 747 382 800 διέλυσε
398 786 415 809 ,
451 747 593 818 δεῦρο
630 748 717 819 μὲν
748 749 843 810 θεὶς
875 751 1045 822 ψιλοὶις
1082 750 1193 813 τοὺς
1224 750 1424 821 λόγους,
1459 749 1655 822 ἱτέρωθι

114 824 157 877 δὲ
176 825 459 895 μεταστήσας
482 826 565 879 τὸν
588 829 765 898 νόμον.

176 906 283 974 597,
310 906 357 956 3.
390 905 613 977 Θάτερα]
648 905 775 960 Ἀντὶ
796 913 882 963 τοῦ
904 907 1087 982 φαῦλα.
1114 909 1181 962 A.

175 985 294 1051 597,
329 987 379 1046 4.
412 982 522 1036 Ἵνα
561 985 711 1054 μηδὲν
748 983 872 1040 εἴπω
897 987 1149 1058 φλαῦρον]
1186 985 1263 1038 Τὸ
1300 984 1535 1055 φιλόπολι
1568 989 1655 1038 τοῦ

114 1060 261 1130 ἀνδρός
286 1061 383 1115 ἐστι
410 1063 694 1134 θαυμάζειν,
734 1067 813 1119 δτι
846 1066 929 1120 καὶ
946 1066 1087 1138 λόγῳ
1111 1065 1263 1136 μόνον
1284 1065 1543 1136 δυστυχεῖν
1564 1061 1652 1130 τὴν

112 1143 235 1196 πόλιν
254 1141 309 1193 οὐ
331 1141 575 1212 βούλεται.

172 1223 262 1290 597
278 1261 293 1285 ,
320 1226 371 1276 8.
396 1220 455 1274 Εἰ
475 1223 745 1296 βούλεσθε]
763 1221 834 1278 'rb
858 1227 1035 1296 σχῆμα
1056 1221 1299 1290 ἀποκοπή.
1374 1222 1539 1277 Δείπει
1559 1221 1655 1296 γὰρ

114 1297 161 1351 τὸ
184 1298 427 1356 ἀκούσατε.
453 1303 518 1354 A.

170 1378 225 1429 Οἱ
241 1377 297 1430 τὰ
318 1378 593 1448 προπύλαια
610 1379 793 1434 καὶτὸν
812 1380 1137 1451 παρθενῶνα]
1164 1377 1453 1450 Προπύλαια
1478 1379 1653 1451 λέγον-

112 1475 179 1508 ται
201 1457 243 1508 οἳ
264 1459 479 1527 μέγιστοι
497 1459 715 1522 πυλῶνες
734 1463 830 1512 τῶν
849 1459 1011 1530 ἱερῶν.
1088 1459 1351 1529 Παρθενὼν
1380 1458 1495 1522 ναὸς
1520 1457 1571 1513 ἐν
1590 1461 1655 1532 τῇ

112 1532 343 1604 ἀκροπόλει
368 1538 605 1607 παρθένου
639 1537 862 1606 Ἀθηνᾶς,
888 1540 1127 1610 περιέχων
1150 1540 1355 1610 ἄγαλμα
1387 1543 1473 1607 τῆς
1508 1542 1619 1594 θεοῦ
1636 1580 1651 1607 ,

114 1615 213 1685 ὅπερ
238 1614 427 1683 ἐποίησε
454 1617 655 1679 Φειδίας
690 1616 719 1670 ό
758 1616 1240 1689 ἀνδριαντοπλάστης
1269 1618 1323 1673 ἐκ
1364 1625 1547 1690 χρυσοῦ
1574 1621 1657 1674 καὶ

112 1694 358 1766 ἐλέφαντος.
436 1695 488 1748 ῐ”
535 1695 630 1767 γὰρ
674 1695 943 1768 ἀγάλματα
973 1692 1035 1764 ἦν
1072 1697 1123 1752 ἐν
1155 1701 1217 1770 τῇ
1262 1696 1527 1768 ἀκροπόλει
1570 1701 1656 1765 τῆς

118 1774 292 1842 Ἀθηνᾶς
313 1775 363 1830 ἐν
385 1778 633 1848 διαφόροις
656 1778 825 1840 τόποις
840 1797 851 1807 ·
884 1777 939 1832 ἐν
956 1777 1043 1849 μὲν
1073 1777 1121 1839 ἐξ
1142 1777 1299 1850 ἀρχῆς
1320 1780 1587 1849 γενόμενον
1608 1777 1657 1840 ἐξ

116 1855 289 1920 ἐλαίας,
320 1857 435 1927 ὅπερ
476 1855 705 1910 ἐκαλεῖτο
744 1855 979 1918 πολιάδος
1022 1854 1246 1924 Ἀθηνᾶς,
1288 1855 1370 1908 διὰ
1414 1856 1471 1910 τὸ
1512 1855 1658 1923 αὐτῆς

114 1932 219 1986 εἶναι
242 1935 323 1987 τὸν
350 1935 517 1988 πόλιν.
592 1933 826 2004 Δεύτερον
846 1934 901 1988 δὲ
918 1935 975 1988 τδ
1001 1931 1097 1988 ἀπὸ
1119 1935 1314 2006 χαλκοῦ
1338 1937 1511 2005 μόνον,
1538 1935 1657 2006 ὅπερ

113 2010 315 2078 ἐποίησαν
350 2013 634 2079 νικήσαντες
650 2019 701 2066 οἱ
724 2013 775 2067 ἐν
805 2013 1091 2084 Μαραθῶνι.
1152 2013 1418 2070 Ἐκαλεῖτο
1441 2015 1493 2068 δὲ
1512 2021 1655 2070 τοῦτο

112 2094 344 2162 προμάχου
394 2091 614 2160 Ἀθηνᾶς.
690 2093 864 2164 Τρίτον
909 2090 1205 2160 ἐποιήσαντο
1248 2092 1303 2146 ἐκ
1342 2099 1527 2165 χρυσοῦ
1574 2095 1658 2148 καὶ

111 2169 367 2240 ἐλέφαντος,
396 2171 467 2233 ὡς
488 2170 839 2242 πλουσιώτεροι
864 2171 1157 2242 γενόμενοι,
1182 2170 1279 2225 ἀπὸ
1308 2177 1394 2240 τῆς
1416 2172 1469 2226 ἐν
1492 2173 1657 2226 Σαλα·

113 2252 203 2320 μῖνι
224 2251 379 2317 νίκης,
414 2253 523 2321 ὅσῳ
561 2251 644 2303 καὶ
678 2251 857 2322 μείζων
891 2249 927 2318 ἥ
960 2251 1089 2318 νίκη·
1128 2251 1212 2304 καὶ
1241 2250 1469 2306 ἐκαλεῖτο
1511 2258 1657 2308 τοῦτο

111 2332 317 2399 παρθένου
348 2329 567 2398 Ἀθηνᾶς.
593 2334 708 2387 AR.
1376 2349 1383 2356 ‘

171 2413 281 2478 597,
310 2427 388 2463 ιι.
416 2409 640 2480 Πάντες]
670 2408 911 2478 Δηλονότι
928 2409 996 2472 ὥς
1022 2411 1195 2472 παῖδες
1214 2411 1351 2473 ὄντες
1368 2411 1453 2465 καὶ
1470 2410 1659 2483 ἀπόγο·

111 2507 175 2540 νοι
193 2488 371 2543 ἐκείνων
401 2495 503 2543 τῶν
523 2493 677 2542 ταῦτα
702 2489 1005 2560 πραξάντων.
1032 2495 1101 2544 A.

172 2569 283 2637 597,
333 2587 413 2638 17-
460 2567 621 2638 Εἶεν]
665 2569 1187 2641 Παρακελευσματικδν
1224 2571 1283 2624 τὸ
1334 2575 1509 2644 σχῆμα
1526 2611 1541 2636 ,
1592 2573 1661 2636 ὡς

112 2643 579 2720 ἀναμιμνησκομένου
597 2648 659 2702 τὰ
678 2647 843 2720 ἐφεξῆς
856 2687 873 2716 ,
896 2651 929 2702 ἃ
951 2649 1079 2712 δόξει
1105 2650 1188 2704 καὶ
1205 2650 1359 2712 οὕτως
1382 2653 1659 2722 σχεδιάζειν

114 2726 181 2776 καὶ
204 2725 263 2796 μὴ
292 2726 619 2800 ἐσκεμμένως.
646 2731 761 2782 AR.

172 2809 281 2876 597,
321 2811 399 2864 18.
460 2806 767 2878 Ἕοράκατε]
812 2807 971 2860 Πάλιν
1000 2806 1160 2862 λείπει
1196 2807 1255 2860 τὸ
1286 2807 1547 2864 ἀκούσατε.
1586 2815 1654 2864 A.

170 2887 280 2955 597,
309 2890 397 2942 25.
436 2887 581 2940 Πόσα
607 2885 777 2958 δεινὰ]
807 2886 877 2940 Tb
916 2889 1093 2958 σχῆμα
1122 2885 1369 2958 ὓπερὸολὴ
1405 2889 1531 2942 κατὰ
1569 2910 1661 2944 πα-

112 2965 315 3032 ρὲνθεσιν.
342 2971 409 3020 A.
433 2968 441 2975 ’

170 3047 261 3115 597
278 3087 293 3111 ,
326 3063 415 3116 29.
454 3045 811 3120 Παρέστησαν]
850 3043 977 3100 ’Am
1002 3048 1089 3098 τοῦ
1118 3043 1473 3116 ἐχειρώθησαν,
1504 3046 1663 3100 ἑάλω-

114 3141 205 3176 σαν.
242 3127 349 3179 AL.

171 3202 231 3253 ‘rb
264 3203 530 3274 ναυτικὸν]
562 3201 649 3255 Ἐν
676 3201 824 3273 Αἰγὸς
854 3203 1075 3276 Ποταμῷ
1096 3201 1375 3274 ἐπιθέμενος
1402 3203 1431 3256 ὁ
1476 3203 1662 3258 Λύσαν-

112 3277 205 3346 δρος
229 3281 397 3335 ἔλαὸεν
434 3279 587 3346 αὐτὸ,
625 3280 692 3342 ὡς
720 3279 815 3348 ἤδη
854 3279 1081 3352 ἔγνωμεν
1118 3283 1277 3334 πᾶσαν
1316 3277 1405 3346 τὴν
1444 3280 1661 3353 ἱστορίαν

114 3355 155 3408 ὲν
173 3364 233 3429 τῷ
256 3358 485 3432 Εὐαγόρᾳ
516 3357 837 3430 Ἰσοκράτους.
884 3360 1009 3413 Τότε
1031 3361 1127 3430 γάρ
1162 3359 1313 3424 ἐστιν,
1344 3361 1426 3414 ὅτε
1454 3361 1537 3412 καὶ
1558 3364 1664 3423 ταῖς

115 3433 231 3499 ἰδίαις
266 3439 409 3510 χερσὶ
438 3441 811 3509 κατηνάγκασεν
856 3439 887 3492 ό
928 3439 1201 3510 Λύσανδρος
1236 3439 1348 3501 τους
1394 3438 1667 3507 Ἀθηναίους

116 3518 391 3590 κατασκάψαι
416 3517 479 3571 τὰ
522 3515 625 3570 ἰδια
647 3519 788 3590 τείχη
802 3557 819 3584 ,
854 3518 1129 3582 καταλύσας
1156 3518 1313 3572 αὐτῶν
1342 3517 1431 3586 τὴν
1460 3521 1665 3592 δύναμιν

118 3589 160 3642 ἐν
180 3594 314 3666 Αἰγὸς
334 3597 577 3669 Ποταμιῖι.
654 3596 747 3650 Καὶ
776 3597 907 3650 οὕτω
935 3599 1079 3670 πέρας
1107 3597 1252 3668 ἔσχεν
1281 3597 1312 3651 ὁ
1347 3599 1661 3668 Πελοποννη·

116 3675 258 3736 mab<
288 3675 315 3727 ὁ
337 3676 421 3728 καὶ
444 3675 733 3738 Δεκελεικδς
757 3675 1028 3748 λεγόμενος
1050 3677 1267 3748 πόλεμος
1282 3717 1298 3743 ,
1328 3679 1412 3730 καὶ
1438 3679 1485 3731 οἱ
1512 3681 1665 3734 Δακε-

116 3748 333 3822 δαιμόνιοι
352 3757 659 3822 κατέστησαν
682 3761 779 3808 τῶν
807 3754 854 3808 λ’
881 3755 1176 3827 ὀλιγαρχίαν
1206 3756 1255 3810 ἐν
1288 3759 1397 3819 ταῖς
1432 3755 1663 3825 Ἀθήναις,

117 3827 155 3890 ἐξ
178 3831 322 3886 αὐτῶν
344 3841 442 3890 τῶν
475 3833 739 3902 Ἀθηναίων
760 3835 893 3898 τινὰς
913 3835 1183 3908 ὀλιγαρχίᾳ
1207 3837 1486 3908 χαίροντας.
1515 3841 1629 3892 AR.

176 3911 265 3980 598
282 3953 297 3976 ,
332 3931 382 3970 2.
414 3914 517 3968 Τ“ον
545 3914 864 3986 τελευταῖον]
896 3913 955 3968 ‘0
980 3917 1247 3987 γενόμενος
1270 3917 1381 3987 περὶ
1404 3916 1665 3988 Κέρκυραν,

117 3981 161 4038 οὗ
182 3991 257 4042 καὶ
283 3994 527 4064 μέμνηται
550 3993 779 4064 Ξενοφῶν
805 3993 855 4049 ἐν
884 3999 947 4068 τῇ
983 3993 1031 4058 ζ’
1057 3999 1079 4065 (
1098 4015 1147 4050 c.
1173 4001 1226 4060 6,
1257 3999 1328 4065 2)
1354 4001 1452 4049 τῶν
1487 3994 1671 4065 Ἑλλη-

119 4074 259 4124 νικῶν.
284 4074 390 4128 AR.

176 4149 265 4216 598
283 4189 297 4214 ‚
326 4155 381 4214 4.
419 4150 697 4223 Ὄρόὸους]
729 4151 939 4224 ’οροὸος
970 4149 1103 4216 εἶδος
1134 4153 1318 4223 κριθῆς.
1345 4153 1401 4206 Β.

178 4225 293 4282 Ἰστε
319 4229 527 4301 ὀρόὸους
554 4230 699 4294 ὄντας
718 4231 931 4304 ὠνίους]
970 4231 1059 4285 Ἐκ
1086 4233 1259 4286 τούτου
1277 4231 1434 4301 δηλοῖ·
1453 4229 1668 4301 ἐσχάτην

118 4301 325 4374 ἀπορίαν·
358 4311 537 4380 ὄροὸος
564 4309 661 4382 γὰρ
698 4310 831 4374 εἶδος
866 4314 1035 4383 κριθῆς
1074 4311 1301 4383 οὐδεμιᾶς
1335 4315 1479 4384 τιμῆς
1513 4311 1666 4376 ἄξιον,

117 4384 161 4436 ὃν
196 4387 295 4456 βόες
318 4389 537 4443 ἐσθίουσι
562 4390 646 4442 καὶ
669 4388 937 4461 ἐρέπτουσι.
972 4395 1034 4446 Ρ.

176 4468 266 4534 598
284 4508 299 4532 ,
325 4487 415 4525 2ο.
458 4468 639 4522 ’Λκούω
667 4471 711 4522 δ’
736 4470 919 4542 αὐτὸν]
957 4470 1071 4524 Ἐπὶ
1096 4468 1451 4542 μεταστατικὴν
1482 4467 1669 4523 ἀντίθε-

118 4559 180 4594 σιν
206 4549 373 4616 χωρεῖ.
450 4548 763 4612 Μετάστασις
784 4552 835 4604 δέ
867 4551 1021 4619 ἐστιν,
1052 4553 1170 4604 ὅταν
1210 4549 1573 4622 ἐγκαλούμενός
1602 4569 1672 4610 τις

120 4624 210 4690 περί
232 4644 357 4688 τινος
383 4624 700 4699 ἐγκλήματος
722 4627 953 4702 ὁμολογῇ
979 4629 1064 4702 μὲν
1090 4629 1147 4682 τὸ
1175 4629 1443 4700 ἁμάρτημα
1460 4632 1671 4699 γεγενῆ·

121 4699 239 4766 ⁶021,
276 4707 521 4778 μεταφέρῃ
574 4706 627 4759 δὲ
666 4706 785 4762 αὐτὸ
824 4709 891 4771 εἰς
935 4707 1115 4771 ἄλλον,
1161 4708 1430 4779 ἐλευθερῶν
1474 4707 1668 4774 ἑαυτὸν,

122 4779 263 4853 ὥσπερ
288 4785 371 4838 καὶ
402 4783 619 4839 ἐνταῦθα
638 4784 821 4858 εἰσάγει
847 4788 932 4842 τὸν
964 4787 1279 4860 Ἀνδροτίωνα
1300 4788 1567 4860 ἁμάρτημα
1584 4788 1671 4861 μὲν

121 4865 389 4929 γεγενῆσθαι
412 4865 473 4918 τὸ
502 4863 569 4935 μὴ
592 4870 793 4932 ποιῆσαι
821 4867 906 4929 τὰς
942 4869 1148 4939 τριήρεις
1175 4868 1549 4938 ὁμολογοῦντα,
1592 4887 1674 4939 με·

122 4941 365 5010 ἳπφέροντα
385 4943 440 4997 δὲ
460 4942 550 5010 τὴν
571 4943 730 4999 αἰτίαν
760 4943 834 5000 ἐπ’
858 4946 1015 5000 ἄλλον
1037 4946 1173 5012 τινὰ,
1200 4947 1363 5018 λέγων
1385 4943 1445 5011 δὴ
1476 4946 1561 5000 τὸν
1586 4965 1673 5000 τα-

124 5015 239 5082 μίαν,
266 5019 349 5074 τὸν
377 5023 545 5094 ὥσπερ
566 5021 837 5092 ἀποδέκτην
866 5029 961 5084 τῶν
986 5027 1257 5096 χρημάτων
1282 5030 1378 5078 τῶν
1408 5022 1671 5078 ἀναλισκο-

124 5095 259 5160 μένων
281 5102 385 5162 τοῖς
411 5103 825 5164 κατασκευάζουσι
847 5103 933 5166 τὰς
957 5105 1163 5176 τριήρεις
1178 5145 1197 5171 ,
1212 5105 1409 5176 φάσκων
1434 5103 1582 5158 αὐτὸν
1601 5105 1675 5156 δε-

127 5170 309 5243 ξάμενον
330 5178 393 5232 τὰ
414 5178 657 5250 χρήματα
674 5183 980 5254 πεφευγέναι.
1002 5186 1069 5238 Α.

186 5251 354 5312 'Ano-sm
367 5259 447 5332 δὲ]
468 5257 1069 5333 ’Δντίθεσιςδικαιολογικὴ
1089 5262 1444 5336 Ἀνδροτίωνος,
1460 5263 1671 5336 ὥςέχειν

1746 671 2092 743 μεταστατικὴ,
2110 672 2199 739 τὴν
2218 673 2378 727 αἰτίαν
2401 672 2498 727 ἀπὸ
2523 677 2609 740 τῆς
2625 673 2803 743 βουλῆς
2827 672 2906 727 ἐπὶ
2920 673 3010 726 τὸν
3029 673 3210 742 ταμίαν
3225 690 3314 743 με·

1746 754 1980 823 τάγουσα.
2020 751 2155 814 Τινὲς
2173 753 2217 806 δ’
2237 752 2469 824 ᾠήθησαν
2501 751 2554 806 ἐκ
2571 753 2710 805 δυοῖν
2733 754 2953 806 στάσεων
2974 765 3314 819 συνεστηκεναι

1744 827 1831 895 τὴν
1856 828 2119 898 ἀντίθεσιν,
2143 831 2482 900 μεταστάσεως
2507 831 2589 884 καὶ
2612 831 2927 902 συγγνώμης.
2963 829 3132 882 Ἐοικε
3155 827 3208 881 δὲ
3232 847 3318 900 με·

1742 905 2004 974 ταστατικὴ
2033 909 2296 978 τυγχάνειν
2323 907 2540 978 μᾶλλον.
2581 908 2676 960 Καὶ
2693 908 2790 979 γὰρ
2813 908 2897 960 καὶ
2920 905 2970 962 ἐν
2995 914 3066 979 τῷ
3084 906 3192 977 περὶ
3214 925 3318 960 στε-

1742 989 1893 1058 φάνου
1907 987 1968 1041 τὰ
1983 988 2092 1058 περὶ
2105 988 2402 1058 Χαιρώνειαν
2414 986 2662 1060 ἀναφέρων
2677 987 2759 1041 ἐπὶ
2777 985 2868 1054 τὴν
2879 989 3056 1058 τύχην,
3077 987 3192 1058 οὗχὶ
3205 1006 3321 1058 συγ·

1742 1071 2088 1137 γνωμονικῶς,
2115 1065 2249 1120 ἀλλὰ
2273 1073 2632 1137 μεταστατικῶς
2655 1067 2782 1122 ἔοικε
2805 1065 2868 1122 τὰ
2889 1069 3138 1122 λυποῦντα
3158 1067 3315 1121 λύειν.

1744 1141 1895 1200 αΌθεν
1919 1146 2294 1217 χαρακτηρίζειν
2316 1147 2375 1198 ἂν
2401 1145 2476 1214 εἴη
2500 1147 2696 1212 λοιπὸν,
2724 1149 2774 1200 τί
2787 1149 2874 1218 μέν
2900 1146 3001 1201 ἐστι
3019 1147 3316 1217 συγγνώμη,

1744 1225 1791 1280 τί
1814 1224 1869 1278 δὲ
1888 1227 2196 1296 μετάστασις.
2273 1224 2404 1278 Ὅσα
2429 1226 2516 1298 μὲν
2545 1220 2630 1280 οὖν
2661 1227 2800 1280 αὐτοὶ
2821 1229 3092 1298 φαινόμεθα
3118 1231 3289 1280 ποιοῦν
3307 1257 3318 1268 ·

1741 1322 1845 1368 τες,
1868 1303 2050 1367 εἰδότες
2070 1305 2158 1376 μὲν
2183 1305 2260 1358 ὅτι
2283 1305 2459 1370 ἄτοπα,
2488 1307 2622 1377 ὅμως
2643 1305 2696 1359 δὲ
2713 1311 2985 1371 ποιοῦντες,
3009 1307 3072 1358 δι’
3093 1305 3316 1375 ἀνάγκην

1744 1381 2059 1454 ἰσχυροτέραν
2087 1382 2396 1455 ἐπείγουσαν,
2427 1385 2460 1451 ἦ
2490 1385 2574 1438 καὶ
2599 1385 2724 1438 κατὰ
2752 1384 2958 1455 ἄγνοιαν
2987 1383 3154 1448 ἄλλως
3188 1385 3220 1452 ἢ
3247 1385 3314 1438 δι’

1745 1460 1990 1528 εὐήθειαν,
2033 1467 2188 1516 ταῦτα
2219 1464 2279 1516 ἂν
2319 1461 2398 1530 εἰη
2441 1466 2767 1534 συγγνώμης·
2815 1464 2908 1516 ὅσα
2950 1463 3004 1516 δὲ
3046 1465 3321 1535 φαινόμεθα

1744 1538 1867 1610 μήτε
1910 1539 2138 1610 λέγοντες
2179 1538 2302 1609 μήτε
2330 1541 2622 1610 πράττοντες
2661 1547 2732 1612 τῷ
2763 1541 3036 1594 κωλύεσθαι
3069 1540 3163 1596 ὖπό
3191 1560 3323 1603 τινος

1743 1617 2016 1686 κρείττονος
2032 1655 2048 1680 ,
2074 1616 2106 1681 ἢ
2131 1616 2214 1668 καὶ
2240 1616 2398 1668 ἄλλου
2425 1617 2555 1677 τινὸς
2595 1615 2758 1687 ἐτέρου
2783 1616 2940 1670 αἰτίου
2967 1615 3018 1670 ἐν
3050 1615 3094 1689 ᾧ
3136 1617 3198 1671 τὰ
3237 1622 3324 1685 τῆς

1745 1694 1957 1757 ἐξουσίας
1998 1695 2150 1760 ἐστὶν,
2195 1700 2350 1748 ταῦτα
2387 1697 2446 1748 ἂν
2475 1693 2552 1762 εἴη
2593 1699 2681 1762 τῆς
2723 1698 3079 1766 μεταστάσεως.
3155 1697 3232 1751 Tb
3268 1697 3324 1752 δέ

1742 1775 1876 1828 πένθ’
1912 1773 2224 1845 ἡμιτάλαντα
2251 1772 2363 1828 ἀντὶ
2401 1778 2488 1828 τοῦ
2525 1775 2668 1828 πέντε
2708 1775 2838 1844 παρὰ
2876 1774 3228 1846 ἡμιτάλαντον,
3258 1776 3326 1840 ὣς

1744 1849 1875 1905 εἶναι
1900 1855 2106 1923 τέτταρα
2124 1853 2208 1905 καὶ
2230 1852 2399 1924 ἥμισυ·
2427 1854 2509 1906 καὶ
2528 1857 2674 1908 τοῦτο
2703 1855 2984 1908 συνίσταται
3017 1853 3072 1908 ἐκ
3095 1860 3183 1908 τοῦ
3207 1874 3324 1909 στα-

1746 1931 1871 2002 θμοῦ
1900 1931 2013 2001 παρ’
2051 1926 2322 2002 Ἡροδότῳ.

1820 2011 1999 2065 Ἀκούω
2024 2013 2068 2064 δ’
2097 2011 2246 2064 αὐτὸν
2263 2015 2280 2082 ]
2319 2010 2445 2083 Πρὸς
2479 2010 2566 2082 μὲν
2597 2009 2659 2064 τὰ
2703 2013 3054 2083 προτεινόμενα
3083 2011 3212 2083 παρὰ
3237 2017 3323 2066 τοῦ

1744 2092 2082 2162 Δημοσθένους
2108 2090 2280 2144 οὐδένα
2305 2091 2460 2162 λόγον
2495 2089 2528 2157 ἥ
2555 2090 2795 2153 ἀντίθεσις
2831 2089 2939 2161 ἕχει
2956 2131 2972 2154 ,
3000 2091 3118 2162 ὑπὲρ
3148 2092 3201 2146 δὲ
3229 2097 3320 2146 τοῦ

1754 2169 2092 2241 Ἀνδροτίωνος
2123 2169 2298 2232 ἔξωθεν
2323 2177 2420 2224 τῶν
2449 2171 2810 2242 προειρημένων
2837 2171 3048 2224 πίστεων
3079 2171 3320 2238 εἰσῆκται,

1746 2252 2068 2320 σεσοφισμένη
2099 2251 2182 2304 καὶ
2221 2248 2342 2316 αὗτὴ
2374 2255 2472 2303 τῶν
2500 2251 2863 2320 προειρημένων
2901 2249 2995 2320 οὐχ
3015 2243 3190 2315 ἧττον·
3225 2251 3322 2321 ὅρα

1746 2329 1843 2400 γὰρ
1866 2331 1944 2382 ὅτι
1969 2331 2052 2382 καὶ
2073 2329 2323 2400 ὁμολογεῖ·
2354 2330 2416 2382 δι’
2441 2328 2589 2395 αὐτῆς
2618 2326 2896 2398 Ἀνδροτίων
2921 2329 2979 2382 τὸ
3021 2329 3123 2382 δεῖν
3155 2330 3324 2401 γίγνε-

1748 2408 1861 2460 σθαι
1881 2407 1968 2470 τὰς
1995 2412 2136 2472 ναῦς,
2163 2408 2246 2461 καὶ
2273 2409 2329 2462 τὸ
2355 2408 2580 2478 συμφορᾷ
2607 2407 2876 2477 κεχρῆσθαι
2903 2405 2992 2474 τὴν
3031 2405 3214 2478 βουλὴν
3243 2427 3326 2463 πε-

1748 2493 2036 2557 ριπεσοῦσαν
2062 2487 2338 2553 ἀὸουλήτου
2366 2487 2538 2558 ἀνδρὸς
2565 2488 2790 2558 πονηρίᾳ.
2827 2488 3028 2541 FLYP.

1822 2569 1958 2637 598,
2003 2570 2090 2622 23.
2131 2566 2360 2640 Ἀποδρᾶς
2398 2568 2602 2640 ᾤχετο]
2633 2565 2726 2620 Ἐκ
2763 2566 3088 2638 παραλλήλου
3126 2567 3184 2622 τὸ
3205 2567 3326 2621 αὐτὸ

1750 2646 1996 2716 σημαίνει.
2070 2645 2139 2699 Tb
2165 2645 2218 2699 δὲ
2243 2645 2422 2716 ἰδίωμα
2452 2644 2683 2698 Ἀττικόν.
2709 2649 2778 2699 Α.
3335 2677 3348 2690 .

1824 2726 1955 2794 598,
1983 2731 2072 2788 24.
2103 2725 2196 2776 Καὶ
2217 2724 2274 2778 th
2301 2727 2504 2796 πρᾶγμα
2529 2723 2799 2796 ἀτύχημα]
2833 2724 2989 2778 Πάλιν
3011 2729 3156 2778 τοῦτο
3177 2724 3206 2777 ὁ
3233 2725 3322 2796 ῥή-

1750 2819 1849 2871 τωρ
1877 2806 1939 2874 τῇ
1968 2801 2204 2856 ἀντιθέσει
2238 2803 2554 2874 προσέθηκεν,
2582 2803 2670 2855 ἵνα
2697 2802 2744 2864 ἐξ
2777 2802 2926 2856 αὐτοῦ
2953 2802 3042 2870 τὴν
3077 2804 3216 2856 λύσιν
3246 2803 3325 2874 ἐρ-

1753 2884 1966 2952 γάσηται
2009 2883 2171 2954 λέγων
2193 2903 2203 2914 ·
2251 2881 2500 2954 ἠγνόησας
2539 2879 2626 2936 οὖν
2665 2883 2742 2936 ὅτι
2775 2888 3020 2954 συμφορᾶς
3062 2883 3149 2937 οὗκ
3181 2883 3326 2949 εἰσὶν,

1753 2961 1885 3012 ἀλλὰ
1935 2963 2328 3032 κατορθωμάτων
2371 2962 2420 3014 οἱ
2467 2963 2713 3033 στέφανοι.
2759 2965 3004 3020 FLYTP.
3090 2962 3150 3016 Ἥ
3191 2964 3326 3028 λύσις

1753 3039 1895 3106 ἠθικὴ
1929 3041 2016 3112 μὲν
2041 3042 2108 3104 ὡς
2135 3040 2185 3095 ἐν
2209 3041 2483 3114 χλευασμῷ
2501 3082 2517 3108 ,
2547 3043 2686 3098 οὐδὲν
2711 3043 2764 3096 δὲ
2786 3037 2935 3110 ἧττον
2962 3045 3321 3115 μεταληπτική.

1827 3198 1960 3266 598,
1992 3215 2080 3268 29.
2123 3197 2194 3252 Οὔ
2225 3219 2350 3270 φημι
2377 3200 2564 3252 δίκαιον
2611 3197 2774 3271 εἶναι]
2823 3201 3054 3272 Πειρέται
3080 3201 3326 3256 δεικνύναι

1753 3276 1838 3329 τὸν
1869 3275 2114 3330 ἀντίδικον
2142 3276 2354 3348 λέγοντα
2381 3277 2512 3350 αὐτῷ
2547 3277 2798 3332 τάναντία.
2873 3279 3126 3351 Συγκρίνει
3159 3279 3212 3333 δὲ
3237 3279 3328 3346 τήν

1756 3375 1807 3408 τε
1832 3355 1885 3408 ἐκ
1913 3361 2000 3409 τοῦ
2029 3357 2240 3428 νομίμου
2275 3358 2428 3411 πάλαι
2461 3357 2695 3428 ῥηθεῖσαν
2740 3358 2982 3413 ἀντίθεσιν
3011 3361 3095 3413 καὶ
3122 3360 3326 3428 ταύτην.

1763 3432 1849 3486 Ἐν
1878 3435 1966 3505 μὲν
1993 3434 2090 3508 γὰρ
2127 3435 2288 3509 ἐκείνῃ
2315 3438 2596 3508 προείρηται
2624 3437 2750 3490 κατὰ
2785 3439 2940 3508 νόμον
2971 3439 3330 3510 ἐστεφανῶσθαι

1756 3511 1844 3578 τὴν
1876 3513 2080 3584 βουλὴν,
2113 3514 2162 3568 ἐν
2192 3517 2343 3588 ταύτῃ
2374 3515 2459 3580 δέ,
2491 3516 2569 3568 ὅτι
2604 3515 2859 3586 προείλετο
2889 3517 2976 3588 μὲν
3003 3521 3204 3584 ποιῆσαι
3238 3517 3329 3580 τὰς.

1757 3597 1889 3658 ναῦς,
1915 3593 2136 3662 ἐκωλύθη
2163 3593 2214 3647 δὲ
2239 3593 2532 3665 ἀποδράντος
2549 3599 2635 3646 τοῦ
2657 3601 2753 3648 τῶν
2778 3602 3097 3667 τριηροποιῶν
3126 3597 3320 3667 ταμίου.

1756 3672 1975 3734 Εἰκότως
2005 3667 2091 3726 οὖν
2117 3672 2202 3735 τὰς
2245 3673 2545 3735 ἐναντιώσεις
2573 3673 2848 3744 ἐθήρευσεν.
2927 3674 3073 3730 ’Ἐστι
3110 3675 3162 3728 δὲ
3189 3675 3330 3729 οὐδὲν

1756 3745 1903 3817 ἦττον
1929 3751 2012 3804 καὶ
2039 3755 2182 3804 τοῦτο
2211 3752 2440 3824 σόφισμα.
2483 3752 2542 3804 Τί
2576 3751 2673 3822 γὰρ
2696 3752 2871 3806 κωλύει
2894 3753 2980 3806 τὸν
3015 3752 3334 3824 Ἀνδροτίωνα

1762 3831 1878 3886 ποτὲ
1906 3831 1992 3902 μὲν
2023 3831 2253 3884 δεικνύειν
2279 3833 2356 3884 ὅτι
2379 3831 2503 3884 κατὰ
2530 3831 2614 3885 τὸν
2641 3833 2796 3903 νόμον
2825 3831 3024 3904 εἴληφεν
3057 3832 3128 3904 ἐφ’
3159 3833 3336 3904 ἑτέροις

1757 3909 1845 3977 τὴν
1870 3910 2074 3980 δωρεὰν,
2102 3911 2185 3964 καὶ
2209 3910 2357 3964 πάλιν
2379 3911 2490 3982 περὶ
2511 3917 2609 3966 τῶν
2639 3911 2850 3984 τριήρων
2877 3911 3026 3981 οὔσης
3049 3917 3136 3980 τῆς
3167 3915 3335 3985 μάχης

1761 3992 2044 4062 μεθιστάναι
2067 3988 2156 4057 τὴν
2182 3990 2344 4044 αἰτίαν
2370 3991 2448 4046 ἐπὶ
2474 3992 2558 4046 τὸν
2585 3991 2794 4062 ταμίαν;

1832 4071 1958 4140 599,
2003 4058 2078 4126 6?
2105 4070 2262 4142 Χωρὶς
2289 4071 2342 4124 δὲ
2370 4071 2592 4142 τούτων]
2623 4072 2697 4143 Τῇ
2735 4071 2928 4126 ἐκὸάσει
2969 4069 3106 4141 λέγει
3147 4071 3294 4125 πάλιν
3314 4111 3334 4138 ,

1761 4151 1845 4200 καὶ
1871 4147 2104 4203 ἀνοικτέον
2136 4148 2225 4216 τὴν
2253 4149 2449 4203 ἔκὸασιν
2475 4149 2541 4212 εἰς
2565 4151 2623 4204 τὸ
2647 4152 2908 4222 συμφέρον.
2936 4152 3194 4204 FLRSTY
3204 4152 3261 4205 P.

1836 4227 1962 4297 599,
1997 4233 2078 4292 14.
2111 4229 2298 4300 Πικρῶς
2325 4230 2409 4282 καὶ
2439 4229 2639 4302 ἁπλῶς]
2667 4230 2858 4300 Πικρῶς
2894 4227 2943 4282 ἐν
2973 4235 3044 4302 tii)
3071 4228 3332 4294 κολάζειν,

1766 4305 1931 4368 ἅπλῶς
1957 4307 2009 4360 δὲ
2037 4305 2090 4361 ἐν
2113 4315 2184 4380 τῷ
2211 4309 2362 4379 χωρὶς
2383 4310 2673 4380 κακουργίας
2691 4308 2903 4363 ἀκούειν.

1833 4386 2024 4458 Πικρῶς
2047 4387 2132 4458 μὲν
2167 4386 2278 4440 ἀντὶ
2310 4393 2398 4442 τοῦ
2421 4389 2616 4451 δικαίως
2635 4429 2650 4456 ,
2677 4388 2844 4450 ἁπλῶς
2867 4387 2922 4442 δὲ
2967 4386 3078 4440 ἀντὶ
3097 4390 3186 4439 τοῦ
3209 4386 3336 4441 ἀπα·

1762 4468 2081 4538 νουργεύτως.
2105 4475 2172 4522 A.

1836 4549 1960 4617 599,
2015 4565 2098 4618 19.
2151 4546 2266 4601 Ὅτι
2302 4549 2500 4620 τοίνυν]
2552 4549 2770 4620 Τετάρτῃ
2816 4547 3050 4617 κέχρηται
3089 4544 3226 4598 λύσει
3267 4547 3336 4618 τῇ

1763 4630 2060 4700 περιτροπῇ,
2089 4627 2228 4682 οὐδὲν
2278 4621 2428 4694 ἧττον
2481 4629 2564 4682 καὶ
2611 4628 2734 4700 αὐτῇ
2775 4628 3124 4697 μεταστατικῇ.
3165 4627 3340 4680 FLRS

1835 4787 1958 4856 599,
2001 4801 2090 4838 22.
2123 4785 2192 4838 Τ“ο
2219 4785 2272 4839 δὲ
2320 4807 2341 4836 α
2367 4785 2610 4840 ἀνελοῦσα
2645 4783 2742 4856 γὰρ
2780 4781 2810 4850 ἥ
2847 4780 3000 4853 βουλὴ
3051 4783 3136 4836 τὸν
3183 4785 3341 4854 νόμον

1761 4869 1934 4919 τοῦτον
1966 4887 1988 4915 ε
2020 4863 2150 4918 οὕτω
2184 4866 2518 4918 συντάσσεται.
2593 4863 2659 4918 Εἰ
2687 4864 2772 4935 μὲν
2805 4862 2872 4925 εἰς
2893 4864 2950 4916 τὸ
2978 4867 3151 4917 τοῦτον
3186 4863 3340 4926 στίξο·

1768 4961 1855 5014 μεν
1875 4983 1891 5008 ,
1923 4943 2061 4996 ἔσται
2089 4943 2117 4996 ὁ
2146 4947 2256 5005 νοῦς
2280 4947 2496 5004 τοιοῦτος
2513 4982 2528 5006 ,
2563 4942 2810 5012 ὓπερὸἄσα
2831 4941 2928 5013 γὰρ
2968 4941 2998 5009 ἡ
3029 4941 3184 5013 βουλὴ
3223 4947 3342 4996 τοῦ-

1764 5041 1849 5076 τον
1874 5023 1961 5076 τὸν
1987 5025 2140 5094 νόμον
2155 5062 2170 5088 ,
2197 5022 2283 5077 τὸν
2303 5021 2392 5076 ούκ
2414 5021 2568 5076 ἐῶντα
2591 5062 2607 5086 ,
2635 5021 2677 5076 εἰ
2699 5020 2766 5092 μὴ
2792 5023 3014 5091 γένοιντο
3038 5022 3090 5074 αἱ
3110 5022 3336 5094 τριήρεις,

1763 5105 2034 5176 τιμᾶσθαι,
2079 5101 2448 5174 ἐχειροτόνησεν
2494 5099 2645 5168 αὑτὴν
2664 5141 2681 5166 ,
2735 5099 2845 5154 ἀντὶ
2883 5105 2972 5155 τοῦ
3007 5101 3342 5173 ἐστεφάνωσεν

1765 5184 1962 5250 ἑαυτήν.
2047 5181 2166 5234 Ἐὰν
2193 5181 2248 5235 δὲ
2277 5181 2511 5252 στίξωμεν
2547 5181 2664 5252 ἄχρι
2685 5185 2772 5234 τοῦ
2799 5180 2884 5234 τὸν
2903 5182 3058 5254 νόμον
3074 5223 3090 5246 ,
3115 5184 3340 5236 τοιοῦτόν

1768 5264 1869 5320 ἐστι
1884 5304 1901 5331 ,
1923 5263 2331 5334 καταφρονήσασα
2349 5261 2382 5330 ἡ
2399 5260 2551 5333 βουλὴ
2577 5266 2664 5316 τοῦ
2684 5263 2837 5334 νόμου
2857 5263 3142 5326 κελεύοντος
3161 5263 3344 5336 γνώμη
